{"host":"uexz8m6e0pxi7xat","time":1613378558,"event":{"mods":["BaseMod","Bestiary","Minty Spire (QoL Compilation)","Relic Stats","ojb\u0027s Info Mod"],"gold_per_floor":[110,110,122,138,151,151,170,170,170,184,216,234,266,286,286,359,359,376,376,651,667,279,279,312,323,323,358,369,382,382,10,10,85,85,103,118,129,154,172,198,30,55,105,105,28,58,58,68,68,68,68,68,68,3,30,30],"floor_reached":57,"language":"ENG","playtime":8640,"items_purged":["Regret"],"score":2942,"play_id":"dba6dd44-b518-4800-b5b6-e8b16b307b89","local_time":"20210215214238","is_ascension_mode":true,"campfire_choices":[{"data":"Static Discharge","floor":6,"key":"SMITH"},{"data":"Beam Cell","floor":8,"key":"SMITH"},{"data":"Consume","floor":15,"key":"SMITH"},{"data":"Electrodynamics","floor":23,"key":"SMITH"},{"data":"Capacitor","floor":30,"key":"SMITH"},{"data":"Recycle","floor":32,"key":"SMITH"},{"floor":47,"key":"RECALL"},{"data":"Capacitor","floor":49,"key":"SMITH"},{"data":"Coolheaded","floor":53,"key":"SMITH"}],"circlet_count":0,"master_deck":["AscendersBane","Strike_B+1","Strike_B+1","Strike_B+1","Defend_B+1","Defend_B+1","Defend_B+1","Defend_B+1","Zap","Dualcast","Genetic Algorithm","Beam Cell+1","Go for the Eyes","Static Discharge+1","Ball Lightning","Genetic Algorithm","Consume+1","Hologram","Electrodynamics+1","Capacitor+1","Coolheaded+1","Cold Snap","Biased Cognition","Compile Driver+1","Recycle+1","White Noise+1","Biased Cognition","Biased Cognition","Coolheaded","Rainbow","Biased Cognition","Capacitor+1","Cold Snap"],"relics":["Cracked Core","Mummified Hand","Sundial","Pear","Runic Pyramid","OrangePellets","MealTicket","Bottled Tornado","CaptainsWheel","Orrery","Nuclear Battery","Thread and Needle","Potion Belt","DollysMirror","Bag of Preparation","The Courier","Mercury Hourglass"],"acts_visited":["Exordium","TheCity","TheBeyond","TheEnding"],"potions_floor_usage":[11,24,27,28,56,56],"damage_taken":[{"damage":4,"enemies":"Jaw Worm","floor":1,"turns":4},{"damage":1,"enemies":"Small Slimes","floor":3,"turns":3},{"damage":0,"enemies":"Cultist","floor":4,"turns":3},{"damage":6,"enemies":"Looter","floor":5,"turns":3},{"damage":5,"enemies":"3 Louse","floor":7,"turns":4},{"damage":10,"enemies":"Exordium Wildlife","floor":10,"turns":3},{"damage":22,"enemies":"3 Sentries","floor":11,"turns":6},{"damage":11,"enemies":"Exordium Thugs","floor":12,"turns":5},{"damage":22,"enemies":"Lagavulin","floor":13,"turns":6},{"damage":5,"enemies":"3 Louse","floor":14,"turns":4},{"damage":22,"enemies":"Hexaghost","floor":16,"turns":7},{"damage":7,"enemies":"Spheric Guardian","floor":18,"turns":4},{"damage":4,"enemies":"3 Byrds","floor":21,"turns":2},{"damage":4,"enemies":"Slavers","floor":24,"turns":2},{"damage":24,"enemies":"Snake Plant","floor":25,"turns":5},{"damage":14,"enemies":"Book of Stabbing","floor":27,"turns":4},{"damage":12,"enemies":"Centurion and Healer","floor":28,"turns":6},{"damage":0,"enemies":"Chosen and Byrds","floor":29,"turns":7},{"damage":5,"enemies":"Collector","floor":33,"turns":7},{"damage":0,"enemies":"Orb Walker","floor":35,"turns":4},{"damage":1,"enemies":"3 Shapes","floor":36,"turns":2},{"damage":0,"enemies":"Sphere and 2 Shapes","floor":37,"turns":5},{"damage":0,"enemies":"Mind Bloom Boss Battle","floor":38,"turns":7},{"damage":0,"enemies":"4 Shapes","floor":39,"turns":4},{"damage":1,"enemies":"Nemesis","floor":40,"turns":9},{"damage":0,"enemies":"Giant Head","floor":42,"turns":8},{"damage":1,"enemies":"Reptomancer","floor":46,"turns":4},{"damage":0,"enemies":"Jaw Worm Horde","floor":48,"turns":4},{"damage":0,"enemies":"Time Eater","floor":50,"turns":12},{"damage":33,"enemies":"Awakened One","floor":51,"turns":13},{"damage":4,"enemies":"Shield and Spear","floor":55,"turns":5},{"damage":27,"enemies":"The Heart","floor":56,"turns":9}],"seed_played":"-7401028828447531666","potions_obtained":[{"floor":3,"key":"Swift Potion"},{"floor":7,"key":"FairyPotion"},{"floor":10,"key":"EssenceOfSteel"},{"floor":12,"key":"EssenceOfSteel"},{"floor":13,"key":"FearPotion"},{"floor":18,"key":"DistilledChaos"},{"floor":24,"key":"PowerPotion"},{"floor":25,"key":"Fire Potion"},{"floor":36,"key":"BlessingOfTheForge"},{"floor":42,"key":"Energy Potion"},{"floor":46,"key":"BlessingOfTheForge"}],"is_trial":false,"path_per_floor":["M","?","M","M","M","R","M","R","T","M","E","M","E","M","R","B",null,"M","?","?","M","$","R","E","M","T","E","M","M","R","$","R","B",null,"M","M","M","?","M","E","$","E","T","?","$","E","R","M","R","B","B",null,"R","$","E","B",null],"character_chosen":"DEFECT","items_purchased":["OrangePellets","Capacitor","Coolheaded","Biased Cognition","Orrery","Weak Potion","DollysMirror","Capacitor","PotionOfCapacity"],"campfire_rested":0,"item_purchase_floors":[22,22,22,31,31,31,41,45,54],"current_hp_per_floor":[67,60,59,59,53,53,48,48,48,38,16,5,33,28,28,6,68,61,61,61,57,57,57,53,29,29,15,3,3,3,18,18,13,69,69,68,68,68,68,67,82,82,82,82,88,87,87,87,87,87,54,80,80,88,84,57],"gold":30,"neow_bonus":"TEN_PERCENT_HP_BONUS","is_daily":false,"chose_seed":false,"campfire_upgraded":8,"win_rate":0.0,"timestamp":1613378558,"path_taken":["M","?","M","M","M","R","M","R","T","M","E","M","E","M","R","BOSS","M","?","?","M","$","R","E","M","T","E","M","?","R","$","R","BOSS","M","M","M","?","M","E","$","E","T","?","?","E","R","M","R","BOSS","BOSS","R","$","E","BOSS"],"items_purchased_type":["Relic","Card","Card","Card","Relic","Potion","Relic","Card","Potion"],"build_version":"2020-12-22","purchased_purges":1,"victory":true,"max_hp_per_floor":[78,78,78,78,78,78,78,78,78,78,78,78,88,88,88,88,88,88,88,88,88,88,88,88,88,88,88,88,88,88,88,88,88,88,88,88,88,88,88,88,88,88,88,88,88,88,88,88,88,88,88,88,88,88,88,88],"relic_stats":{"OrangePellets":[49],"counters":[32,171],"Mummified Hand":[136],"Sundial":[12],"MealTicket":44,"Bag of Preparation":[12],"obtain_stats":[{"Potion Belt":40,"Pear":13,"Thread and Needle":38,"The Courier":46,"Bag of Preparation":42,"Bottled Tornado":26,"Nuclear Battery":34,"Mercury Hourglass":55,"OrangePellets":22,"CaptainsWheel":27,"Mummified Hand":9,"Sundial":11,"DollysMirror":41,"Orrery":31,"MealTicket":24,"Cracked Core":0,"Runic Pyramid":17},{"Potion Belt":25,"Pear":9,"Thread and Needle":23,"The Courier":27,"Bag of Preparation":26,"Bottled Tornado":15,"Nuclear Battery":19,"Mercury Hourglass":31,"OrangePellets":13,"CaptainsWheel":16,"Mummified Hand":5,"Sundial":7,"DollysMirror":25,"Orrery":18,"MealTicket":14,"Cracked Core":0,"Runic Pyramid":11},{"Potion Belt":116,"Pear":37,"Thread and Needle":103,"The Courier":128,"Bag of Preparation":124,"Bottled Tornado":61,"Nuclear Battery":85,"Mercury Hourglass":162,"OrangePellets":54,"CaptainsWheel":65,"Mummified Hand":17,"Sundial":26,"DollysMirror":116,"Orrery":78,"MealTicket":56,"Cracked Core":0,"Runic Pyramid":48}],"Mercury Hourglass":[27]},"card_choices":[{"not_picked":["Conserve Battery","Force Field"],"picked":"Genetic Algorithm","floor":1},{"not_picked":["Turbo","Auto Shields"],"picked":"Beam Cell","floor":3},{"not_picked":["Stack","Hologram"],"picked":"Go for the Eyes","floor":4},{"not_picked":["Thunder Strike","Beam Cell"],"picked":"Static Discharge","floor":5},{"not_picked":["Compile Driver","Turbo"],"picked":"Ball Lightning","floor":7},{"not_picked":["Streamline","Rip and Tear"],"picked":"Genetic Algorithm","floor":10},{"not_picked":["Steam","Aggregate"],"picked":"Undo","floor":11},{"not_picked":["Coolheaded","Redo"],"picked":"Consume","floor":12},{"not_picked":["Beam Cell","Consume","Steam"],"picked":"SKIP","floor":13},{"not_picked":["Compile Driver","Redo"],"picked":"Hologram","floor":14},{"not_picked":["Multi-Cast","Meteor Strike"],"picked":"Electrodynamics","floor":16},{"not_picked":["Beam Cell","Hologram","Gash"],"picked":"SKIP","floor":18},{"not_picked":["Rebound","Hello World","Leap"],"picked":"SKIP","floor":21},{"not_picked":["Steam","Chaos+1","Blizzard"],"picked":"SKIP","floor":24},{"not_picked":["Steam","Chaos+1","Blizzard"],"picked":"SKIP","floor":24},{"not_picked":["Conserve Battery","Rebound"],"picked":"Cold Snap","floor":25},{"not_picked":["Auto Shields+1","Gash","Rebound"],"picked":"SKIP","floor":27},{"not_picked":["Doom and Gloom","Sweeping Beam","Stack"],"picked":"SKIP","floor":28},{"not_picked":["Ball Lightning","Barrage","Leap+1"],"picked":"SKIP","floor":29},{"not_picked":["Conserve Battery","Streamline"],"picked":"Compile Driver+1","floor":31},{"not_picked":["Stack","Leap"],"picked":"Recycle","floor":31},{"not_picked":["Skim+1","Buffer"],"picked":"White Noise+1","floor":31},{"not_picked":["Fission","Creative AI"],"picked":"Biased Cognition","floor":33},{"not_picked":["Double Energy","Stack","Go for the Eyes"],"picked":"SKIP","floor":35},{"not_picked":["Barrage","Stack"],"picked":"Biased Cognition","floor":36},{"not_picked":["Barrage+1","Steam"],"picked":"Coolheaded","floor":37},{"not_picked":["Streamline","Leap+1","Doom and Gloom"],"picked":"SKIP","floor":39},{"not_picked":["Sweeping Beam","Reinforced Body"],"picked":"Rainbow","floor":40},{"not_picked":["Streamline","Stack","Hologram"],"picked":"SKIP","floor":42},{"not_picked":["Redo","Steam","All For One"],"picked":"SKIP","floor":46},{"not_picked":["Redo+1","Conserve Battery","Steam"],"picked":"SKIP","floor":48},{"not_picked":["Barrage","Defragment"],"picked":"Cold Snap","floor":55}],"player_experience":1035168,"relics_obtained":[{"floor":9,"key":"Mummified Hand"},{"floor":11,"key":"Sundial"},{"floor":13,"key":"Pear"},{"floor":24,"key":"MealTicket"},{"floor":26,"key":"Bottled Tornado"},{"floor":27,"key":"CaptainsWheel"},{"floor":38,"key":"Thread and Needle"},{"floor":40,"key":"Potion Belt"},{"floor":42,"key":"Bag of Preparation"},{"floor":46,"key":"The Courier"},{"floor":55,"key":"Mercury Hourglass"}],"event_choices":[{"cards_removed":["Strike_B"],"damage_healed":0,"gold_gain":0,"player_choice":"Card Removal","damage_taken":7,"max_hp_gain":0,"max_hp_loss":0,"event_name":"Golden Wing","floor":2,"gold_loss":0},{"damage_healed":0,"gold_gain":0,"player_choice":"Simplicity","damage_taken":0,"max_hp_gain":0,"max_hp_loss":0,"event_name":"Back to Basics","floor":19,"gold_loss":0,"cards_upgraded":["Strike_B","Strike_B","Strike_B","Defend_B","Defend_B","Defend_B","Defend_B"]},{"damage_healed":0,"gold_gain":275,"player_choice":"Desecrate","damage_taken":0,"max_hp_gain":0,"max_hp_loss":0,"event_name":"Golden Shrine","floor":20,"gold_loss":0,"cards_obtained":["Regret"]},{"damage_healed":0,"gold_gain":0,"player_choice":"Fight","damage_taken":0,"max_hp_gain":0,"max_hp_loss":0,"event_name":"MindBloom","floor":38,"gold_loss":0},{"cards_removed":["Undo"],"damage_healed":0,"gold_gain":0,"player_choice":"Removed Skill","damage_taken":0,"max_hp_gain":0,"max_hp_loss":0,"event_name":"Falling","floor":44,"gold_loss":0}],"is_beta":false,"boss_relics":[{"not_picked":["Calling Bell","Sozu"],"picked":"Runic Pyramid"},{"not_picked":["Runic Dome","Astrolabe"],"picked":"Nuclear Battery"}],"items_purged_floors":[22],"is_endless":false,"potions_floor_spawned":[3,7,10,12,13,16,18,24,25,36,38,42,46],"ascension_level":20}}