{"host":"or8fr2mp0k3eluj8","time":1613365761,"event":{"mods":["AchievementEnabler","BaseMod","Colored Map","DeckTracker","Minty Spire (QoL Compilation)","SuperFastMode"],"gold_per_floor":[117,39,214,47,47,72,72,87,87,130,151,151,179,198,198,326,326,347,347,347,365,390,390,390],"floor_reached":23,"language":"KOR","playtime":626,"items_purged":["Doubt"],"score":224,"play_id":"96fe75f5-553b-480a-8843-e1af32c7c224","local_time":"20210215140921","is_ascension_mode":false,"campfire_choices":[{"floor":12.0,"key":"REST"},{"floor":15.0,"key":"REST"}],"circlet_count":0,"master_deck":["Strike_P","Strike_P","Strike_P","Strike_P","Defend_P","Defend_P","Defend_P","Defend_P","Eruption+1","Vigilance","Adaptation+1","Purity","FearNoEvil","MentalFortress","TalkToTheHand"],"relics":["PureWater","NeowsBlessing","Potion Belt","Golden Idol","The Courier","CaptainsWheel","Odd Mushroom","Philosopher\u0027s Stone"],"acts_visited":["Exordium","TheCity"],"potions_floor_usage":[],"damage_taken":[{"damage":0.0,"enemies":"Cultist","floor":1.0,"turns":1.0},{"damage":0.0,"enemies":"3 Sentries","floor":6.0,"turns":2.0},{"damage":0.0,"enemies":"Small Slimes","floor":8.0,"turns":1.0},{"damage":36.0,"enemies":"Lagavulin","floor":10.0,"turns":8.0},{"damage":0.0,"enemies":"2 Louse","floor":11.0,"turns":1.0},{"damage":5.0,"enemies":"The Mushroom Lair","floor":13.0,"turns":2.0},{"damage":7.0,"enemies":"Large Slime","floor":14.0,"turns":3.0},{"damage":29.0,"enemies":"Slime Boss","floor":16.0,"turns":9.0},{"damage":11.0,"enemies":"Chosen","floor":18.0,"turns":4.0},{"damage":12.0,"enemies":"Shell Parasite","floor":21.0,"turns":6.0},{"damage":0.0,"enemies":"Cultist and Chosen","floor":22.0,"turns":8.0},{"damage":68,"enemies":"Book of Stabbing","floor":23,"turns":6}],"seed_played":"424583427803203650","potions_obtained":[{"floor":8.0,"key":"Dexterity Potion"},{"floor":10.0,"key":"EntropicBrew"},{"floor":14.0,"key":"EssenceOfSteel"},{"floor":18.0,"key":"Fruit Juice"}],"is_trial":false,"path_per_floor":["M","$","?","$","?","E","?","M","T","E","M","R","?","M","R","B",null,"M","?","?","M","M","E"],"character_chosen":"WATCHER","items_purchased":["Adaptation","Purity"],"campfire_rested":2,"item_purchase_floors":[2,4],"current_hp_per_floor":[72,72,72,72,72,72,54,54,54,18,18,39,34,27,48,19,72,66,50,50,38,38,0,0],"gold":390,"neow_bonus":"THREE_ENEMY_KILL","is_daily":false,"chose_seed":false,"campfire_upgraded":0,"win_rate":0.0,"timestamp":1613365761,"path_taken":["M","?","?","$","?","E","?","M","T","E","M","R","?","M","R","BOSS","M","?","?","?","M","E"],"items_purchased_type":["Card","Card"],"build_version":"2020-12-22","purchased_purges":1,"victory":false,"max_hp_per_floor":[72,72,72,72,72,72,72,72,72,72,72,72,72,72,72,72,72,77,77,77,77,77,77,77],"card_choices":[{"not_picked":["Protect","Perseverance","Consecrate"],"picked":"SKIP","floor":1.0},{"not_picked":["ThirdEye","SashWhip","EmptyFist"],"picked":"SKIP","floor":6.0},{"not_picked":["PathToVictory","Nirvana"],"picked":"FearNoEvil","floor":8.0},{"not_picked":["Indignation","SpiritShield","Sanctity"],"picked":"SKIP","floor":10.0},{"not_picked":["Wallop","FlurryOfBlows"],"picked":"MentalFortress","floor":11.0},{"not_picked":["EmptyFist","Evaluate","Crescendo"],"picked":"SKIP","floor":14.0},{"not_picked":["SignatureMove","Halt"],"picked":"TalkToTheHand","floor":18.0},{"not_picked":["Protect+1","Perseverance","BattleHymn+1"],"picked":"SKIP","floor":21.0},{"not_picked":["Protect","FlyingSleeves","EmptyBody+1"],"picked":"SKIP","floor":22.0}],"player_experience":314009,"relics_obtained":[{"floor":6.0,"key":"Potion Belt"},{"floor":9.0,"key":"The Courier"},{"floor":10.0,"key":"CaptainsWheel"},{"floor":13.0,"key":"Odd Mushroom"}],"event_choices":[{"damage_healed":0.0,"max_hp_gain":0.0,"max_hp_loss":0.0,"gold_gain":175.0,"event_name":"Liars Game","player_choice":"AGREE","floor":3.0,"gold_loss":0.0,"damage_taken":0.0,"cards_obtained":["Doubt"]},{"damage_healed":0.0,"max_hp_gain":0.0,"max_hp_loss":0.0,"gold_gain":0.0,"event_name":"Living Wall","player_choice":"Grow","floor":5.0,"gold_loss":0.0,"damage_taken":0.0,"cards_upgraded":["Eruption"]},{"damage_healed":0.0,"max_hp_gain":0.0,"max_hp_loss":0.0,"gold_gain":0.0,"event_name":"Golden Idol","player_choice":"Take Damage","floor":7.0,"gold_loss":0.0,"damage_taken":18.0,"relics_obtained":["Golden Idol"]},{"damage_healed":0.0,"max_hp_gain":0.0,"max_hp_loss":0.0,"gold_gain":0.0,"event_name":"Mushrooms","player_choice":"Fought Mushrooms","floor":13.0,"gold_loss":0.0,"damage_taken":0.0},{"damage_healed":0.0,"max_hp_gain":0.0,"max_hp_loss":0.0,"gold_gain":0.0,"event_name":"Cursed Tome","player_choice":"Obtained Book","floor":19.0,"gold_loss":0.0,"damage_taken":16.0},{"damage_healed":0.0,"max_hp_gain":0.0,"max_hp_loss":0.0,"gold_gain":0.0,"event_name":"Upgrade Shrine","player_choice":"Upgraded","floor":20.0,"gold_loss":0.0,"damage_taken":0.0,"cards_upgraded":["Adaptation"]}],"is_beta":false,"boss_relics":[{"not_picked":["Coffee Dripper","Calling Bell"],"picked":"Philosopher\u0027s Stone"}],"items_purged_floors":[4],"is_endless":false,"potions_floor_spawned":[8,10,11,14,18],"killed_by":"Book of Stabbing","ascension_level":0}}