{"host":"a5lz0e76zb3fcwkm","time":1613352542,"event":{"mods":["AchievementEnabler","BaseMod","Colored Map","Colored Powertips","Minty Spire (QoL Compilation)","StSLib","SuperFastMode"],"gold_per_floor":[109,159,43,63,76,76,88,88,88,101,101,101,117,128,128,206,206,221,221,221],"floor_reached":19,"language":"KOR","playtime":444,"items_purged":["Strike_B"],"score":322,"play_id":"ed1f9306-a32e-4540-9edd-a15ffe76389d","local_time":"20210215102902","is_ascension_mode":true,"campfire_choices":[{"data":"Defragment","floor":6.0,"key":"SMITH"},{"data":"Chaos","floor":8.0,"key":"SMITH"},{"data":"Loop","floor":12,"key":"SMITH"},{"floor":15,"key":"REST"}],"circlet_count":0,"master_deck":["AscendersBane","Strike_B","Defend_B","Defend_B","Defend_B","Zap","Dualcast","Lockon","Chaos+1","Ball Lightning","Defragment+1","Turbo","Hologram","Capacitor","Loop+1","Compile Driver","Echo Form","Turbo+1"],"relics":["Cracked Core","StoneCalendar","Busted Crown"],"acts_visited":["Exordium","TheCity"],"potions_floor_usage":[16],"damage_taken":[{"damage":0.0,"enemies":"Cultist","floor":1.0,"turns":2.0},{"damage":7.0,"enemies":"Jaw Worm","floor":4.0,"turns":2.0},{"damage":5.0,"enemies":"Small Slimes","floor":5.0,"turns":2.0},{"damage":8.0,"enemies":"Blue Slaver","floor":7.0,"turns":2.0},{"damage":4.0,"enemies":"Large Slime","floor":10.0,"turns":5.0},{"damage":9,"enemies":"Red Slaver","floor":13,"turns":2},{"damage":24,"enemies":"Lots of Slimes","floor":14,"turns":3},{"damage":22,"enemies":"Slime Boss","floor":16,"turns":7},{"damage":28,"enemies":"Spheric Guardian","floor":18,"turns":4},{"damage":28,"enemies":"Masked Bandits","floor":19,"turns":2}],"seed_played":"-341521977859001922","potions_obtained":[{"floor":1.0,"key":"PowerPotion"},{"floor":5.0,"key":"FairyPotion"},{"floor":16,"key":"Weak Potion"}],"is_trial":false,"path_per_floor":["M","?","$","M","M","R","M","R","T","M","?","R","M","M","R","B",null,"M","?"],"character_chosen":"DEFECT","items_purchased":["Defragment"],"campfire_rested":1,"item_purchase_floors":[3],"current_hp_per_floor":[64,58,58,51,46,46,38,38,38,34,34,34,25,1,20,19,53,25,0,0],"gold":221,"neow_bonus":"TRANSFORM_TWO_CARDS","is_daily":false,"chose_seed":false,"campfire_upgraded":3,"win_rate":0.0,"timestamp":1613352542,"path_taken":["M","?","$","M","?","R","M","R","T","M","?","R","M","M","R","BOSS","M","?"],"items_purchased_type":["Card"],"build_version":"2020-12-22","purchased_purges":1,"victory":false,"max_hp_per_floor":[64,64,64,64,64,64,64,64,64,64,64,64,64,64,64,64,64,64,64,64],"card_choices":[{"not_picked":["Rip and Tear","Barrage"],"picked":"Ball Lightning","floor":1.0},{"not_picked":["Hologram","Steam"],"picked":"Turbo","floor":4.0},{"not_picked":["Redo","Gash","Hologram"],"picked":"SKIP","floor":5.0},{"not_picked":["Redo","Gash"],"picked":"Hologram","floor":5.0},{"not_picked":["Defragment","Ball Lightning"],"picked":"Capacitor","floor":7.0},{"not_picked":["Ball Lightning","Conserve Battery"],"picked":"Loop","floor":10.0},{"not_picked":["Gash","Steam Power","Barrage"],"picked":"SKIP","floor":13},{"not_picked":["Conserve Battery","Genetic Algorithm"],"picked":"Compile Driver","floor":14},{"not_picked":["Biased Cognition","Rainbow"],"picked":"Echo Form","floor":16},{"not_picked":[],"picked":"Turbo+1","floor":18}],"player_experience":1896182,"relics_obtained":[{"floor":9.0,"key":"StoneCalendar"}],"event_choices":[{"damage_healed":0.0,"max_hp_gain":0.0,"max_hp_loss":0.0,"gold_gain":50.0,"event_name":"FaceTrader","player_choice":"Touch","floor":2.0,"gold_loss":0.0,"damage_taken":6.0},{"cards_removed":["Strike_B"],"damage_healed":0,"gold_gain":0,"player_choice":"Forget","damage_taken":0,"max_hp_gain":0,"max_hp_loss":0,"event_name":"Living Wall","floor":11,"gold_loss":0},{"damage_healed":0,"gold_gain":0,"player_choice":"Fought Bandits","damage_taken":0,"max_hp_gain":0,"max_hp_loss":0,"event_name":"Masked Bandits","floor":19,"gold_loss":0}],"is_beta":false,"boss_relics":[{"not_picked":["FrozenCore","Empty Cage"],"picked":"Busted Crown"}],"items_purged_floors":[3],"is_endless":false,"potions_floor_spawned":[1,5,7,16],"killed_by":"Masked Bandits","ascension_level":20}}