{"host":"dwyzfvnzfcqffr30","time":1613423078,"event":{"mods":["2.2 Compatiblity","Act Like it!","Aspiration","BaseMod","Beaked The Cultist","Better Altar","Better Match","Better Note","Better Sensory Stone","Better Skull","Better Third Choice","Clockwork Mod","Colored Map","Colored Powertips","Conspire","Downfall","Elementarium","GifTheSpireLib","Halation","Hermit","Hubris","Infinite Spire","Ironclad Rager","Jedi Mod","Menagerie","Mimic Mod","Minty Spire (QoL Compilation)","Permanent Neow","Random Character Button","Relic Filter Mod","Reliquary","Replay The Spire","Spicy Shops","Spikes Relics","StSLib","Stuff the Spire","The Construct","The Disciple","The Druid","The Marked","TheFirefly","Trackpad","Wandering Minibosses"],"gold_per_floor":[122,122,145,170,170,216,216,258,290,290,323,371,371,422,422,520,520,569,39,39,39,58,97,97,135,173,217,217,217,242,2,2,78,78,103,153,176,176,226,226,266,303,328,328,368,405,405,459,459,459,459,459,76,106,106],"floor_reached":56,"language":"ENG","playtime":18607,"items_purged":["theDruid:Strike_O+1","Writhe","theDruid:Defend_O+1"],"score":2263,"play_id":"4e48b951-f7cb-49e8-b6fa-aad38bb9005c","local_time":"20210215130438","is_ascension_mode":true,"campfire_choices":[{"floor":7,"key":"RECALL"},{"data":"theDruid:WildSlash+1","floor":13,"key":"SMITH"},{"data":"theDruid:Forage+1","floor":15,"key":"SMITH"},{"data":"theDruid:Fortitude+1","floor":24,"key":"SMITH"},{"data":"theDruid:Recoil+1","floor":29,"key":"SMITH"},{"data":"theDruid:BristlingDefense+1","floor":32,"key":"SMITH"},{"data":"theDruid:Infestation+1","floor":40,"key":"SMITH"},{"data":"theDruid:Infestation+2","floor":47,"key":"SMITH"},{"data":"theDruid:Infestation+3","floor":49,"key":"SMITH"},{"data":"theDruid:Fortitude+2","floor":52,"key":"SMITH"}],"circlet_count":0,"master_deck":["AscendersBane","theDruid:Strike_O+1","theDruid:Strike_O+1","theDruid:Strike_O+1","theDruid:Defend_O+1","theDruid:Defend_O+1","theDruid:Defend_O+1","theDruid:BriarArmor+1","theDruid:WildSlash+2","MasterReality+1","Apotheosis+1","theDruid:Forage+2","infinitespire:Execution+1","theDruid:Swipe+1","bronze:ItsAFeature+1","theDruid:AstralShield+1","theDruid:SpiritCall+1","theDruid:Fortitude+3","theDruid:Recoil+2","theDruid:HerbalismKit+1","theDruid:BristlingDefense+2","theDruid:ApexPredator+1","theDruid:Infestation+4","CurseOfTheBell","theDruid:Rabid+1"],"relics":["theDruid:CrownOfTheWilds","aspiration:Nostalgia","m_BronzeBlood","Bottled Tornado","halation:Prosthetics","hubris:TinFlute","SacredBark","conspire:InfiniteJournal","infinitespire:EvilPickle","Quantum Egg","Frozen Egg 2","Molten Egg 2","Toxic Egg 2","trackpad:IceCube","Letter Opener","Happy Flower","Menagerie:GhostlyEgg","reliquary:Aerogel","Replay:Baseball","reliquary:ExpiredCoupon","reliquary:BallBearing","hubris:TenFootPole","hubris:EmptyBottle","SlaversCollar","aspiration:Stabinomicon","aspiration:HummingbirdHeart","Bottled Lightning","hubris:GlazedTorus","reliquary:TatteredRug","infinitespire:Cupcake","sneckomod:BlankCard","Durian","reliquary:Buckler","hubris:EmptyBottle","Calling Bell","trackpad:WritersBlock","Shuriken","BlackRope","trackpad:DisasterInABottle","reliquary:PartyBalloon","StuffTheSpire:Experiment12","trackpad:BottledShadow"],"acts_visited":[],"potions_floor_usage":[12,12,16,23,25,27,27,27,27,30,30,30,30,33,33,33,33,33,33,35,35,37,37,37,37,41,41,41,41,41,41,42,42,42,42,45,45,45,45,46,46,46,46,48,48,50,50,50,50,50,50,54,54,54,54,55,55,55,55,55,55,55,55],"damage_taken":[{"damage":0,"enemies":"Menagerie:StygianBoar","floor":1,"turns":3},{"damage":0,"enemies":"Menagerie:WhisperingWraith","floor":3,"turns":3},{"damage":0,"enemies":"Menagerie:MonstrousExperiment","floor":4,"turns":4},{"damage":0,"enemies":"Menagerie:MaskedSummoner","floor":6,"turns":6},{"damage":0,"enemies":"Menagerie:Hydra","floor":8,"turns":4},{"damage":0,"enemies":"Menagerie:MeltingSalamander","floor":9,"turns":4},{"damage":2,"enemies":"Menagerie:MeltingSalamander","floor":11,"turns":4},{"damage":0,"enemies":"Menagerie:MaskedSummoner","floor":12,"turns":4},{"damage":16,"enemies":"Menagerie:VoidReaper","floor":14,"turns":4},{"damage":0,"enemies":"Menagerie:Suneater","floor":16,"turns":6},{"damage":9,"enemies":"Shell Parasite","floor":18,"turns":5},{"damage":12,"enemies":"Chosen","floor":22,"turns":4},{"damage":0,"enemies":"Book of Stabbing","floor":23,"turns":4},{"damage":34,"enemies":"Slavers","floor":25,"turns":5},{"damage":0,"enemies":"Snecko","floor":26,"turns":3},{"damage":0,"enemies":"Book of Stabbing","floor":27,"turns":3},{"damage":0,"enemies":"Snecko","floor":30,"turns":3},{"damage":18,"enemies":"hubris:MusketHawk","floor":33,"turns":6},{"damage":0,"enemies":"3 Darklings","floor":35,"turns":4},{"damage":0,"enemies":"3 Shapes","floor":37,"turns":6},{"damage":0,"enemies":"Giant Head","floor":41,"turns":4},{"damage":6,"enemies":"Writhing Mass","floor":42,"turns":4},{"damage":0,"enemies":"Sphere and 2 Shapes","floor":45,"turns":5},{"damage":0,"enemies":"Jaw Worm Horde","floor":46,"turns":5},{"damage":10,"enemies":"Nemesis","floor":48,"turns":5},{"damage":0,"enemies":"Replay:Hell Engine","floor":50,"turns":4},{"damage":4,"enemies":"Shield and Spear","floor":54,"turns":4},{"damage":0,"enemies":"The Heart","floor":55,"turns":6}],"seed_played":"7378780619163479205","potions_obtained":[{"floor":3,"key":"Adrenaline Potion"},{"floor":4,"key":"SkillPotion"},{"floor":14,"key":"Fruit Juice"},{"floor":22,"key":"SpeedPotion"},{"floor":27,"key":"Weak Potion"},{"floor":33,"key":"Block Potion"},{"floor":37,"key":"Elixir"},{"floor":41,"key":"jedi:StrikingPotion"},{"floor":42,"key":"SkillPotion"},{"floor":45,"key":"PowerPotion"}],"is_trial":false,"path_per_floor":["M","?","M","M","?","E","R","E","MIM","?","M","E","R","E","R","B",null,"M","$","?","AVR","M","E","R","E","MIM","E","?","R","M","$","R","B",null,"M","?","M","?","T","R","E","M","T","AVR","M","M","R","E","R","B",null,"R","$","E","B",null],"character_chosen":"DRUID","items_purchased":["theDruid:Fortitude+1","reliquary:ExpiredCoupon","reliquary:BallBearing","theDruid:ApexPredator+1","reliquary:PartyBalloon","LiquidBronze","SkillPotion","StuffTheSpire:Experiment12"],"campfire_rested":0,"item_purchase_floors":[19,19,19,31,53,53,53,53],"current_hp_per_floor":[33,25,31,33,25,33,33,33,33,21,30,33,33,28,28,43,43,43,43,43,43,42,43,43,20,31,42,42,42,43,43,43,36,41,43,43,43,43,43,43,48,48,48,48,48,48,48,48,48,48,48,48,48,48,48],"gold":106,"neow_bonus":"NOSTALGIA","is_daily":false,"chose_seed":false,"campfire_upgraded":9,"win_rate":0.0,"timestamp":1613423078,"path_taken":["M","?","?","?","?","E","R","E","MIM","?","?","E","R","E","R","BOSS","M","$","?","AVR","M","E","R","E","MIM","E","?","R","?","$","R","BOSS","M","?","?","?","?","R","E","M","T","AVR","M","M","R","E","R","BOSS","R","$","E","BOSS"],"items_purchased_type":["Card","Relic","Relic","Card","Relic","Potion","Potion","Relic"],"build_version":"2020-12-22","purchased_purges":3,"victory":true,"max_hp_per_floor":[33,33,33,33,33,33,33,33,33,33,33,33,33,33,33,43,43,43,43,43,43,43,43,43,43,43,43,43,43,43,43,43,43,43,43,43,43,43,43,43,48,48,48,48,48,48,48,48,48,48,48,48,48,48,48],"card_choices":[{"not_picked":["Power Through+1","theDruid:Scavenge+1","theDruid:TwilightsCall+1"],"picked":"SKIP","floor":1},{"not_picked":["Body Slam+1","theDruid:Pathfinder+1","Ghostly Armor+1"],"picked":"SKIP","floor":3},{"not_picked":["theDruid:FeralPlants+1","bronze:Shield+1"],"picked":"theDruid:Forage+1","floor":4},{"not_picked":["infinitespire:UltimateForm","ReplayTheSpireMod:Haul"],"picked":"infinitespire:Execution","floor":5},{"not_picked":["Power Through+1","Wild Strike+1"],"picked":"theDruid:Swipe+1","floor":6},{"not_picked":["Body Slam+1","theDruid:Starfall+1","theDruid:FullMoon+1"],"picked":"SKIP","floor":8},{"not_picked":["Body Slam+1","bronze:Shield+1"],"picked":"bronze:ItsAFeature+1","floor":9},{"not_picked":["Power Through+1","theDruid:PlagueClaw+1","theDruid:BagofTricks+1"],"picked":"SKIP","floor":11},{"not_picked":["theDruid:Adaptation+1","bronze:ShipIt+1","theDruid:Starfall+1"],"picked":"SKIP","floor":12},{"not_picked":["Fire Breathing+1","theDruid:Scavenge+1"],"picked":"theDruid:AstralShield+1","floor":14},{"not_picked":["theDruid:Earthquake+1","theDruid:Restoration+1"],"picked":"theDruid:SpiritCall+1","floor":16},{"not_picked":["theDruid:FuriousSlash+1","theDruid:Thornburst+1","theDruid:BagofTricks+1"],"picked":"SKIP","floor":18},{"not_picked":["theDruid:Fortitude+1","theDruid:ThornStrike+1"],"picked":"theDruid:Recoil+1","floor":22},{"not_picked":["theDruid:Gore+1","theDruid:TakeShelter+1"],"picked":"theDruid:HerbalismKit+1","floor":23},{"not_picked":["theDruid:Guidance+1","theDruid:Thornburst+1","theDruid:PlagueClaw+1"],"picked":"SKIP","floor":25},{"not_picked":["theDruid:Starfall+1","theDruid:Resourcefulness+1"],"picked":"theDruid:BristlingDefense+1","floor":26},{"not_picked":["theDruid:BloodiedFur+1","theDruid:ThickHide+1","theDruid:PlagueClaw+1"],"picked":"SKIP","floor":27},{"not_picked":["theDruid:Swipe+1","theDruid:IronClaw+1","theDruid:PlagueClaw+1"],"picked":"SKIP","floor":30},{"not_picked":["theDruid:TakeShelter+1","theDruid:BrambleLash+1","theDruid:TwilightsCall+1"],"picked":"SKIP","floor":35},{"not_picked":["theDruid:Starburst+1","theDruid:Thornburst+1","theDruid:PlagueClaw+1"],"picked":"SKIP","floor":37},{"not_picked":["theDruid:PlagueClaw+1","theDruid:TwinStars+1","theDruid:IronClaw+1"],"picked":"SKIP","floor":41},{"not_picked":["theDruid:Guidance+1","theDruid:TakeShelter+1","theDruid:FelineGrace+1"],"picked":"SKIP","floor":42},{"not_picked":["theDruid:FelineGrace+1","theDruid:BrambleLash+1","theDruid:Gore+1"],"picked":"SKIP","floor":45},{"not_picked":["theDruid:PlagueClaw+1","theDruid:Starfall+1"],"picked":"theDruid:Rabid+1","floor":46},{"not_picked":["theDruid:BlessedStrike+1","theDruid:TakeShelter+1","theDruid:IronClaw+1"],"picked":"SKIP","floor":48},{"not_picked":["theDruid:FuriousSlash+1","theDruid:AstralShield+1","theDruid:Resupply+1"],"picked":"SKIP","floor":54}],"player_experience":3173809,"relics_obtained":[{"floor":6,"key":"Letter Opener"},{"floor":8,"key":"Happy Flower"},{"floor":12,"key":"reliquary:Aerogel"},{"floor":14,"key":"Replay:Baseball"},{"floor":20,"key":"hubris:TenFootPole"},{"floor":23,"key":"aspiration:Stabinomicon"},{"floor":25,"key":"aspiration:HummingbirdHeart"},{"floor":26,"key":"Bottled Lightning"},{"floor":27,"key":"hubris:GlazedTorus"},{"floor":39,"key":"sneckomod:BlankCard"},{"floor":41,"key":"Durian"},{"floor":43,"key":"reliquary:Buckler"},{"floor":44,"key":"trackpad:WritersBlock"},{"floor":44,"key":"Shuriken"},{"floor":44,"key":"BlackRope"},{"floor":48,"key":"trackpad:DisasterInABottle"},{"floor":54,"key":"trackpad:BottledShadow"}],"event_choices":[{"damage_healed":0,"gold_gain":0,"player_choice":"Simplicity","damage_taken":0,"max_hp_gain":0,"max_hp_loss":0,"event_name":"betterThird:BetterWriting","floor":0,"gold_loss":0},{"damage_healed":0,"gold_gain":0,"player_choice":"RE ","damage_taken":10,"relics_obtained":["trackpad:IceCube"],"max_hp_gain":0,"max_hp_loss":0,"event_name":"betterSkull:BetterSkull","floor":2,"gold_loss":0,"cards_upgraded":[]},{"damage_healed":0,"gold_gain":0,"player_choice":"Explore","damage_taken":12,"relics_obtained":["Menagerie:GhostlyEgg"],"max_hp_gain":0,"max_hp_loss":0,"event_name":"Menagerie:Silence","floor":10,"gold_loss":0},{"damage_healed":0,"gold_gain":0,"player_choice":"Opened","damage_taken":0,"relics_obtained":["reliquary:TatteredRug"],"max_hp_gain":0,"max_hp_loss":0,"event_name":"The Mausoleum","floor":28,"gold_loss":0,"cards_obtained":["Writhe"]},{"damage_healed":0,"gold_gain":50,"player_choice":"Pray","damage_taken":0,"max_hp_gain":0,"max_hp_loss":0,"event_name":"Golden Shrine","floor":36,"gold_loss":0}],"is_beta":false,"boss_relics":[{"not_picked":["hubris:RunicObelisk","Astrolabe","aspiration:RunicSpoon"]},{"not_picked":["hubris:HollowSoul","bronze:MakeshiftBattery"],"picked":"infinitespire:Cupcake"}],"items_purged_floors":[21,31,31],"is_endless":false,"potions_floor_spawned":[3,4,11,12,14,22,25,27,30,33,37,41,42,45],"ascension_level":16}}