{"host":"bx8ylsmj2ob6hd5u","time":1613411491,"event":{"mods":["AchievementEnabler","Act Like it!","Aspiration","BaseMod","Colored Map","Downfall","Duelist Mod","Friendly Minions","Gensokyo","GifTheSpireLib","Hallownest","Hermit","HololiveMod","Hubris","Infinite Spire","Jorbs\u0027s Wanderer Trilogy","KinomotoSakuraMod(????)","Kiyohime????","Koishi","KomeijiMod","Lobotomy","LobotomyExtend","Marisa????????","Minty Spire (QoL Compilation)","Prisma Mod","Rare Cards Sparkle","Reimu??????","Remilia??????","Replay The Spire","StSLib","Td1madao Mod","The Administrix","The Animator","The Bug Knight","The Construct","The Cursed","The Disciple","The Hierophant","The Necromancer","The Poker Player","The Runesmith","The Senshi","The Servant 0.9.4","WarShipGirlsR/????R mod"],"gold_per_floor":[119,135,151,170,182,182,182,182,229,229,247,4,4,4,4,109,109,119,119,129,140,140,155,155,171,197,197,213,228,228,246,246,350,350,369,381,394,669,291,291,191,191,191,191,41,55,55,55,55,55],"floor_reached":51,"language":"ENG","playtime":4247,"items_purged":["Regret","Injury"],"score":666,"play_id":"a535881d-9b73-45f6-9bf5-2c7b6bec7ee6","local_time":"20210215195131","is_ascension_mode":false,"campfire_choices":[{"data":"Jack Of All Trades","floor":6.0,"key":"SMITH"},{"data":"AdministrixMod:TrickOfTheLight","floor":8.0,"key":"SMITH"},{"floor":15.0,"key":"REST"},{"data":"AdministrixMod:WifeLightning","floor":24.0,"key":"SMITH"},{"data":"AdministrixMod:BegetEternity","floor":30.0,"key":"SMITH"},{"data":"Infinite Blades","floor":32.0,"key":"SMITH"},{"data":"AdministrixMod:BattleforgedBonds","floor":40,"key":"SMITH"},{"data":"AdministrixMod:CosmosControl","floor":42,"key":"SMITH"}],"circlet_count":0,"master_deck":["AdministrixMod:Strike_Administrix","AdministrixMod:Strike_Administrix","AdministrixMod:Strike_Administrix","AdministrixMod:RedCloak","AdministrixMod:Defend_Administrix","AdministrixMod:Defend_Administrix","AdministrixMod:Defend_Administrix","AdministrixMod:BlueCloak","Jack Of All Trades+1","AdministrixMod:SipOfSparks","AdministrixMod:RebukeDesires","AdministrixMod:TrickOfTheLight+1","AdministrixMod:NoblePath","AdministrixMod:SipOfSparks","AdministrixMod:BishamonBlessing","AdministrixMod:BattleforgedBonds+1","AdministrixMod:WifeLightning+1","AdministrixMod:FaithfulFlames","AdministrixMod:RisingSunPrince","AdministrixMod:BegetEternity+1","AdministrixMod:Katabasis+1","AdministrixMod:WickedPunishment","Infinite Blades+1","Corpse Explosion","AdministrixMod:ImmortalGrace+1","AdministrixMod:CastOffRegrets+1","AdministrixMod:JustRewards+1","AdministrixMod:BattleforgedBonds+1","AdministrixMod:DreamsMausoleum","AdministrixMod:ImmortalGrace+2","AdministrixMod:ChooseYourEnd+1","AdministrixMod:ExtolVirtue","AdministrixMod:FiendishCrimson+1","AdministrixMod:CosmosControl+1","AdministrixMod:PlateOfAntiquity+1","AdministrixMod:SyncreticPlunge+1","AdministrixMod:NewWardrobe"],"relics":["AdministrixMod:ConductorRitualBaton","LetterFromLob","theSenshi:FeatherClipsRelic","Ginger","Mastiff:ReiMu","Pocketwatch","aspiration:RitualDagger","Bronze Scales","infinitespire:Cupcake","Replay:WaspNest","Replay:Wax Seal","Honey Jar","theSenshi:SailorFukuRelic","Orrery","Replay:Multitool","aspiration:Nostalgia","champ:ChampionCrown","Onion Ring"],"acts_visited":["Exordium","Gensokyo:Gensokyo","TheBeyond"],"potions_floor_usage":[37,50],"damage_taken":[{"damage":4.0,"enemies":"Gensokyo:Python","floor":1.0,"turns":3.0},{"damage":2.0,"enemies":"Gensokyo:Gryphon","floor":2.0,"turns":4.0},{"damage":1.0,"enemies":"Gensokyo:2_Kodama","floor":3.0,"turns":3.0},{"damage":3.0,"enemies":"Gensokyo:Kitsune","floor":4.0,"turns":5.0},{"damage":0.0,"enemies":"Gensokyo:5_Fairies","floor":5.0,"turns":4.0},{"damage":3.0,"enemies":"Gensokyo:CorruptedTreant","floor":11.0,"turns":3.0},{"damage":0.0,"enemies":"Gensokyo:Reimu","floor":16.0,"turns":7.0},{"damage":15.0,"enemies":"Gensokyo:2_Gloops","floor":18.0,"turns":5.0},{"damage":15.0,"enemies":"Gensokyo:Chomper","floor":20.0,"turns":5.0},{"damage":28.0,"enemies":"Gensokyo:Wraith","floor":21.0,"turns":4.0},{"damage":27.0,"enemies":"Gensokyo:Mirror_and_Dog","floor":23.0,"turns":3.0},{"damage":17.0,"enemies":"Gensokyo:Chomper_and_Gloop","floor":25.0,"turns":4.0},{"damage":9.0,"enemies":"Gensokyo:3_Gloops","floor":28.0,"turns":3.0},{"damage":21.0,"enemies":"Gensokyo:Monolith_and_Dog","floor":29.0,"turns":3.0},{"damage":14.0,"enemies":"Gensokyo:Chomper_and_Gloop","floor":31.0,"turns":4.0},{"damage":52.0,"enemies":"Gensokyo:Kaguya","floor":33.0,"turns":7.0},{"damage":38,"enemies":"3 Shapes","floor":35,"turns":3},{"damage":36,"enemies":"3 Darklings","floor":36,"turns":4},{"damage":15,"enemies":"Transient","floor":37,"turns":5},{"damage":35,"enemies":"Jaw Worm Horde","floor":46,"turns":4},{"damage":75,"enemies":"Donu and Deca","floor":50,"turns":7}],"seed_played":"1508825997127093175","potions_obtained":[{"floor":1.0,"key":"infinitespire:BlackPotion"},{"floor":2.0,"key":"Weak Potion"},{"floor":5.0,"key":"Elixir"},{"floor":11.0,"key":"Adrenaline Potion"},{"floor":21.0,"key":"Swift Potion"},{"floor":25.0,"key":"infinitespire:BlackPotion"},{"floor":36,"key":"Block Potion"},{"floor":37,"key":"AdministrixMod:AttunementTonic"}],"is_trial":false,"path_per_floor":["M","M","M","M","M","R","$","R","T","M","M","COS","?","?","R","B",null,"M","AVR","M","M","?","M","R","M","T","?","M","M","R","M","R","B",null,"M","M","M","?","$","R","$","R","T","?","$","M","AVR","?","R","B",null],"character_chosen":"TheAdministrix","items_purchased":["theSenshi:FeatherClipsRelic","Ginger","theSenshi:SailorFukuRelic","Orrery","aspiration:Nostalgia"],"campfire_rested":1,"item_purchase_floors":[7,7,39,39,45],"current_hp_per_floor":[61,59,58,55,55,55,19,19,19,19,22,22,22,29,48,54,65,56,56,47,25,25,65,65,65,65,65,65,63,63,65,65,65,65,47,37,65,65,65,65,65,65,65,65,65,52,52,52,65,53],"gold":55,"neow_bonus":"RANDOM_COLORLESS","is_daily":false,"chose_seed":false,"campfire_upgraded":7,"win_rate":0.0,"timestamp":1613411491,"path_taken":["M","M","?","M","M","R","?","R","T","M","?","COS","?","?","R","BOSS","M","AVR","M","M","?","?","R","M","T","?","M","M","R","?","R","BOSS","M","M","M","?","$","R","?","R","T","?","$","M","AVR","?","R","BOSS"],"items_purchased_type":["Relic","Relic","Relic","Relic","Relic"],"build_version":"2020-12-22","purchased_purges":2,"victory":true,"max_hp_per_floor":[65,65,65,65,65,65,65,65,65,65,65,65,65,65,65,65,65,65,65,65,65,65,65,65,65,65,65,65,65,65,65,65,65,65,65,65,65,65,65,65,65,65,65,65,65,65,65,65,65,65],"card_choices":[{"not_picked":["PreThought","Survey Options"],"picked":"Jack Of All Trades","floor":0.0},{"not_picked":["AdministrixMod:UnstableVigor","AdministrixMod:SealAway"],"picked":"AdministrixMod:SipOfSparks","floor":1.0},{"not_picked":["AdministrixMod:ImmortalGrace","AdministrixMod:Metempsychosis"],"picked":"AdministrixMod:RebukeDesires","floor":2.0},{"not_picked":["AdministrixMod:CrackingPangu","AdministrixMod:NoblePath"],"picked":"AdministrixMod:TrickOfTheLight","floor":3.0},{"not_picked":["AdministrixMod:FuneraryRites","AdministrixMod:RebukeDesires"],"picked":"AdministrixMod:NoblePath","floor":4.0},{"not_picked":["AdministrixMod:SealAway","AdministrixMod:HiddenPower"],"picked":"AdministrixMod:SipOfSparks","floor":5.0},{"not_picked":["AdministrixMod:ImmortalPurity","AdministrixMod:SipOfSparks"],"picked":"AdministrixMod:BishamonBlessing","floor":11.0},{"not_picked":["AdministrixMod:LuminaryPath+1","AdministrixMod:BrewingCloister+1"],"picked":"AdministrixMod:BattleforgedBonds+1","floor":16.0},{"not_picked":["AdministrixMod:DeathByGlamour","AdministrixMod:NewbornDivinity"],"picked":"AdministrixMod:WifeLightning","floor":16.0},{"not_picked":["AdministrixMod:BrewingCloister","AdministrixMod:StarSwordSoul"],"picked":"AdministrixMod:FaithfulFlames","floor":18.0},{"not_picked":["AdministrixMod:Untouchable","AdministrixMod:BegetEternity"],"picked":"AdministrixMod:Wuji","floor":18.0},{"not_picked":["AdministrixMod:MixOfMercury","AdministrixMod:BloodlessSapphire"],"picked":"AdministrixMod:RisingSunPrince","floor":20.0},{"not_picked":["AdministrixMod:SealAway","AdministrixMod:Transition"],"picked":"AdministrixMod:BegetEternity","floor":21.0},{"not_picked":["AdministrixMod:PassageOfAges+1","AdministrixMod:LightOfYourLife"],"picked":"AdministrixMod:Katabasis+1","floor":23.0},{"not_picked":["AdministrixMod:RegentEdict","AdministrixMod:QuietConspiracy"],"picked":"AdministrixMod:WickedPunishment","floor":25.0},{"not_picked":["AdministrixMod:LightOfYourLife","AdministrixMod:PlateOfAntiquity"],"picked":"AdministrixMod:ImmortalGrace+1","floor":28.0},{"not_picked":["AdministrixMod:FuneraryRites+1","AdministrixMod:TrickOfTheLight"],"picked":"AdministrixMod:CastOffRegrets+1","floor":29.0},{"not_picked":["AdministrixMod:RebukeDesires","AdministrixMod:NoblePath"],"picked":"AdministrixMod:JustRewards+1","floor":31.0},{"not_picked":["AdministrixMod:ImmortalClarity","AdministrixMod:Schism"],"picked":"AdministrixMod:BattleforgedBonds","floor":33.0},{"not_picked":["AdministrixMod:PlateOfAntiquity","AdministrixMod:GuanyinBlessing","AdministrixMod:ImmortalPurity"],"picked":"AdministrixMod:DreamsMausoleum","floor":35},{"not_picked":["AdministrixMod:SealAway+1","AdministrixMod:PassageOfAges","AdministrixMod:ChooseYourEnd"],"picked":"AdministrixMod:ImmortalGrace+1","floor":36},{"not_picked":["AdministrixMod:SealAway+1","AdministrixMod:RebukeDesires+1","AdministrixMod:CastOffRegrets+1"],"picked":"AdministrixMod:FaithfulFlames","floor":37},{"not_picked":["AdministrixMod:FeastOfDew","AdministrixMod:Katabasis+1","AdministrixMod:NoblePath"],"picked":"AdministrixMod:ChooseYourEnd+1","floor":39},{"not_picked":["AdministrixMod:ChooseYourEnd+1","AdministrixMod:SeventeenArticleLaser","AdministrixMod:ImmortalPurity+1"],"picked":"AdministrixMod:ExtolVirtue","floor":39},{"not_picked":["AdministrixMod:CastOffRegrets","AdministrixMod:LightOfYourLife+1","AdministrixMod:XianArts"],"picked":"AdministrixMod:FiendishCrimson+1","floor":39},{"not_picked":["AdministrixMod:BishamonBlessing","AdministrixMod:BloodlessSapphire","AdministrixMod:RegentEdict"],"picked":"AdministrixMod:CosmosControl","floor":39},{"not_picked":["AdministrixMod:NoblePath","AdministrixMod:QuietConspiracy","AdministrixMod:RebukeDesires"],"picked":"AdministrixMod:PlateOfAntiquity+1","floor":39},{"not_picked":["AdministrixMod:PassageOfAges","AdministrixMod:CosmosControl","AdministrixMod:BishamonBlessing"],"picked":"AdministrixMod:SyncreticPlunge+1","floor":46}],"player_experience":1591925,"relics_obtained":[{"floor":1.0,"key":"LetterFromLob"},{"floor":9.0,"key":"Mastiff:ReiMu"},{"floor":26.0,"key":"Replay:Wax Seal"},{"floor":43,"key":"Replay:Multitool"}],"event_choices":[{"damage_healed":0,"gold_gain":275,"player_choice":"Desecrate","damage_taken":0,"max_hp_gain":0,"max_hp_loss":0,"event_name":"Golden Shrine","floor":38,"gold_loss":0,"cards_obtained":["Regret"]},{"cards_removed":["AdministrixMod:FaithfulFlames"],"damage_healed":0,"gold_gain":0,"player_choice":"Removed Power","damage_taken":0,"max_hp_gain":0,"max_hp_loss":0,"event_name":"Falling","floor":44,"gold_loss":0},{"damage_healed":0,"gold_gain":0,"cards_transformed":["Strike_G"],"player_choice":"Transformed","damage_taken":0,"max_hp_gain":0,"max_hp_loss":0,"event_name":"Transmorgrifier","floor":48,"gold_loss":0,"cards_obtained":["AdministrixMod:NewWardrobe"]}],"is_beta":false,"boss_relics":[{"not_picked":["Astrolabe","aspiration:FutureDiary"],"picked":"aspiration:RitualDagger"},{"not_picked":["Pandora\u0027s Box","hubris:TerracottaHorce"],"picked":"Honey Jar"}],"items_purged_floors":[39,41],"is_endless":false,"potions_floor_spawned":[1,2,5,11,21,25,36,37],"ascension_level":0}}