{"host":"knk89g45d3vzr5fm","time":1613411670,"event":{"mods":["2.2 Compatiblity","BaseMod","Downfall","Minty Spire (QoL Compilation)","Relic Stats","Reliquary","Replay The Spire","StSLib","The Marked"],"gold_per_floor":[99,118,129,148,165,165,165,165,196,233,333,37,37,58,92,199,199,99,129,153,190,229,286,286,86,86,124,124,168,173,173,173],"floor_reached":30,"language":"FRA","playtime":1706,"items_purged":["sneckomod:Strike"],"score":447,"play_id":"6a9a66aa-8587-4414-80f4-e578422938de","local_time":"20210215185430","is_ascension_mode":true,"campfire_choices":[{"data":"sneckomod:SnekBite","floor":1,"key":"SMITH"},{"data":"sneckomod:UnknownDexterity","floor":6,"key":"SMITH"},{"floor":13,"key":"REST"},{"floor":18,"key":"RECALL"},{"floor":25,"key":"REST"},{"floor":26,"key":"REST"}],"circlet_count":0,"master_deck":["AscendersBane","sneckomod:Defend","sneckomod:Defend","sneckomod:Defend","sneckomod:TailWhip","sneckomod:SnekBite+1","sneckomod:Unknown","sneckomod:UnknownClassGREEN","sneckomod:Unknown1Cost","sneckomod:UnknownDexterity+1","sneckomod:QuickMove","sneckomod:GlitteringGambit+1","sneckomod:ImprovisedGuard","sneckomod:QuickBite","sneckomod:UnendingSupply","sneckomod:SerpentMind","AbeCurse","sneckomod:UnknownDraw","sneckomod:UnknownDexterity","sneckomod:UnknownUncommonAttack+1","sneckomod:UnknownUncommonAttack","sneckomod:UnknownClassGREEN","Injury"],"relics":["sneckomod:SneckoTalon","reliquary:Sod","downfall:ShatteredFragment","WingedGreaves","reliquary:HotPoker","Abe\u0027s Treasure","downfall:HeartBlessingGreen","reliquary:Sideboard","downfall:HeartBlessingBlue","downfall:HeartBlessingRed"],"acts_visited":["Exordium","TheCity"],"potions_floor_usage":[10,23,30],"damage_taken":[{"damage":8,"enemies":"Small Slimes","floor":2,"turns":3},{"damage":0,"enemies":"Jaw Worm","floor":3,"turns":3},{"damage":0,"enemies":"Cultist","floor":4,"turns":2},{"damage":9,"enemies":"2 Fungi Beasts","floor":5,"turns":3},{"damage":10,"enemies":"Lagavulin","floor":9,"turns":6},{"damage":3,"enemies":"Lots of Slimes","floor":10,"turns":3},{"damage":0,"enemies":"downfall:FleeingMerchant","floor":12,"turns":4},{"damage":11,"enemies":"Exordium Thugs","floor":14,"turns":4},{"damage":5,"enemies":"Exordium Wildlife","floor":15,"turns":4},{"damage":6,"enemies":"SI_SHIV_ARCHETYPE","floor":16,"turns":9},{"damage":0,"enemies":"Spheric Guardian","floor":19,"turns":2},{"damage":24,"enemies":"3 Byrds","floor":20,"turns":4},{"damage":18,"enemies":"Snake Plant","floor":21,"turns":5},{"damage":16,"enemies":"Centurion and Healer","floor":22,"turns":6},{"damage":19,"enemies":"Book of Stabbing","floor":23,"turns":3},{"damage":37,"enemies":"Snecko","floor":27,"turns":5},{"damage":19,"enemies":"Chosen and Byrds","floor":29,"turns":5},{"damage":25,"enemies":"Slavers","floor":30,"turns":2}],"seed_played":"3025844744037357150","potions_obtained":[{"floor":2,"key":"DistilledChaos"},{"floor":9,"key":"Elixir"},{"floor":10,"key":"SteroidPotion"},{"floor":15,"key":"SpeedPotion"},{"floor":21,"key":"Cursed Concoction"},{"floor":27,"key":"SkillPotion"}],"is_trial":false,"path_per_floor":["R","M","M","M","M","R","T","?","E","M","?","$","R","M","M","B",null,"R","M","M","M","M","E","T","R","R","M","?","M","E"],"character_chosen":"THE_SNECKO","items_purchased":["reliquary:HotPoker"],"campfire_rested":3,"item_purchase_floors":[12],"current_hp_per_floor":[81,73,73,76,67,67,67,46,36,36,36,36,64,53,48,42,83,83,83,59,41,25,6,6,47,78,41,41,22,0,0,0],"gold":173,"neow_bonus":"BOSS_RELIC","is_daily":false,"chose_seed":false,"campfire_upgraded":2,"win_rate":0.0,"timestamp":1613411670,"path_taken":["R","M","M","M","M","R","T","?","E","M","?","?","R","M","M","BOSS","R","M","M","M","?","E","T","R","R","M","?","?","E"],"items_purchased_type":["Relic"],"build_version":"2020-12-22","purchased_purges":1,"victory":false,"max_hp_per_floor":[90,90,90,93,93,93,93,93,93,96,96,96,96,96,96,96,96,96,96,96,96,96,96,96,106,106,106,106,106,106,106,106],"relic_stats":{"counters":[18,73],"obtain_stats":[{"reliquary:Sod":7,"reliquary:HotPoker":12,"downfall:ShatteredFragment":8,"downfall:HeartBlessingRed":25,"reliquary:Sideboard":23,"downfall:HeartBlessingBlue":25,"downfall:HeartBlessingGreen":18,"WingedGreaves":9,"sneckomod:SneckoSoul":0,"sneckomod:SneckoTalon":0,"Abe\u0027s Treasure":17},{"reliquary:Sod":4,"reliquary:HotPoker":7,"downfall:ShatteredFragment":4,"downfall:HeartBlessingRed":15,"reliquary:Sideboard":15,"downfall:HeartBlessingBlue":15,"downfall:HeartBlessingGreen":10,"WingedGreaves":5,"sneckomod:SneckoSoul":0,"sneckomod:SneckoTalon":0,"Abe\u0027s Treasure":10},{"reliquary:Sod":11,"reliquary:HotPoker":24,"downfall:ShatteredFragment":11,"downfall:HeartBlessingRed":61,"reliquary:Sideboard":61,"downfall:HeartBlessingBlue":61,"downfall:HeartBlessingGreen":41,"WingedGreaves":17,"sneckomod:SneckoSoul":0,"sneckomod:SneckoTalon":0,"Abe\u0027s Treasure":41}]},"card_choices":[{"not_picked":["sneckomod:PureSnecko","sneckomod:UnknownCommonSkill"],"picked":"sneckomod:UnknownClassGREEN","floor":2},{"not_picked":["sneckomod:SnekBeam","sneckomod:UnknownBlock"],"picked":"sneckomod:Unknown1Cost","floor":3},{"not_picked":["sneckomod:UnknownUncommonPower","sneckomod:UnknownCommonSkill"],"picked":"sneckomod:UnknownDexterity","floor":4},{"not_picked":["sneckomod:UnknownClassGUARDIAN","sneckomod:Unknown2Cost"],"picked":"sneckomod:QuickMove","floor":5},{"not_picked":["sneckomod:UnknownClassBLUE","sneckomod:UnknownBlock"],"picked":"sneckomod:GlitteringGambit","floor":9},{"not_picked":["sneckomod:DiceCrush","sneckomod:DiceBlock"],"picked":"sneckomod:ImprovisedGuard","floor":10},{"not_picked":["sneckomod:DiceBlock","sneckomod:DefensiveFlair","sneckomod:ImprovisedGuard"],"picked":"SKIP","floor":12},{"not_picked":["sneckomod:Mudshield","sneckomod:DiceCrush"],"picked":"sneckomod:QuickBite","floor":14},{"not_picked":["sneckomod:UnknownWeak","sneckomod:UnknownClassGREEN"],"picked":"sneckomod:UnendingSupply","floor":15},{"not_picked":["sneckomod:UnknownRareSkill","sneckomod:GlitteringGambit"],"picked":"sneckomod:SerpentMind","floor":16},{"not_picked":["sneckomod:SnekBeam+1","sneckomod:UnknownClassMARKED_PURPLE_COLOR"],"picked":"sneckomod:UnknownDraw","floor":19},{"not_picked":["sneckomod:UnknownVulnerable","sneckomod:UnknownClassHEXA_GHOST_PURPLE"],"picked":"sneckomod:UnknownDexterity","floor":20},{"not_picked":["sneckomod:DiceCrush","sneckomod:RainOfDice"],"picked":"sneckomod:UnknownUncommonAttack+1","floor":21},{"not_picked":["sneckomod:UnknownClassGUARDIAN","sneckomod:UnknownClassPURPLE"],"picked":"sneckomod:UnknownUncommonAttack","floor":22},{"not_picked":["sneckomod:UnknownClassBLUE","sneckomod:UnknownDraw"],"picked":"sneckomod:UnknownClassGREEN","floor":23},{"not_picked":["sneckomod:UnknownBlock+1","sneckomod:UnknownUncommonSkill"],"picked":"sneckomod:UnknownRarePower","floor":27},{"not_picked":["sneckomod:UnknownX","sneckomod:UnknownCommonAttack+1"],"picked":"sneckomod:MasterEye","floor":29}],"player_experience":2168459,"relics_obtained":[{"floor":7,"key":"reliquary:Sod"},{"floor":9,"key":"WingedGreaves"},{"floor":23,"key":"reliquary:Sideboard"}],"event_choices":[],"is_beta":false,"boss_relics":[{"not_picked":["Coffee Dripper","Cursed Key"],"picked":"Abe\u0027s Treasure"}],"items_purged_floors":[12],"is_endless":false,"potions_floor_spawned":[2,9,10,15,19,21,27,29],"killed_by":"Slavers","ascension_level":10}}