{"host":"sav7uxregyirlf69","time":1613347539,"event":{"mods":["AchievementEnabler","BaseMod","Colored Map","DeckTracker","Keyboard Shortcuts","Minty Spire (QoL Compilation)","READ ME - Guardian Mod","StSLib","SuperFastMode"],"gold_per_floor":[109,184,71,71,83,83,112,112,182,221,234,234,31,75,75,209,236,249,267,267,276,299,299,334,334,405,405,423,403,453,335,335,475,475,490,499,571,571,571,571,384,419,419,446,446,446],"floor_reached":45,"language":"KOR","playtime":864,"items_purged":["Strike_B","Sunder","FTL"],"score":541,"play_id":"669ecbbb-d84b-4e37-b96b-3532f384f8e3","local_time":"20210215090539","daily_mods":["Heirloom"],"is_ascension_mode":true,"campfire_choices":[{"data":"Sunder","floor":6,"key":"SMITH"},{"floor":12,"key":"REST"},{"data":"Defragment","floor":15,"key":"SMITH"},{"data":"Turbo","floor":23,"key":"SMITH"},{"data":"Seek","floor":25,"key":"SMITH"},{"data":"Zap","floor":27,"key":"SMITH"},{"data":"Redo","floor":32,"key":"SMITH"},{"data":"Apotheosis","floor":40,"key":"SMITH"}],"circlet_count":0,"master_deck":["Defend_B","Zap+1","Dualcast","Sunder+1","Defragment+1","Cold Snap","Core Surge","Conserve Battery+1","Seek+1","Coolheaded+1","Recycle+1","Core Surge+1","Turbo+1","Conserve Battery+1","Chaos+1","Darkness+1","Redo+1","Echo Form","Apotheosis+1","Lockon","White Noise+1"],"relics":["Cracked Core","Gambling Chip","Juzu Bracelet","Golden Idol","Gremlin Horn","CeramicFish","Orrery","Emotion Chip","Astrolabe","Matryoshka","Strawberry","Bottled Lightning","Philosopher\u0027s Stone","War Paint","Symbiotic Virus","Pantograph","Pocketwatch","Toxic Egg 2"],"acts_visited":["Exordium","TheCity","TheBeyond"],"potions_floor_usage":[10,14,33,45],"damage_taken":[{"damage":1,"enemies":"Cultist","floor":1,"turns":3},{"damage":0,"enemies":"Small Slimes","floor":5,"turns":2},{"damage":38,"enemies":"Gremlin Nob","floor":7,"turns":5},{"damage":11,"enemies":"Lagavulin","floor":10,"turns":6},{"damage":1,"enemies":"Jaw Worm","floor":11,"turns":2},{"damage":3,"enemies":"Gremlin Nob","floor":14,"turns":3},{"damage":7,"enemies":"Hexaghost","floor":16,"turns":13},{"damage":0,"enemies":"Chosen","floor":18,"turns":4},{"damage":4,"enemies":"2 Thieves","floor":22,"turns":3},{"damage":12,"enemies":"Slavers","floor":24,"turns":5},{"damage":6,"enemies":"Chosen and Byrds","floor":28,"turns":4},{"damage":18,"enemies":"Gremlin Leader","floor":30,"turns":4},{"damage":27,"enemies":"Automaton","floor":33,"turns":8},{"damage":9,"enemies":"3 Shapes","floor":35,"turns":3},{"damage":25,"enemies":"Giant Head","floor":42,"turns":6},{"damage":27,"enemies":"3 Darklings","floor":44,"turns":4},{"damage":41,"enemies":"Nemesis","floor":45,"turns":3}],"seed_played":"-380988434322262662","potions_obtained":[{"floor":1,"key":"Dexterity Potion"},{"floor":7,"key":"Block Potion"},{"floor":14,"key":"Block Potion"},{"floor":22,"key":"FairyPotion"},{"floor":35,"key":"Strength Potion"},{"floor":44,"key":"Dexterity Potion"}],"is_trial":true,"path_per_floor":["M","?","$","?","M","R","E","?","T","E","M","R","$","E","R","B",null,"M","?","?","?","M","R","E","R","T","R","M","?","E","$","R","B",null,"M","?","T","?","T","R","$","E","T","M","E"],"character_chosen":"DEFECT","items_purchased":["Defragment","Orrery","DistilledChaos","Redo","Lockon"],"campfire_rested":1,"item_purchase_floors":[3,13,13,31,41],"current_hp_per_floor":[74,63,63,56,56,56,18,18,18,7,6,26,26,23,23,16,69,69,69,69,69,65,65,53,53,60,60,54,54,36,36,36,9,76,67,57,57,57,57,57,57,32,32,5,0,0],"gold":446,"neow_bonus":"","is_daily":false,"chose_seed":false,"campfire_upgraded":7,"win_rate":0.0,"timestamp":1613347539,"path_taken":["M","?","$","?","M","R","E","?","T","E","M","R","$","E","R","BOSS","M","?","?","?","M","R","E","R","T","R","M","?","E","?","R","BOSS","M","?","?","?","?","R","$","E","T","M","E"],"items_purchased_type":["Card","Relic","Potion","Card","Card"],"build_version":"2020-12-22","purchased_purges":3,"victory":false,"max_hp_per_floor":[75,75,75,75,75,75,75,69,69,69,69,69,69,69,69,69,69,69,69,69,69,69,69,69,69,76,76,76,76,76,76,76,76,76,76,76,76,76,76,76,76,76,76,76,76,76],"card_choices":[{"not_picked":["Recycle","Rebound"],"picked":"Sunder","floor":1},{"not_picked":["Rip and Tear","Ball Lightning"],"picked":"Coolheaded","floor":5},{"not_picked":["Rip and Tear","Chill"],"picked":"Cold Snap","floor":7},{"not_picked":["Hyperbeam","Biased Cognition","Go for the Eyes"],"picked":"SKIP","floor":10},{"not_picked":["Loop","Steam","Sweeping Beam"],"picked":"SKIP","floor":11},{"not_picked":["Barrage","Redo"],"picked":"Core Surge","floor":13},{"not_picked":["Compile Driver","Storm"],"picked":"Conserve Battery","floor":13},{"not_picked":["Stack","Compile Driver"],"picked":"FTL","floor":14},{"not_picked":["Fission","Reboot"],"picked":"Seek","floor":16},{"not_picked":["Sweeping Beam","Compile Driver+1","Barrage"],"picked":"SKIP","floor":18},{"not_picked":["Darkness","Cold Snap"],"picked":"Chaos+1","floor":22},{"not_picked":["Leap","Hello World","Machine Learning"],"picked":"SKIP","floor":24},{"not_picked":["Beam Cell","Turbo","Doom and Gloom"],"picked":"SKIP","floor":28},{"not_picked":["Steam Power","Beam Cell"],"picked":"Darkness+1","floor":30},{"not_picked":["Multi-Cast","Machine Learning"],"picked":"Echo Form","floor":33},{"not_picked":["Chaos+1","Barrage+1","Streamline+1"],"picked":"SKIP","floor":35},{"not_picked":["Mind Blast","Deep Breath"],"picked":"Apotheosis","floor":36},{"not_picked":["Steam Power","Turbo","Compile Driver+1"],"picked":"SKIP","floor":42},{"not_picked":["Conserve Battery+1","Darkness+1"],"picked":"White Noise+1","floor":44}],"player_experience":1575171,"relics_obtained":[{"floor":7,"key":"Juzu Bracelet"},{"floor":9,"key":"Gremlin Horn"},{"floor":10,"key":"CeramicFish"},{"floor":14,"key":"Emotion Chip"},{"floor":24,"key":"Matryoshka"},{"floor":26,"key":"Strawberry"},{"floor":30,"key":"Bottled Lightning"},{"floor":37,"key":"War Paint"},{"floor":37,"key":"Symbiotic Virus"},{"floor":39,"key":"Pantograph"},{"floor":42,"key":"Pocketwatch"},{"floor":43,"key":"Toxic Egg 2"}],"event_choices":[{"damage_healed":0,"gold_gain":75,"player_choice":"Gather Gold","damage_taken":11,"max_hp_gain":0,"max_hp_loss":0,"event_name":"World of Goop","floor":2,"gold_loss":0},{"cards_removed":["Strike_B"],"damage_healed":0,"gold_gain":0,"player_choice":"Card Removal","damage_taken":7,"max_hp_gain":0,"max_hp_loss":0,"event_name":"Golden Wing","floor":4,"gold_loss":0},{"damage_healed":0,"gold_gain":0,"player_choice":"Lose Max HP","damage_taken":0,"relics_obtained":["Golden Idol"],"max_hp_gain":0,"max_hp_loss":6,"event_name":"Golden Idol","floor":8,"gold_loss":0},{"damage_healed":0,"gold_gain":0,"cards_transformed":["Defend_B","Coolheaded"],"player_choice":"Became Test Subject","damage_taken":0,"max_hp_gain":0,"max_hp_loss":0,"event_name":"Drug Dealer","floor":19,"gold_loss":0,"cards_obtained":["Turbo","Sunder"]},{"damage_healed":0,"gold_gain":0,"player_choice":"0 cards matched","damage_taken":0,"max_hp_gain":0,"max_hp_loss":0,"event_name":"Match and Keep!","floor":20,"gold_loss":0,"cards_obtained":[]},{"damage_healed":0,"gold_gain":0,"cards_transformed":["Defend_B"],"player_choice":"Transformed","damage_taken":0,"max_hp_gain":0,"max_hp_loss":0,"event_name":"Transmorgrifier","floor":21,"gold_loss":0,"cards_obtained":["Conserve Battery"]},{"damage_healed":0,"gold_gain":0,"player_choice":"Bought 1 Potion","damage_taken":0,"max_hp_gain":0,"max_hp_loss":0,"event_name":"The Woman in Blue","floor":29,"gold_loss":0},{"damage_healed":0,"gold_gain":0,"player_choice":"Memory 3","damage_taken":10,"max_hp_gain":0,"max_hp_loss":0,"event_name":"SensoryStone","floor":36,"gold_loss":0},{"damage_healed":0,"gold_gain":0,"player_choice":"Ignored","damage_taken":0,"max_hp_gain":0,"max_hp_loss":0,"event_name":"Tomb of Lord Red Mask","floor":38,"gold_loss":0}],"is_beta":false,"boss_relics":[{"not_picked":["Nuclear Battery","Fusion Hammer"],"picked":"Astrolabe"},{"not_picked":["Snecko Eye","FrozenCore"],"picked":"Philosopher\u0027s Stone"}],"items_purged_floors":[3,31,41],"is_endless":false,"potions_floor_spawned":[1,7,14,22,28,35,44],"killed_by":"Nemesis","ascension_level":1}}