{"host":"q2l6xtlpu05lrop8","time":1613354036,"event":{"mods":["AchievementEnabler","BaseMod","Colored Map","Googly Eyes","Minty Spire (QoL Compilation)","Slay the Streamer","StSLib","The IronCluck","slay the spire mod where everything is the same but ironclad has a cowboy hat"],"gold_per_floor":[111,111,111,111,131,164,182,182,182,182,216,216,0,0,61,61,138,138,157,157,169,182,182,211,231,245,245,245,245,245,272,272,244,244,316,316,332,1331,1331,1341,1341,1341,1374,1392,1419,1419,878,890,908,170,183,183,183],"floor_reached":54,"language":"ENG","playtime":4367,"items_purged":["Normality","Normality"],"score":1513,"play_id":"d5a8736f-ca4a-4570-bb5e-868929370cee","local_time":"20210214175356","is_ascension_mode":true,"campfire_choices":[{"data":"Omniscience","floor":8,"key":"SMITH"},{"data":"Wallop","floor":12,"key":"SMITH"},{"data":"Wallop","floor":14,"key":"SMITH"},{"data":"Evaluate","floor":16,"key":"SMITH"},{"data":"Electrodynamics","floor":29,"key":"SMITH"},{"data":"ForeignInfluence","floor":32,"key":"SMITH"},{"data":"BowlingBash","floor":34,"key":"SMITH"},{"data":"SandsOfTime","floor":42,"key":"SMITH"},{"data":"DevaForm","floor":52,"key":"SMITH"}],"circlet_count":0,"master_deck":["AscendersBane","ForeignInfluence+1","CarveReality","ThirdEye","Meditate","Halt","EmptyBody","Indignation","Conclude+1","Evaluate+1","CutThroughFate","SandsOfTime","Omniscience+1","Wallop+1","Wallop+1","BowlingBash+1","Crippling Poison","SandsOfTime+1","Burning Pact","Necronomicurse","ThirdEye","Apotheosis","Blade Dance","Buffer","Streamline","ThirdEye+1","Uppercut","Tactician+1","DevaForm+1","ThirdEye+1","Purity+1"],"relics":["Velvet Choker","Sundial","Darkstone Periapt","InkBottle","Meat on the Bone","PrismaticShard","Bag of Marbles","Snecko Eye","MutagenicStrength","Pen Nib","TeardropLocket","Necronomicon","Shuriken","Coffee Dripper","CaptainsWheel","Centennial Puzzle","OrangePellets","Toxic Egg 2","TheAbacus","Akabeko"],"acts_visited":["Exordium","TheCity","TheBeyond"],"potions_floor_usage":[],"damage_taken":[{"damage":0,"enemies":"Jaw Worm","floor":1,"turns":1},{"damage":0,"enemies":"2 Louse","floor":5,"turns":1},{"damage":0,"enemies":"Lagavulin","floor":6,"turns":4},{"damage":0,"enemies":"Cultist","floor":7,"turns":2},{"damage":1,"enemies":"3 Sentries","floor":11,"turns":4},{"damage":0,"enemies":"Gremlin Nob","floor":15,"turns":2},{"damage":13,"enemies":"Hexaghost","floor":17,"turns":5},{"damage":14,"enemies":"3 Byrds","floor":19,"turns":3},{"damage":0,"enemies":"Shell Parasite","floor":21,"turns":2},{"damage":0,"enemies":"Cultist and Chosen","floor":22,"turns":2},{"damage":2,"enemies":"Book of Stabbing","floor":24,"turns":3},{"damage":0,"enemies":"3 Cultists","floor":25,"turns":2},{"damage":0,"enemies":"Snake Plant","floor":26,"turns":2},{"damage":0,"enemies":"Gremlin Leader","floor":31,"turns":3},{"damage":0,"enemies":"Collector","floor":35,"turns":4},{"damage":0,"enemies":"Orb Walker","floor":37,"turns":1},{"damage":0,"enemies":"3 Shapes","floor":40,"turns":2},{"damage":0,"enemies":"Reptomancer","floor":43,"turns":3},{"damage":0,"enemies":"Jaw Worm Horde","floor":44,"turns":3},{"damage":5,"enemies":"Spire Growth","floor":48,"turns":3},{"damage":0,"enemies":"Maw","floor":49,"turns":4},{"damage":0,"enemies":"4 Shapes","floor":51,"turns":1},{"damage":20,"enemies":"Donu and Deca","floor":53,"turns":6}],"seed_played":"3449953184859134028","potions_obtained":[{"floor":11,"key":"DuplicationPotion"},{"floor":17,"key":"Dexterity Potion"},{"floor":25,"key":"LiquidMemories"}],"is_trial":false,"path_per_floor":["M","?","?","?","M","E","M","R","T","T","E","R","$","R","?","R","B",null,"M","?","M","M","?","E","M","M","T","T","R","?","E","R","$","R","B",null,"M","?","?","M","?","R","E","M","T","T","$","M","M","$","M","R","B",null],"character_chosen":"WATCHER","items_purchased":["PrismaticShard","BowlingBash","ThirdEye","OrangePellets","Toxic Egg 2","ThirdEye+1","DevaForm","TheAbacus","Akabeko","ThirdEye+1","Purity+1"],"campfire_rested":0,"item_purchase_floors":[13,13,33,47,47,47,50,50,50,50,50],"current_hp_per_floor":[61,61,43,33,33,33,33,33,33,33,32,32,32,32,44,44,43,62,48,48,48,48,48,46,46,46,46,46,46,31,43,43,43,43,43,66,66,78,78,78,78,78,78,78,78,78,78,73,73,73,73,73,53],"gold":183,"neow_bonus":"BOSS_RELIC","is_daily":false,"chose_seed":false,"campfire_upgraded":9,"win_rate":0.0,"timestamp":1613354036,"path_taken":["M","?","?","?","?","E","M","R","T","E","R","$","R","?","R","BOSS","M","?","M","M","?","E","M","M","T","R","?","E","R","$","R","BOSS","M","?","?","M","?","R","E","M","T","$","M","M","$","M","R","BOSS"],"items_purchased_type":["Relic","Card","Card","Relic","Relic","Card","Card","Relic","Relic","Card","Card"],"build_version":"2020-12-22","purchased_purges":2,"victory":true,"max_hp_per_floor":[68,68,68,68,68,68,68,68,68,68,68,68,68,68,68,68,68,68,68,68,68,68,68,68,68,68,68,68,68,74,74,74,74,74,74,74,74,86,86,86,82,82,82,82,82,82,82,82,82,82,82,82,82],"card_choices":[{"not_picked":["EmptyBody","Consecrate"],"picked":"SandsOfTime","floor":1},{"not_picked":["Study","Evaluate"],"picked":"Omniscience","floor":6},{"not_picked":["Halt","Prostrate"],"picked":"Wallop","floor":7},{"not_picked":["BattleHymn","Perseverance"],"picked":"Wallop","floor":11},{"not_picked":["Swift Strike","Havoc"],"picked":"Crippling Poison","floor":15},{"not_picked":["Envenom","Secret Technique"],"picked":"Electrodynamics","floor":17},{"not_picked":["Protect","Wireheading"],"picked":"SandsOfTime","floor":21},{"not_picked":["JustLucky+1","CrushJoints"],"picked":"Burning Pact","floor":22},{"not_picked":["Vault","Hyperbeam"],"picked":"Apotheosis","floor":35},{"not_picked":["Armaments","Backflip"],"picked":"Blade Dance","floor":40},{"not_picked":["Dark Shackles","Inflame+1"],"picked":"Buffer","floor":43},{"not_picked":["Power Through","Wireheading"],"picked":"Streamline","floor":44},{"not_picked":["Gash+1","PathToVictory+1"],"picked":"Uppercut","floor":48},{"not_picked":["Pray+1","Flash of Steel"],"picked":"Tactician+1","floor":49}],"player_experience":835262,"relics_obtained":[{"floor":6,"key":"Darkstone Periapt"},{"floor":9,"key":"InkBottle"},{"floor":11,"key":"Meat on the Bone"},{"floor":15,"key":"Bag of Marbles"},{"floor":24,"key":"Pen Nib"},{"floor":27,"key":"TeardropLocket"},{"floor":30,"key":"Necronomicon"},{"floor":31,"key":"Shuriken"},{"floor":43,"key":"CaptainsWheel"},{"floor":45,"key":"Centennial Puzzle"}],"event_choices":[{"damage_healed":0,"gold_gain":0,"player_choice":"Grow","damage_taken":0,"max_hp_gain":0,"max_hp_loss":0,"event_name":"Living Wall","floor":2,"gold_loss":0,"cards_upgraded":["Conclude"]},{"damage_healed":0,"gold_gain":0,"player_choice":"Success","damage_taken":18,"relics_obtained":["Sundial"],"max_hp_gain":0,"max_hp_loss":0,"event_name":"Scrap Ooze","floor":3,"gold_loss":0},{"damage_healed":0,"gold_gain":0,"player_choice":"Damaged","damage_taken":10,"max_hp_gain":0,"max_hp_loss":0,"event_name":"Wheel of Change","floor":4,"gold_loss":0},{"damage_healed":0,"gold_gain":0,"player_choice":"Searched \u00271\u0027 times","damage_taken":0,"max_hp_gain":0,"max_hp_loss":0,"event_name":"Dead Adventurer","floor":15,"gold_loss":0},{"damage_healed":0,"gold_gain":0,"player_choice":"Inject Mutagens","damage_taken":0,"relics_obtained":["MutagenicStrength"],"max_hp_gain":0,"max_hp_loss":0,"event_name":"Drug Dealer","floor":20,"gold_loss":0},{"damage_healed":0,"gold_gain":0,"player_choice":"Ignored","damage_taken":0,"max_hp_gain":0,"max_hp_loss":0,"event_name":"Beggar","floor":23,"gold_loss":0},{"damage_healed":0,"gold_gain":0,"player_choice":"Obtained Book","damage_taken":21,"max_hp_gain":0,"max_hp_loss":0,"event_name":"Cursed Tome","floor":30,"gold_loss":0},{"damage_healed":0,"gold_gain":999,"player_choice":"Gold","damage_taken":0,"max_hp_gain":0,"max_hp_loss":0,"event_name":"MindBloom","floor":38,"gold_loss":0,"cards_obtained":["Normality","Normality"]},{"cards_removed":["Electrodynamics"],"damage_healed":0,"gold_gain":0,"player_choice":"Removed Power","damage_taken":0,"max_hp_gain":0,"max_hp_loss":0,"event_name":"Falling","floor":39,"gold_loss":0},{"damage_healed":0,"gold_gain":0,"player_choice":"Max HP","damage_taken":0,"max_hp_gain":0,"max_hp_loss":4,"event_name":"Winding Halls","floor":41,"gold_loss":0}],"is_beta":false,"boss_relics":[{"not_picked":["Sozu","Cursed Key"],"picked":"Snecko Eye"},{"not_picked":["SacredBark","Runic Dome"],"picked":"Coffee Dripper"}],"items_purged_floors":[47,50],"is_endless":false,"potions_floor_spawned":[11,17,22,25,31,35,40,43,48,51],"ascension_level":16}}