{"host":"bgptblc1sp470rxq","time":1613390072,"event":{"mods":["BaseMod","Colored Map","Highlight Path","Hubris","Minty Spire (QoL Compilation)","Quick Restart","Replay The Spire","StSLib","Waifu the Spire","[IsaacMod]ÒÔÈö¼âËþ"],"gold_per_floor":[117,136,154,2,2,2,2,22,45,59,94,105,105,116,116,193,193,205,205,30,0,20,20,20,34,34,34,44,44,44,57,57,57,57],"floor_reached":33,"language":"ZHS","playtime":1431,"items_purged":["Strike_G","Strike_G"],"score":548,"play_id":"01d6dfa8-930e-4d39-822a-b5fb4ac53f58","local_time":"20210215195432","is_ascension_mode":true,"campfire_choices":[{"data":"Concentrate","floor":6.0,"key":"SMITH"},{"data":"Reflex","floor":13,"key":"SMITH"},{"data":"Acrobatics","floor":15,"key":"SMITH"},{"data":"Bouncing Flask","floor":23,"key":"SMITH"},{"data":"Neutralize","floor":27,"key":"SMITH"},{"data":"Malaise","floor":30,"key":"SMITH"},{"data":"Prepared","floor":32,"key":"SMITH"}],"circlet_count":0,"master_deck":["AscendersBane","Strike_G","Strike_G","Strike_G","Defend_G","Defend_G+1","Defend_G","Defend_G","Defend_G+1","Survivor","Neutralize+1","Reflex+1","Bouncing Flask+1","Concentrate+1","Acrobatics+1","Poisoned Stab","Malaise+1","Crippling Poison","Replay:AtTheReady","Prepared+1"],"relics":["Ring of the Snake","HushsDoor","BelialBook","NeowsBlessing","hubris:CrystalStatue","War Paint","hubris:Spice","Runic Pyramid","Ancient Tea Set"],"acts_visited":["Exordium","TheCity"],"potions_floor_usage":[33],"damage_taken":[{"damage":0.0,"enemies":"Small Slimes","floor":1.0,"turns":1.0},{"damage":0.0,"enemies":"2 Louse","floor":2.0,"turns":1.0},{"damage":0.0,"enemies":"Cultist","floor":3.0,"turns":1.0},{"damage":1.0,"enemies":"Large Slime","floor":8.0,"turns":6.0},{"damage":0.0,"enemies":"Lots of Slimes","floor":10.0,"turns":3.0},{"damage":0.0,"enemies":"3 Sentries","floor":11.0,"turns":4.0},{"damage":17,"enemies":"Exordium Wildlife","floor":12,"turns":4},{"damage":0,"enemies":"Looter","floor":14,"turns":3},{"damage":4,"enemies":"The Guardian","floor":16,"turns":8},{"damage":14,"enemies":"3 Byrds","floor":18,"turns":7},{"damage":13,"enemies":"2 Thieves","floor":21,"turns":4},{"damage":13,"enemies":"Chosen and Byrds","floor":22,"turns":7},{"damage":0,"enemies":"Centurion and Healer","floor":25,"turns":7},{"damage":0,"enemies":"Snecko","floor":28,"turns":7},{"damage":0,"enemies":"3 Cultists","floor":31,"turns":3},{"damage":19,"enemies":"Automaton","floor":33,"turns":9}],"seed_played":"-4625653932297769954","potions_obtained":[{"floor":8.0,"key":"Weak Potion"},{"floor":12,"key":"Swift Potion"},{"floor":14,"key":"Energy Potion"},{"floor":18,"key":"BlessingOfTheForge"}],"is_trial":false,"path_per_floor":["M","M","M","$","?","R","$","M","T","M","E","M","R","M","R","B",null,"M","?","$","M","M","R","?","M","T","R","M","?","R","M","R","B"],"character_chosen":"THE_SILENT","items_purchased":["Concentrate","Crippling Poison"],"campfire_rested":0,"item_purchase_floors":[4,20],"current_hp_per_floor":[59,59,59,59,54,54,54,53,53,53,61,44,44,44,44,40,66,52,37,37,24,11,11,11,11,19,19,19,19,19,19,19,0,0],"gold":57,"neow_bonus":"THREE_ENEMY_KILL","is_daily":false,"chose_seed":false,"campfire_upgraded":7,"win_rate":0.0,"timestamp":1613390072,"path_taken":["M","M","M","$","?","R","$","M","T","M","E","M","R","M","R","BOSS","M","?","$","?","M","R","?","M","T","R","M","?","R","M","R","BOSS"],"items_purchased_type":["Card","Card"],"build_version":"2020-12-22","purchased_purges":2,"victory":false,"max_hp_per_floor":[66,66,66,66,66,66,66,66,66,66,74,74,74,74,74,74,74,74,74,74,74,74,74,74,74,82,82,82,82,82,82,82,82,82],"card_choices":[{"not_picked":["Outmaneuver","hubris:TrickCloak","Cloak And Dagger"],"picked":"SKIP","floor":1.0},{"not_picked":["Heel Hook","Infinite Blades"],"picked":"Reflex","floor":2.0},{"not_picked":["PiercingWail","ReplayTheSpireMod:Exploit Weakness"],"picked":"Bouncing Flask","floor":3.0},{"not_picked":["Slice","Sucker Punch","All Out Attack"],"picked":"SKIP","floor":8.0},{"not_picked":["ReplayTheSpireMod:From All Sides","Slice","Outmaneuver"],"picked":"SKIP","floor":10.0},{"not_picked":["Dodge and Roll","hubris:SlightOfHand"],"picked":"Acrobatics","floor":11.0},{"not_picked":["PiercingWail","Infinite Blades","Acrobatics"],"picked":"SKIP","floor":12},{"not_picked":["Fluid Movement","Poisoned Stab","Flying Knee"],"picked":"SKIP","floor":14},{"not_picked":["Fluid Movement","Flying Knee"],"picked":"Poisoned Stab","floor":14},{"not_picked":["Envenom","Phantasmal Killer"],"picked":"Malaise","floor":16},{"not_picked":["All Out Attack","hubris:Counter","Finisher"],"picked":"SKIP","floor":18},{"not_picked":["Dagger Spray","hubris:Sniper+1","Slice"],"picked":"SKIP","floor":21},{"not_picked":["Hidden Blade","Backflip","Cloak And Dagger"],"picked":"SKIP","floor":22},{"not_picked":["Hidden Blade","Acrobatics","Grand Finale"],"picked":"SKIP","floor":25},{"not_picked":["Bane","Acrobatics","Dagger Throw"],"picked":"SKIP","floor":28},{"not_picked":["Dagger Throw","Prepared","Outmaneuver"],"picked":"SKIP","floor":31},{"not_picked":["Dagger Throw","Outmaneuver"],"picked":"Prepared","floor":31}],"player_experience":257368,"relics_obtained":[{"floor":9.0,"key":"War Paint"},{"floor":11.0,"key":"hubris:Spice"},{"floor":26,"key":"hubris:Spice"}],"event_choices":[{"damage_healed":0.0,"max_hp_gain":0.0,"max_hp_loss":0.0,"gold_gain":0.0,"event_name":"Scrap Ooze","player_choice":"Success","floor":5.0,"gold_loss":0.0,"damage_taken":5.0,"relics_obtained":["hubris:CrystalStatue"]},{"damage_healed":0,"gold_gain":0,"player_choice":"Read","damage_taken":0,"max_hp_gain":0,"max_hp_loss":0,"event_name":"The Library","floor":24,"gold_loss":0,"cards_obtained":["Replay:AtTheReady"]}],"is_beta":false,"boss_relics":[{"not_picked":["SacredBark","Sozu"],"picked":"Runic Pyramid"},{"not_picked":[]}],"items_purged_floors":[4,20],"is_endless":false,"potions_floor_spawned":[8,12,14,18,22,28],"killed_by":"Automaton","ascension_level":20}}