{"host":"yn1175etg9ni8l0q","time":1613392685,"event":{"mods":["AchievementEnabler","BaseMod","Colored Map","Colored Powertips","DeckTracker","Minty Spire (QoL Compilation)","Rare Cards Sparkle","Relic Stats","SuperFastMode","everything is the same but u backflip on backflip"],"gold_per_floor":[116,116,132,147,159,159,234,234,234,248,267,281,281,300,300,402,402,413,513,530,546,563,563,577,155,155,170,270,270,305,322,322,424,424,439,439,451,451,351,351,226,226,253,103,13,32,32,50,50,50],"floor_reached":51,"language":"KOR","playtime":1475,"items_purged":["Strike_G","Strike_G","Defend_G","Defend_G"],"score":688,"play_id":"2531076e-f478-4dd7-9114-995d6b6db14d","local_time":"20210215213805","is_ascension_mode":false,"campfire_choices":[{"data":"Blade Dance","floor":6,"key":"SMITH"},{"data":"Eviscerate","floor":8,"key":"SMITH"},{"data":"Poisoned Stab","floor":13,"key":"SMITH"},{"floor":15,"key":"REST"},{"data":"Venomology","floor":23,"key":"SMITH"},{"data":"Apotheosis","floor":29,"key":"SMITH"},{"floor":32,"key":"REST"},{"data":"1","floor":40,"key":"LIFT"},{"data":"2","floor":42,"key":"LIFT"},{"data":"3","floor":47,"key":"LIFT"},{"data":"Calculated Gamble","floor":49,"key":"SMITH"}],"circlet_count":0,"master_deck":["Defend_G","Survivor","Neutralize","Poisoned Stab+1","Blade Dance+1","Eviscerate+1","Acrobatics","Adrenaline","Dagger Throw","Venomology+1","Choke","Backflip","Cloak And Dagger+1","Apotheosis+1","Prepared","Footwork+1","Calculated Gamble+1","Malaise","Concentrate+1","Bane+1","Escape Plan+1","Acrobatics","Deep Breath","Master of Strategy","Finesse"],"relics":["Ring of the Snake","Frozen Egg 2","WristBlade","Lee\u0027s Waffle","Regal Pillow","Girya","Question Card","Tingsha","Astrolabe","Pen Nib","Ancient Tea Set"],"acts_visited":["Exordium","TheCity","TheBeyond"],"potions_floor_usage":[16,16,24,28,28,28,29,31,33,35,35,48,48,50,50],"damage_taken":[{"damage":0,"enemies":"Jaw Worm","floor":1,"turns":6},{"damage":0,"enemies":"2 Louse","floor":3,"turns":2},{"damage":0,"enemies":"Cultist","floor":4,"turns":3},{"damage":3,"enemies":"Exordium Thugs","floor":5,"turns":6},{"damage":2,"enemies":"Blue Slaver","floor":10,"turns":4},{"damage":10,"enemies":"3 Louse","floor":11,"turns":3},{"damage":5,"enemies":"Exordium Wildlife","floor":12,"turns":3},{"damage":0,"enemies":"2 Fungi Beasts","floor":14,"turns":2},{"damage":25,"enemies":"Hexaghost","floor":16,"turns":6},{"damage":14,"enemies":"Spheric Guardian","floor":18,"turns":4},{"damage":4,"enemies":"Shell Parasite","floor":20,"turns":4},{"damage":16,"enemies":"Centurion and Healer","floor":21,"turns":5},{"damage":11,"enemies":"Cultist and Chosen","floor":22,"turns":5},{"damage":18,"enemies":"Snake Plant","floor":24,"turns":4},{"damage":21,"enemies":"Centurion and Healer","floor":27,"turns":6},{"damage":20,"enemies":"Colosseum Slavers","floor":28,"turns":4},{"damage":0,"enemies":"Colosseum Nobs","floor":28,"turns":3},{"damage":22,"enemies":"Slavers","floor":30,"turns":4},{"damage":10,"enemies":"Cultist and Chosen","floor":31,"turns":3},{"damage":31,"enemies":"Collector","floor":33,"turns":8},{"damage":0,"enemies":"3 Shapes","floor":35,"turns":4},{"damage":12,"enemies":"Orb Walker","floor":37,"turns":3},{"damage":0,"enemies":"4 Shapes","floor":46,"turns":2},{"damage":0,"enemies":"Maw","floor":48,"turns":1},{"damage":28,"enemies":"Time Eater","floor":50,"turns":8}],"seed_played":"8740915721052959124","potions_obtained":[{"floor":3,"key":"Regen Potion"},{"floor":5,"key":"Fire Potion"},{"floor":12,"key":"SteroidPotion"},{"floor":14,"key":"Ancient Potion"},{"floor":16,"key":"Dexterity Potion"},{"floor":18,"key":"Poison Potion"},{"floor":28,"key":"Fruit Juice"},{"floor":31,"key":"FearPotion"},{"floor":48,"key":"Strength Potion"}],"is_trial":false,"path_per_floor":["M","?","M","M","M","R","?","R","T","M","M","M","R","M","R","B",null,"M","?","M","M","M","R","M","$","T","M","?","R","E","M","R","B",null,"M","?","M","?","$","R","$","R","T","$","?","M","R","M","R","B",null],"character_chosen":"THE_SILENT","items_purchased":["Apotheosis","Lee\u0027s Waffle"],"campfire_rested":2,"item_purchase_floors":[25,25],"current_hp_per_floor":[49,49,49,49,46,46,35,35,35,33,23,18,18,18,39,14,70,56,56,52,36,25,25,7,77,77,56,36,41,19,9,48,32,82,82,78,66,56,56,56,56,56,56,56,56,56,56,56,56,28],"gold":50,"neow_bonus":"REMOVE_TWO","is_daily":false,"chose_seed":false,"campfire_upgraded":6,"win_rate":0.0,"timestamp":1613392685,"path_taken":["M","?","M","M","M","R","?","R","T","?","M","M","R","M","R","BOSS","M","?","?","M","M","R","M","$","T","M","?","R","E","M","R","BOSS","M","?","M","?","$","R","$","R","T","$","?","M","R","?","R","BOSS"],"items_purchased_type":["Card","Relic"],"build_version":"2020-12-22","purchased_purges":4,"victory":true,"max_hp_per_floor":[70,70,70,70,70,70,70,70,70,70,70,70,70,70,70,70,70,70,70,70,70,70,70,70,77,77,77,77,82,82,82,82,82,82,82,78,78,78,78,78,78,78,78,78,78,78,78,78,78,78],"relic_stats":{"Lee\u0027s Waffle":70,"Regal Pillow":15,"counters":[25,103],"Astrolabe":["Concentrate","Bane","Escape Plan"],"Tingsha":[419],"Pen Nib":[3],"Question Card":10,"obtain_stats":[{"Girya":28,"Lee\u0027s Waffle":25,"Regal Pillow":26,"WristBlade":17,"Astrolabe":34,"Tingsha":30,"Pen Nib":43,"Frozen Egg 2":9,"Question Card":28,"Ancient Tea Set":45,"Ring of the Snake":0},{"Girya":17,"Lee\u0027s Waffle":14,"Regal Pillow":14,"WristBlade":9,"Astrolabe":20,"Tingsha":18,"Pen Nib":22,"Frozen Egg 2":4,"Question Card":17,"Ancient Tea Set":22,"Ring of the Snake":0},{"Girya":70,"Lee\u0027s Waffle":57,"Regal Pillow":57,"WristBlade":35,"Astrolabe":85,"Tingsha":74,"Pen Nib":92,"Frozen Egg 2":17,"Question Card":70,"Ancient Tea Set":92,"Ring of the Snake":0}],"Ring of the Snake":[50]},"card_choices":[{"not_picked":["Dagger Spray","Heel Hook"],"picked":"Poisoned Stab","floor":1},{"not_picked":["Leg Sweep","Bane"],"picked":"Blade Dance","floor":3},{"not_picked":["Noxious Fumes","Prepared","Distraction"],"picked":"SKIP","floor":4},{"not_picked":["Outmaneuver","Prepared"],"picked":"Eviscerate","floor":5},{"not_picked":["Calculated Gamble","Cloak And Dagger"],"picked":"Acrobatics","floor":10},{"not_picked":["Slice","Finisher","Dagger Spray"],"picked":"SKIP","floor":11},{"not_picked":["Poisoned Stab","Blade Dance"],"picked":"Adrenaline","floor":12},{"not_picked":["Blur","Prepared"],"picked":"Dagger Throw","floor":14},{"not_picked":["Unload","Envenom+1"],"picked":"Venomology","floor":16},{"not_picked":["Deadly Poison+1","Bane"],"picked":"Choke","floor":18},{"not_picked":["Dash","Deflect","Dodge and Roll+1"],"picked":"SKIP","floor":20},{"not_picked":["Underhanded Strike+1","Leg Sweep"],"picked":"Backflip","floor":21},{"not_picked":["Quick Slash+1","Backflip","Finisher"],"picked":"SKIP","floor":22},{"not_picked":["Leg Sweep","Backflip"],"picked":"Cloak And Dagger+1","floor":24},{"not_picked":["Masterful Stab","Cloak And Dagger","Quick Slash+1"],"picked":"SKIP","floor":27},{"not_picked":["Caltrops+1","Infinite Blades+1"],"picked":"Prepared","floor":28},{"not_picked":["Backflip+1","Bouncing Flask+1","Calculated Gamble"],"picked":"Footwork+1","floor":30},{"not_picked":["Prepared","Choke","Well Laid Plans+1"],"picked":"Calculated Gamble","floor":31},{"not_picked":["Tools of the Trade+1","Glass Knife","Storm of Steel"],"picked":"Malaise","floor":33},{"not_picked":["Setup+1","Dagger Throw+1","Concentrate"],"picked":"Acrobatics","floor":35},{"not_picked":["Blade Dance","Bane","Prepared","Accuracy+1"],"picked":"SKIP","floor":37},{"not_picked":["Blind","Sadistic Nature+1","Chrysalis"],"picked":"Deep Breath","floor":38},{"not_picked":["Discovery","Panache+1","Chrysalis"],"picked":"Master of Strategy","floor":38},{"not_picked":["Madness","Thinking Ahead","Forethought"],"picked":"Finesse","floor":38},{"not_picked":["Cloak And Dagger+1","Blade Dance+1","Bane","Dodge and Roll+1"],"picked":"SKIP","floor":46},{"not_picked":["Bane","Dodge and Roll+1","Slice+1","Deadly Poison"],"picked":"SKIP","floor":48}],"player_experience":386430,"relics_obtained":[{"floor":9,"key":"Frozen Egg 2"},{"floor":26,"key":"Regal Pillow"},{"floor":28,"key":"Girya"},{"floor":28,"key":"Question Card"},{"floor":30,"key":"Tingsha"},{"floor":43,"key":"Pen Nib"}],"event_choices":[{"damage_healed":0,"gold_gain":0,"player_choice":"Ignored","damage_taken":0,"max_hp_gain":0,"max_hp_loss":0,"event_name":"Liars Game","floor":2,"gold_loss":0},{"damage_healed":0,"gold_gain":75,"player_choice":"Gather Gold","damage_taken":11,"max_hp_gain":0,"max_hp_loss":0,"event_name":"World of Goop","floor":7,"gold_loss":0},{"damage_healed":0,"gold_gain":100,"player_choice":"Pray","damage_taken":0,"max_hp_gain":0,"max_hp_loss":0,"event_name":"Golden Shrine","floor":19,"gold_loss":0},{"damage_healed":0,"gold_gain":0,"player_choice":"Fight","damage_taken":0,"max_hp_gain":0,"max_hp_loss":0,"event_name":"Colosseum","floor":28,"gold_loss":0},{"damage_healed":0,"gold_gain":0,"player_choice":"Fought Nobs","damage_taken":0,"max_hp_gain":0,"max_hp_loss":0,"event_name":"Colosseum","floor":28,"gold_loss":0},{"damage_healed":0,"gold_gain":0,"player_choice":"Max HP","damage_taken":0,"max_hp_gain":0,"max_hp_loss":4,"event_name":"Winding Halls","floor":36,"gold_loss":0},{"damage_healed":0,"gold_gain":0,"player_choice":"Memory 3","damage_taken":10,"max_hp_gain":0,"max_hp_loss":0,"event_name":"SensoryStone","floor":38,"gold_loss":0},{"damage_healed":0,"gold_gain":0,"player_choice":"Paid Gold","damage_taken":0,"relics_obtained":["Ancient Tea Set"],"max_hp_gain":0,"max_hp_loss":0,"event_name":"WeMeetAgain","floor":45,"gold_loss":90}],"is_beta":false,"boss_relics":[{"not_picked":["Ring of the Serpent","Snecko Eye"],"picked":"WristBlade"},{"not_picked":["Runic Pyramid","Runic Dome"],"picked":"Astrolabe"}],"items_purged_floors":[25,39,41,44],"is_endless":false,"potions_floor_spawned":[3,5,12,14,16,18,20,21,24,28,31,37,46,48],"ascension_level":0}}