{"host":"Christian","time":1613358927,"event":{"mods":["BaseMod","Colored Powertips","Minty Spire (QoL Compilation)","Relic Stats","StSLib"],"gold_per_floor":[367,383,151,161,176,176,176,186,210,50,50,83,83,83,83,160,160,170,190,200,125,143,143,143,168,193,193,193],"floor_reached":27,"language":"ENG","playtime":1614,"items_purged":["Clumsy"],"score":566,"play_id":"5157e139-ae99-4fe9-9924-17ab34f294b6","local_time":"20210214211527","is_ascension_mode":true,"campfire_choices":[{"floor":6.0,"key":"REST"},{"data":"Blade Dance","floor":11.0,"key":"SMITH"},{"data":"Accuracy","floor":13.0,"key":"SMITH"},{"data":"Well Laid Plans","floor":15.0,"key":"SMITH"},{"floor":23,"key":"REST"}],"circlet_count":0,"master_deck":["AscendersBane","Strike_G","Strike_G","Strike_G","Strike_G","Defend_G","Defend_G","Defend_G","Defend_G","Defend_G","Survivor","Neutralize","Quick Slash","Acrobatics","Blade Dance+1","Dagger Spray","Quick Slash","Escape Plan","After Image","Infinite Blades","Well Laid Plans+1","Accuracy+1","Terror","Adrenaline","Neutralize","Burst","Burst","Cloak And Dagger","Bouncing Flask","Deflect","Choke"],"relics":["Ring of the Snake","Orrery","Pen Nib","Bag of Marbles","Nunchaku","WristBlade","Boot","Potion Belt"],"acts_visited":["Exordium","TheCity"],"potions_floor_usage":[25],"damage_taken":[{"damage":9.0,"enemies":"Small Slimes","floor":1.0,"turns":7.0},{"damage":3.0,"enemies":"Cultist","floor":2.0,"turns":5.0},{"damage":0.0,"enemies":"2 Louse","floor":4.0,"turns":2.0},{"damage":22.0,"enemies":"Gremlin Gang","floor":5.0,"turns":4.0},{"damage":3.0,"enemies":"Looter","floor":8.0,"turns":4.0},{"damage":17.0,"enemies":"3 Sentries","floor":12.0,"turns":5.0},{"damage":0.0,"enemies":"Slime Boss","floor":16.0,"turns":7.0},{"damage":11.0,"enemies":"Spheric Guardian","floor":18.0,"turns":4.0},{"damage":0.0,"enemies":"Shell Parasite","floor":19.0,"turns":1.0},{"damage":19.0,"enemies":"Snake Plant","floor":20.0,"turns":4.0},{"damage":6.0,"enemies":"Chosen and Byrds","floor":22.0,"turns":4.0},{"damage":36,"enemies":"Gremlin Leader","floor":25,"turns":6},{"damage":22,"enemies":"Snecko","floor":27,"turns":4}],"seed_played":"-7916251823071410648","potions_obtained":[{"floor":1.0,"key":"Poison Potion"},{"floor":4.0,"key":"LiquidBronze"},{"floor":16.0,"key":"LiquidMemories"},{"floor":18.0,"key":"Ancient Potion"},{"floor":19.0,"key":"LiquidBronze"},{"floor":20.0,"key":"Regen Potion"}],"is_trial":false,"path_per_floor":["M","M","$","M","M","R","?","M","T","$","R","E","R","?","R","B",null,"M","M","M","?","M","R","?","E","T","M"],"character_chosen":"THE_SILENT","items_purchased":["Orrery","Accuracy","Terror"],"campfire_rested":2,"item_purchase_floors":[3,10,10],"current_hp_per_floor":[50,47,47,47,25,44,44,41,41,41,41,24,24,24,24,24,56,45,45,26,26,20,39,39,15,15,0,0],"gold":193,"neow_bonus":"TWO_FIFTY_GOLD","is_daily":false,"chose_seed":true,"campfire_upgraded":3,"win_rate":0.0,"timestamp":1613358927,"path_taken":["M","M","$","M","M","R","?","M","T","?","R","E","R","?","R","BOSS","M","?","M","?","M","R","?","E","T","M"],"items_purchased_type":["Relic","Card","Card"],"build_version":"2020-12-18","purchased_purges":1,"victory":false,"max_hp_per_floor":[66,66,66,66,66,66,66,66,66,66,66,66,66,66,66,66,66,66,66,66,66,66,66,66,66,66,66,66],"relic_stats":{"Nunchaku":[8],"counters":[13,57],"Pen Nib":[11],"Boot":[3],"obtain_stats":[{"Potion Belt":26,"Nunchaku":12,"WristBlade":17,"Orrery":3,"Pen Nib":7,"Bag of Marbles":9,"Boot":25,"Ring of the Snake":0},{"Potion Belt":12,"Nunchaku":6,"WristBlade":7,"Orrery":2,"Pen Nib":4,"Bag of Marbles":5,"Boot":12,"Ring of the Snake":0},{"Potion Belt":53,"Nunchaku":27,"WristBlade":34,"Orrery":12,"Pen Nib":18,"Bag of Marbles":22,"Boot":53,"Ring of the Snake":0}],"Ring of the Snake":[26]},"card_choices":[{"not_picked":["PiercingWail","Prepared"],"picked":"Quick Slash","floor":1.0},{"not_picked":["Outmaneuver","Tactician"],"picked":"Acrobatics","floor":2.0},{"not_picked":["Deflect","Cloak And Dagger"],"picked":"Blade Dance","floor":3.0},{"not_picked":["Deadly Poison","PiercingWail"],"picked":"Dagger Spray","floor":3.0},{"not_picked":["Dagger Throw","Prepared"],"picked":"Quick Slash","floor":3.0},{"not_picked":["Outmaneuver","Dodge and Roll"],"picked":"Escape Plan","floor":3.0},{"not_picked":["Deflect","Expertise"],"picked":"After Image","floor":3.0},{"not_picked":["Underhanded Strike","Prepared"],"picked":"Infinite Blades","floor":4.0},{"not_picked":["Prepared","Quick Slash"],"picked":"Well Laid Plans","floor":5.0},{"not_picked":["Catalyst","Bane","Concentrate"],"picked":"SKIP","floor":8.0},{"not_picked":["Poisoned Stab","Storm of Steel"],"picked":"Adrenaline","floor":12.0},{"not_picked":["Unload","Envenom"],"picked":"Burst","floor":16.0},{"not_picked":["Infinite Blades+1","Underhanded Strike","Deflect"],"picked":"SKIP","floor":18.0},{"not_picked":["Catalyst","Caltrops"],"picked":"Cloak And Dagger","floor":19.0},{"not_picked":["Dodge and Roll","All Out Attack"],"picked":"Bouncing Flask","floor":20.0},{"not_picked":["Poisoned Stab","Underhanded Strike"],"picked":"Deflect","floor":22.0},{"not_picked":["Quick Slash","All Out Attack"],"picked":"Choke","floor":25}],"player_experience":107938,"relics_obtained":[{"floor":9.0,"key":"Bag of Marbles"},{"floor":12.0,"key":"Nunchaku"},{"floor":25,"key":"Boot"},{"floor":26,"key":"Potion Belt"}],"event_choices":[{"damage_healed":0.0,"max_hp_gain":0.0,"max_hp_loss":0.0,"gold_gain":0.0,"event_name":"WeMeetAgain","player_choice":"Gave Potion","floor":7.0,"gold_loss":0.0,"damage_taken":0.0,"relics_obtained":["Pen Nib"]},{"damage_healed":0.0,"max_hp_gain":0.0,"max_hp_loss":0.0,"gold_gain":0.0,"event_name":"Match and Keep!","player_choice":"2 cards matched","floor":14.0,"gold_loss":0.0,"damage_taken":0.0,"cards_obtained":["Neutralize","Burst"]},{"cards_removed":["Strike_G"],"damage_healed":0.0,"max_hp_gain":0.0,"max_hp_loss":0.0,"gold_gain":0.0,"event_name":"Beggar","player_choice":"Gave Gold","floor":21.0,"gold_loss":75.0,"damage_taken":0.0},{"damage_healed":0,"gold_gain":0,"player_choice":"Ignored","damage_taken":0,"max_hp_gain":0,"max_hp_loss":0,"event_name":"Vampires","floor":24,"gold_loss":0}],"is_beta":true,"boss_relics":[{"not_picked":["Coffee Dripper","Ring of the Serpent"],"picked":"WristBlade"}],"items_purged_floors":[3],"is_endless":false,"potions_floor_spawned":[1,4,16,18,19,20],"killed_by":"Snecko","ascension_level":20}}