{"host":"buycw3k5d5tgqflx","time":1613428861,"event":{"mods":["AchievementEnabler","Act Like it!","Aspiration","BaseMod","Better Altar","Better Match","Better Note","Better Sensory Stone","Better Skull","Better Third Choice","Downfall","Gensokyo","Halation","Hallownest","Hubris","Infinite Spire","Minty Spire (QoL Compilation)","Quick Restart","Rare Cards Sparkle","Relic Stats","Remilia??????","Replay The Spire","StSLib","The Bug Knight","The Jungle"],"gold_per_floor":[119,130,60,60,60,60,89,106,106,138,152,152,152,162,162,258,258,270,283,283,383,393,393,393,413,413,413,426,437,450,482,482,584,584,594,594,610,610,610,623,104,104,264,264,264,264,264,189,209,244,244,344,344,346,346,430,427,441,441,424,424],"floor_reached":60,"language":"ENG","playtime":4112,"items_purged":["Pride"],"score":858,"play_id":"c878c8c9-1229-4067-a166-b2b859f19bdf","local_time":"20210215174101","is_ascension_mode":false,"campfire_choices":[{"data":"HollowMod:SiblingsSouls","floor":6,"key":"SMITH"},{"data":"HollowMod:BrokenVessel","floor":13,"key":"SMITH"},{"data":"HollowMod:FocusHealStart","floor":24,"key":"SMITH"},{"data":"HollowMod:RecoilStrike","floor":27,"key":"SMITH"},{"data":"HollowMod:RecoilStrike","floor":32,"key":"SMITH"},{"floor":42,"key":"RECALL"},{"data":"HollowMod:TaintedHusks","floor":46,"key":"SMITH"},{"data":"HollowMod:HuntersJournal","floor":51,"key":"SMITH"},{"data":"HollowMod:MantisMark","floor":59,"key":"SMITH"}],"circlet_count":0,"master_deck":["HollowMod:NailStrikeStart","HollowMod:NailStrikeStart","HollowMod:NailStrikeStart","HollowMod:NailStrikeStart","HollowMod:QuickDashStart","HollowMod:QuickDashStart","HollowMod:QuickDashStart","HollowMod:QuickDashStart","HollowMod:FocusHealStart+1","HollowMod:PogoStrike","HollowMod:BrokenVessel+1","HollowMod:SiblingsSouls+1","infinitespire:FinalStrike+1","HollowMod:RecoilStrike+1","HollowMod:HuntersJournal+1","HollowMod:SlysStrikes+1","HollowMod:PureNailStrike+1","HollowMod:RecoilStrike+1","HollowMod:MantisMark+1","HollowMod:GoodIntentions","HollowMod:DashSlash+1","HollowMod:HornetsHelp+1","HollowMod:MonarchWings+1","HollowMod:TaintedHusks+1","HollowMod:DoubleDash+1","HollowMod:MantisMark+1","Trip+1","infinitespire:Menacing","HollowMod:LifebloodCore+1","HollowMod:DashSlash","HollowMod:DashSlash","HollowMod:VengefulSpirit","HollowMod:DreamGate"],"relics":["HollowMod:VesselMask","NeowsBlessing","Hallownest:StagBellRelic1","aspiration:FrozenJewel","hubris:EvacipatedBox","hubris:KleinBottle","Golden Egg","Blue Doll","Hallownest:SalubrasBlessingRelic","Coffee Dripper","halation:PinkSoulGem","ReplayFunnel","Bag of Preparation","infinitespire:Beetle Shell","Prayer Wheel","Smiling Mask","aspiration:RitualDagger","HollowMod:PaleOreRelic","Replay:Bottled Steam","Hallownest:GodTamersBeastRelic","Lantern","Boot","Mercury Hourglass","hubris:ScarierMask","Nunchaku","halation:Risk"],"acts_visited":["Exordium","Hallownest:Greenpath","theJungle:Jungle","Exordium"],"potions_floor_usage":[8,11,16,16,16,22,29,29,29,29,29,31,60],"damage_taken":[{"damage":0,"enemies":"Hallownest:2_Baldur","floor":1,"turns":1},{"damage":0,"enemies":"Hallownest:2_Tiktiks_and_1_Crawlid","floor":2,"turns":1},{"damage":0,"enemies":"Hallownest:eliteCrystalGuardian","floor":7,"turns":1},{"damage":5,"enemies":"Hallownest:monsterHuskGuard","floor":8,"turns":2},{"damage":0,"enemies":"Hallownest:eliteMossKnight","floor":10,"turns":3},{"damage":0,"enemies":"Hallownest:2_Tiktiks_1_Baldur_1_Crawlid","floor":11,"turns":5},{"damage":0,"enemies":"Hallownest:monsterMossCharger","floor":14,"turns":1},{"damage":17,"enemies":"Hallownest:BossBrokenVessel","floor":16,"turns":5},{"damage":4,"enemies":"theJungle:MUSHROOMGANG","floor":18,"turns":3},{"damage":12,"enemies":"theJungle:GiantWrat","floor":19,"turns":4},{"damage":0,"enemies":"theJungle:Lyon","floor":22,"turns":2},{"damage":0,"enemies":"Snake Plant","floor":25,"turns":1},{"damage":0,"enemies":"theJungle:2_Snecko_Cultists","floor":28,"turns":3},{"damage":4,"enemies":"theJungle:Lyon","floor":29,"turns":2},{"damage":23,"enemies":"theJungle:2_Flameangoes","floor":30,"turns":5},{"damage":13,"enemies":"theJungle:2_Phrogs","floor":31,"turns":5},{"damage":11,"enemies":"theJungle:TotemBoss","floor":33,"turns":8},{"damage":15,"enemies":"Hallownest:3_Siblings","floor":35,"turns":5},{"damage":16,"enemies":"Hallownest:2_Littles","floor":37,"turns":4},{"damage":19,"enemies":"Hallownest:2_Great","floor":40,"turns":5},{"damage":6,"enemies":"Hallownest:2_Great","floor":43,"turns":2},{"damage":13,"enemies":"Hallownest:2_Great","floor":43,"turns":4},{"damage":18,"enemies":"Hallownest:2_Great","floor":43,"turns":6},{"damage":6,"enemies":"Hallownest:2_Great","floor":43,"turns":2},{"damage":18,"enemies":"Hallownest:2_Wing_and_1_Kings","floor":49,"turns":4},{"damage":23,"enemies":"Nightmare","floor":50,"turns":6},{"damage":23,"enemies":"Hallownest:Radiance","floor":52,"turns":7},{"damage":3,"enemies":"Jaw Worm","floor":54,"turns":2},{"damage":6,"enemies":"Cultist","floor":57,"turns":2},{"damage":3,"enemies":"2 Louse","floor":58,"turns":1},{"damage":84,"enemies":"Nightmare","floor":60,"turns":3}],"seed_played":"-1754331537706914176","potions_obtained":[{"floor":1,"key":"Swift Potion"},{"floor":10,"key":"ColorlessPotion"},{"floor":11,"key":"GamblersBrew"},{"floor":15,"key":"Death Potion"},{"floor":15,"key":"DistilledChaos"},{"floor":16,"key":"Strength Potion"},{"floor":18,"key":"Venom Potion"},{"floor":22,"key":"EntropicBrew"},{"floor":28,"key":"Weak Potion"},{"floor":29,"key":"Elixir"},{"floor":31,"key":"Milkshake"},{"floor":37,"key":"BlessingOfTheForge"},{"floor":49,"key":"ColorlessPotion"}],"is_trial":false,"path_per_floor":["M","M","?","T","$","R","E","M","T","E","M","?","R","M","R","B",null,"M","M","?","?","M","?","R","M","T","R","M","M","M","E","R","B",null,"M","?","M","PTL","PTL","M","$","R","?","?","T","R","AVR","?","M","NM","R","B",null,"M","AVR","?","M","M","R","NM"],"character_chosen":"THE_BUGKNIGHT","items_purchased":["hubris:EvacipatedBox","hubris:KleinBottle","HollowMod:PaleOreRelic","HollowMod:MantisMark","Replay:Bottled Steam"],"campfire_rested":0,"item_purchase_floors":[5,5,41,41,41],"current_hp_per_floor":[75,75,75,75,37,37,37,32,32,32,32,32,32,32,32,15,75,71,59,59,59,59,7,7,7,7,7,13,21,4,9,9,8,75,60,60,50,50,50,31,31,31,75,75,75,75,75,75,75,75,75,75,75,75,75,45,53,53,53,0,0],"gold":424,"neow_bonus":"THREE_ENEMY_KILL","is_daily":false,"chose_seed":false,"campfire_upgraded":8,"win_rate":0.0,"timestamp":1613428861,"path_taken":["M","M","?","?","?","R","E","M","T","E","M","?","R","M","R","BOSS","M","M","?","?","?","?","R","M","T","R","?","M","M","E","R","BOSS","M","?","M","PTL","PTL","M","$","R","?","?","T","R","AVR","?","M","NM","R","BOSS","M","AVR","?","M","M","R","NM"],"items_purchased_type":["Relic","Relic","Relic","Card","Relic"],"build_version":"2020-12-22","purchased_purges":1,"victory":false,"max_hp_per_floor":[75,75,75,75,75,75,75,75,75,75,75,75,75,75,75,75,75,75,75,75,75,75,75,75,75,75,75,75,75,75,75,75,75,75,75,75,75,75,75,75,75,75,75,75,75,75,75,75,75,75,75,75,75,75,75,75,75,75,75,75,75],"relic_stats":{"Nunchaku":[1],"counters":[31,105],"Prayer Wheel":10,"Bag of Preparation":[40],"Smiling Mask":25,"Boot":[26],"obtain_stats":[{"ReplayFunnel":23,"Golden Egg":7,"Hallownest:StagBellRelic1":3,"Lantern":45,"HollowMod:VesselMask":0,"Blue Doll":10,"Bag of Preparation":23,"Smiling Mask":31,"Hallownest:GodTamersBeastRelic":43,"Boot":47,"hubris:EvacipatedBox":5,"Nunchaku":55,"hubris:ScarierMask":53,"Prayer Wheel":26,"HollowMod:PaleOreRelic":41,"Replay:Bottled Steam":41,"hubris:KleinBottle":5,"Hallownest:SalubrasBlessingRelic":12,"NeowsBlessing":0,"infinitespire:Beetle Shell":23,"aspiration:FrozenJewel":4,"Mercury Hourglass":50,"Coffee Dripper":17,"aspiration:RitualDagger":34,"halation:PinkSoulGem":20,"halation:Risk":55},{"ReplayFunnel":11,"Golden Egg":3,"Hallownest:StagBellRelic1":2,"Lantern":24,"HollowMod:VesselMask":0,"Blue Doll":5,"Bag of Preparation":11,"Smiling Mask":16,"Hallownest:GodTamersBeastRelic":24,"Boot":24,"hubris:EvacipatedBox":2,"Nunchaku":28,"hubris:ScarierMask":27,"Prayer Wheel":12,"HollowMod:PaleOreRelic":20,"Replay:Bottled Steam":20,"hubris:KleinBottle":2,"Hallownest:SalubrasBlessingRelic":6,"NeowsBlessing":0,"infinitespire:Beetle Shell":11,"aspiration:FrozenJewel":2,"Mercury Hourglass":26,"Coffee Dripper":8,"aspiration:RitualDagger":17,"halation:PinkSoulGem":10,"halation:Risk":28},{"ReplayFunnel":28,"Golden Egg":3,"Hallownest:StagBellRelic1":2,"Lantern":80,"HollowMod:VesselMask":0,"Blue Doll":8,"Bag of Preparation":28,"Smiling Mask":44,"Hallownest:GodTamersBeastRelic":80,"Boot":80,"hubris:EvacipatedBox":2,"Nunchaku":99,"hubris:ScarierMask":97,"Prayer Wheel":29,"HollowMod:PaleOreRelic":66,"Replay:Bottled Steam":66,"hubris:KleinBottle":2,"Hallownest:SalubrasBlessingRelic":13,"NeowsBlessing":0,"infinitespire:Beetle Shell":28,"aspiration:FrozenJewel":2,"Mercury Hourglass":90,"Coffee Dripper":19,"aspiration:RitualDagger":52,"halation:PinkSoulGem":26,"halation:Risk":99}],"Mercury Hourglass":[34]},"card_choices":[{"not_picked":["HollowMod:LifebloodCocoon","HollowMod:SoulSplash"],"picked":"HollowMod:BrokenVessel","floor":1},{"not_picked":["HollowMod:GoodIntentions","HollowMod:ShadowDash"],"picked":"HollowMod:SiblingsSouls","floor":2},{"not_picked":["infinitespire:UltimateForm","infinitespire:Oblivion"],"picked":"infinitespire:FinalStrike","floor":5},{"not_picked":["HollowMod:MawleksShell","HollowMod:LifebloodCocoon","HollowMod:NewLittleFool"],"picked":"SKIP","floor":7},{"not_picked":["HollowMod:InfectedCysts","HollowMod:SiblingsSouls"],"picked":"HollowMod:RecoilStrike","floor":8},{"not_picked":["HollowMod:ShadowDash","HollowMod:CoiledNail"],"picked":"HollowMod:HuntersJournal","floor":10},{"not_picked":["HollowMod:MawleksShell","HollowMod:InfectedCysts","HollowMod:NewJinnsSoul"],"picked":"SKIP","floor":11},{"not_picked":["HollowMod:SoulEater","HollowMod:SoulStrike","HollowMod:QuirrelsAssistance"],"picked":"SKIP","floor":14},{"not_picked":["HollowMod:LordofShades","HollowMod:theNailsmith"],"picked":"HollowMod:SlysStrikes","floor":16},{"not_picked":["HollowMod:SiblingsSouls","HollowMod:SoulVessel"],"picked":"HollowMod:PureNailStrike+1","floor":18},{"not_picked":["HollowMod:SoulStrike","HollowMod:NewJinnsSoul","HollowMod:InfectedCysts"],"picked":"SKIP","floor":19},{"not_picked":["HollowMod:VengefulVoid","HollowMod:DesolateDive","HollowMod:VengefulSpirit"],"picked":"SKIP","floor":22},{"not_picked":["HollowMod:VengefulVoid","HollowMod:SoulShaman","HollowMod:NewJinnsSoul"],"picked":"SKIP","floor":25},{"not_picked":["HollowMod:ChannelNail","HollowMod:PureVessel"],"picked":"HollowMod:RecoilStrike","floor":28},{"not_picked":["HollowMod:SoulShaman","HollowMod:WraithStrike","HollowMod:ChannelNail"],"picked":"SKIP","floor":28},{"not_picked":["HollowMod:VengefulVoid","HollowMod:ChannelNail"],"picked":"HollowMod:MantisMark","floor":29},{"not_picked":["HollowMod:SoulSplash","HollowMod:SharpenedShadows","HollowMod:SoulStrike+1"],"picked":"SKIP","floor":29},{"not_picked":["HollowMod:TaintedHusks","HollowMod:QuirrelsAssistance"],"picked":"HollowMod:GoodIntentions","floor":30},{"not_picked":["HollowMod:AbyssShriek+1","HollowMod:MothsMistake"],"picked":"HollowMod:DashSlash+1","floor":30},{"not_picked":["HollowMod:HeavyBlow","HollowMod:DoubleDash","HollowMod:CoiledNail"],"picked":"SKIP","floor":31},{"not_picked":["HollowMod:LordofShades","HollowMod:SlysStrikes"],"picked":"HollowMod:HornetsHelp","floor":33},{"not_picked":["HollowMod:WraithStrike+1","HollowMod:RecoilStrike","HollowMod:SharpenedShadows"],"picked":"SKIP","floor":35},{"not_picked":["HollowMod:NewLittleFool+1","HollowMod:SiblingsSouls+1","HollowMod:HowlingWraiths"],"picked":"SKIP","floor":35},{"not_picked":["HollowMod:SharpenedNail+1","HollowMod:DungDefenderAura+1"],"picked":"HollowMod:MonarchWings+1","floor":37},{"not_picked":["HollowMod:AbyssShriek+1","HollowMod:BaldurShell","HollowMod:CoiledNail+1"],"picked":"SKIP","floor":37},{"not_picked":["HollowMod:SoulStrike+1","HollowMod:ShadowDash+1"],"picked":"HollowMod:TaintedHusks","floor":40},{"not_picked":["HollowMod:CornifersMapStart","HollowMod:SoulMaster"],"picked":"HollowMod:DoubleDash+1","floor":40},{"not_picked":["Replay:Parry+1","Dark Shackles+1"],"picked":"Trip+1","floor":48},{"not_picked":["HollowMod:HeavyBlow+1","HollowMod:InfectedAttack+1","HollowMod:HowlingWraiths"],"picked":"SKIP","floor":49},{"not_picked":["HollowMod:SharpenedNail","HollowMod:HeavyBlow","HollowMod:SoulStrike"],"picked":"SKIP","floor":49},{"not_picked":["infinitespire:Starlight","infinitespire:DeathsTouch"],"picked":"infinitespire:Menacing","floor":50},{"not_picked":["HollowMod:TaintedHusks","HollowMod:WraithStrike+1","HollowMod:DungDefenderAura+1"],"picked":"SKIP","floor":50},{"not_picked":["HollowMod:HornetsHelp","HollowMod:ZotesMagnificence"],"picked":"HollowMod:LifebloodCore","floor":52},{"not_picked":["HollowMod:ShadowDash","HollowMod:SiblingsShadow"],"picked":"HollowMod:DashSlash","floor":54},{"not_picked":["HollowMod:HeavyBlow","HollowMod:NewJinnsSoul","HollowMod:ShadowDash"],"picked":"SKIP","floor":54},{"not_picked":["HollowMod:HeavyBlow","HollowMod:NewJinnsSoul","HollowMod:ShadowDash"],"picked":"SKIP","floor":54},{"not_picked":["HollowMod:InfectedAttack","HollowMod:CloakDash"],"picked":"HollowMod:DashSlash","floor":57},{"not_picked":["HollowMod:MawleksShell","HollowMod:InfectionAssault"],"picked":"HollowMod:VengefulSpirit","floor":57},{"not_picked":["HollowMod:InfectedCysts","HollowMod:DescendingDark"],"picked":"HollowMod:DreamGate","floor":58},{"not_picked":["HollowMod:NewJinnsSoul","HollowMod:MonarchWings","HollowMod:FallenFury"],"picked":"SKIP","floor":58}],"player_experience":192288,"relics_obtained":[{"floor":4,"key":"aspiration:FrozenJewel"},{"floor":7,"key":"Golden Egg"},{"floor":10,"key":"Blue Doll"},{"floor":26,"key":"Prayer Wheel"},{"floor":31,"key":"Smiling Mask"},{"floor":45,"key":"Lantern"},{"floor":50,"key":"Mercury Hourglass"}],"event_choices":[{"damage_healed":0,"gold_gain":100,"player_choice":"Pray","damage_taken":0,"max_hp_gain":0,"max_hp_loss":0,"event_name":"Golden Shrine","floor":21,"gold_loss":0},{"damage_healed":0,"gold_gain":0,"player_choice":"RE RE RE ","damage_taken":58,"relics_obtained":["ReplayFunnel","Bag of Preparation","infinitespire:Beetle Shell"],"max_hp_gain":0,"max_hp_loss":0,"event_name":"betterSkull:BetterSkull","floor":23,"gold_loss":0,"cards_upgraded":[]},{"damage_healed":0,"gold_gain":0,"player_choice":"2","damage_taken":0,"max_hp_gain":0,"max_hp_loss":0,"event_name":"betterMatch:BetterMatch","floor":48,"gold_loss":0,"cards_obtained":["betterMatch:ColorlessUncommonCard"]}],"is_beta":false,"boss_relics":[{"not_picked":["halation:CatFaceCupcake","aspiration:RunicSpoon","halation:PinkAlligatorPlush"],"picked":"Coffee Dripper"},{"not_picked":["halation:MonkeysPaw","Astrolabe","aspiration:SecretTechniqueScroll"],"picked":"aspiration:RitualDagger"},{"not_picked":["aspiration:DefectSkillbook","halation:LoveArrow","hubris:RunicObelisk"],"picked":"hubris:ScarierMask"}],"items_purged_floors":[41],"is_endless":true,"potions_floor_spawned":[1,10,11,16,18,22,28,29,31,37,43,43,49,54,57],"killed_by":"Nightmare","ascension_level":0}}