{"host":"8e3sp1tozjyrh64l","time":1613375724,"event":{"mods":["Act Like it!","BaseMod","Better Altar","Better Match","Better Note","Better Sensory Stone","Better Silent Start","Better Skull","Better Third Choice","BetterRewards","Conspire","Curses Come First","Defuse TimeMaze Blight","Infinite Spire","Minty Spire (QoL Compilation)","Permanent Neow","Rare Cards Sparkle","Relic Sorter","Reliquary","Replay The Spire","Shop Mod","Spicy Shops","StSLib","SuperFastMode","The Jungle","The Necromancer","Wandering Minibosses"],"gold_per_floor":[109,109,129,17,17,46,46,66,91,123,133,60,87,106,106,211,211,231,247,132,232,232,260,260,310,391,316,316,316,343,363,363,463,513,527,486,496,496,510,539,557,557,636,663,8,8,8,8,8,8,8],"floor_reached":50,"language":"ENG","playtime":10756,"items_purged":[],"score":604,"play_id":"f2c51c8d-6ce8-4570-87e5-0ffba745a7e2","local_time":"20210215005524","is_ascension_mode":false,"campfire_choices":[{"data":"Uncharnel","floor":7,"key":"SMITH"},{"data":"Siphon_Strength","floor":15,"key":"SMITH"},{"data":"Summon_Vampire_Lady","floor":29,"key":"SMITH"},{"data":"Pandemic","floor":32,"key":"SMITH"},{"data":"Sadistic Nature","floor":46,"key":"SMITH"},{"data":"Sadistic Nature","floor":49,"key":"SMITH"}],"circlet_count":0,"master_deck":["Strike_W","Strike_W","Strike_W","Defend_W","Defend_W","Defend_W","Defend_W","Negative_Energy_Arrows","Bone_Wall","Uncharnel","Uncharnel+1","Summon_Lich+1","Hellfire","Siphon_Strength+1","Summon_Lich+1","Stop_Heart","Cloudkill","Summon_Undead_Army+1","Summon_Vampire_Lady+1","Summon_Vampire_Lady+1","Reap_The_Weak","Pandemic+1","Grasp_Heart","Summon_Undead+1","Spectral_Armor+1","Siphon_Strength+1","Vampiric_Strike+1","Sadistic Nature+1","Requiem+1","Sadistic Nature+1","Decay"],"relics":["Vampire_Amulet","NeowsBlessing","Orichalcum","ReplayTheSpireMod:Lightbulb","Smiling Mask","Velvet Choker","Juzu Bracelet","Pen Nib","wanderingMiniBosses:Inkheart","Molten Egg 2","MerchantsRug","Lizard Tail","infinitespire:ShieldingShard","Pantograph","ClockworkSouvenir","DollysMirror"],"acts_visited":["Exordium","TheCity","TheBeyond"],"potions_floor_usage":[10,10,40],"damage_taken":[{"damage":0,"enemies":"Small Slimes","floor":1,"turns":1},{"damage":0,"enemies":"Jaw Worm","floor":3,"turns":1},{"damage":0,"enemies":"Lagavulin","floor":6,"turns":2},{"damage":0,"enemies":"Cultist","floor":8,"turns":3},{"damage":11,"enemies":"3 Sentries","floor":10,"turns":5},{"damage":4,"enemies":"2 Fungi Beasts","floor":11,"turns":2},{"damage":18,"enemies":"Lagavulin","floor":13,"turns":6},{"damage":5,"enemies":"Looter","floor":14,"turns":3},{"damage":6,"enemies":"Hexaghost","floor":16,"turns":6},{"damage":11,"enemies":"conspire:FuzzyDice","floor":18,"turns":4},{"damage":5,"enemies":"Chosen","floor":19,"turns":5},{"damage":14,"enemies":"Nightmare","floor":23,"turns":5},{"damage":28,"enemies":"conspire:SneckoGhost","floor":30,"turns":5},{"damage":23,"enemies":"3 Cultists","floor":31,"turns":5},{"damage":47,"enemies":"conspire:MysteriousRune","floor":33,"turns":8},{"damage":26,"enemies":"Orb Walker","floor":35,"turns":7},{"damage":38,"enemies":"3 Darklings","floor":37,"turns":4},{"damage":29,"enemies":"Writhing Mass","floor":39,"turns":5},{"damage":58,"enemies":"Reptomancer","floor":40,"turns":5},{"damage":28,"enemies":"Jaw Worm Horde","floor":41,"turns":4},{"damage":42,"enemies":"Nemesis","floor":44,"turns":7},{"damage":78,"enemies":"Awakened One","floor":50,"turns":5}],"seed_played":"-2661291144409301673","potions_obtained":[{"floor":1,"key":"Venom Potion"},{"floor":6,"key":"Milkshake"},{"floor":8,"key":"LiquidMemories"},{"floor":11,"key":"Reflective Coating"},{"floor":14,"key":"Ancient Potion"},{"floor":19,"key":"Block Potion"},{"floor":33,"key":"Weak Potion"},{"floor":39,"key":"DistilledChaos"},{"floor":40,"key":"LiquidBronze"},{"floor":44,"key":"LiquidBronze"}],"is_trial":false,"path_per_floor":["M","?","M","$","?","E","R","M","T","E","M","$","E","M","R","B",null,"M","M","$","?","?","NM","?","?","T","?","?","R","E","M","R","B",null,"M","$","M","?","M","E","M","?","T","E","$","R","?","?","R","B"],"character_chosen":"NECROMANCER","items_purchased":["Summon_Lich","Siphon_Strength","Lee\u0027s Waffle","Summon_Undead_Army","Molten Egg 2","MerchantsRug","Sadistic Nature","Requiem+1","ClockworkSouvenir","DollysMirror"],"campfire_rested":0,"item_purchase_floors":[4,12,20,20,36,36,45,45,45,45],"current_hp_per_floor":[75,75,75,75,75,75,75,75,75,70,70,70,54,51,51,47,75,68,65,82,82,82,70,70,70,70,70,70,70,68,60,60,39,87,87,87,60,60,51,9,51,51,51,38,38,38,38,38,38,0,0],"gold":8,"neow_bonus":"THREE_ENEMY_KILL","is_daily":false,"chose_seed":false,"campfire_upgraded":6,"win_rate":0.0,"timestamp":1613375724,"path_taken":["M","?","M","$","?","E","R","M","T","E","M","?","E","?","R","BOSS","M","M","$","?","?","NM","?","?","T","?","?","R","E","M","R","BOSS","M","$","M","?","M","E","M","?","T","E","$","R","?","?","R","BOSS"],"items_purchased_type":["Card","Card","Relic","Card","Relic","Relic","Card","Card","Relic","Relic"],"build_version":"2020-12-22","purchased_purges":0,"victory":false,"max_hp_per_floor":[75,75,75,75,75,75,75,75,75,75,75,75,75,75,75,75,75,75,75,82,82,82,82,82,82,82,82,82,82,82,82,82,82,87,87,87,87,87,87,87,87,87,87,87,87,87,87,87,87,87,87],"card_choices":[{"not_picked":["Exploit","Bone_Armor"],"picked":"Uncharnel","floor":1},{"not_picked":["Bone_Bullets","Negative_Energy_Javelin"],"picked":"Uncharnel","floor":3},{"not_picked":["Summon_Lich","Life_Tap"],"picked":"Hellfire","floor":6},{"not_picked":["Flesh_Made_Foul","Shade_Step","Death_Coil"],"picked":"SKIP","floor":8},{"not_picked":["Bone_Armory","Plague_Bolt","Negative_Energy_Sphere"],"picked":"SKIP","floor":10},{"not_picked":["Negative_Energy_Sphere","Bone_Spikes","Corrupt"],"picked":"SKIP","floor":11},{"not_picked":["Thousand_Bone_Knives","Bone_Shift"],"picked":"Summon_Lich","floor":13},{"not_picked":["Death_Knell","Negative_Energy_Javelin"],"picked":"Stop_Heart","floor":14},{"not_picked":["Hellfire","Grasp_Heart"],"picked":"Cloudkill","floor":16},{"not_picked":["Flesh_Made_Foul","Thousand_Bone_Knives","Negative_Energy_Shield"],"picked":"SKIP","floor":18},{"not_picked":["Bone_Spikes","Negative_Energy_Shield","Negative_Energy_Javelin+1"],"picked":"SKIP","floor":19},{"not_picked":["Bone_Spikes","Negative_Energy_Shield","Negative_Energy_Javelin+1"],"picked":"SKIP","floor":19},{"not_picked":["Thousand_Bone_Knives","Bone_Shift"],"picked":"Summon_Vampire_Lady","floor":23},{"not_picked":["Negative_Energy_Bomb+1","Blood_Magic+1"],"picked":"Summon_Vampire_Lady+1","floor":27},{"not_picked":["Shackles_Of_Pain","Whirlwind_of_Bones"],"picked":"Reap_The_Weak","floor":30},{"not_picked":["Blood_Curse+1","Strike_from_Beyond"],"picked":"Pandemic","floor":31},{"not_picked":["Hellfire","Detonate_Bones"],"picked":"Grasp_Heart","floor":33},{"not_picked":["Negative_Energy_Sphere","Plague_Bolt","Negative_Energy_Shield+1"],"picked":"SKIP","floor":35},{"not_picked":["Bone_Spikes+1","Life_Tap","Flesh_Made_Foul+1"],"picked":"SKIP","floor":37},{"not_picked":["Consume_Illness","Negative_Energy_Javelin+1"],"picked":"Summon_Undead","floor":39},{"not_picked":["Strike_from_Beyond+1","Flesh_Made_Foul+1"],"picked":"Spectral_Armor+1","floor":40},{"not_picked":["Life_Tap","Blood_Magic"],"picked":"Siphon_Strength+1","floor":41},{"not_picked":["Negative_Energy_Shield","Shackles_Of_Pain"],"picked":"Vampiric_Strike+1","floor":44}],"player_experience":945064,"relics_obtained":[{"floor":6,"key":"Orichalcum"},{"floor":9,"key":"ReplayTheSpireMod:Lightbulb"},{"floor":10,"key":"Smiling Mask"},{"floor":13,"key":"reliquary:FeatherDuster"},{"floor":23,"key":"Juzu Bracelet"},{"floor":26,"key":"reliquary:QuartzCube"},{"floor":30,"key":"reliquary:RoseTintedGlasses"},{"floor":35,"key":"wanderingMiniBosses:Inkheart"},{"floor":40,"key":"Lizard Tail"},{"floor":43,"key":"infinitespire:ShieldingShard"},{"floor":44,"key":"Pantograph"}],"event_choices":[{"damage_healed":0,"gold_gain":100,"player_choice":"Pray","damage_taken":0,"max_hp_gain":0,"max_hp_loss":0,"event_name":"Golden Shrine","floor":21,"gold_loss":0},{"damage_healed":0,"gold_gain":0,"player_choice":"Forge","damage_taken":0,"max_hp_gain":0,"max_hp_loss":0,"event_name":"Accursed Blacksmith","floor":22,"gold_loss":0,"cards_upgraded":["Summon_Undead_Army"]},{"damage_healed":0,"gold_gain":0,"player_choice":"Gave Potion","damage_taken":0,"relics_obtained":["Pen Nib"],"max_hp_gain":0,"max_hp_loss":0,"event_name":"WeMeetAgain","floor":24,"gold_loss":0},{"damage_healed":0,"gold_gain":100,"player_choice":"Bet on Murderer","damage_taken":0,"max_hp_gain":0,"max_hp_loss":0,"event_name":"The Joust","floor":25,"gold_loss":50},{"damage_healed":0,"gold_gain":0,"player_choice":"2","damage_taken":0,"max_hp_gain":0,"max_hp_loss":0,"event_name":"betterMatch:BetterMatch","floor":27,"gold_loss":0,"cards_obtained":["betterMatch:RareCard","betterMatch:UncommonCard"]},{"damage_healed":0,"gold_gain":0,"player_choice":"Ignored","damage_taken":0,"max_hp_gain":0,"max_hp_loss":0,"event_name":"Ghosts","floor":28,"gold_loss":0},{"damage_healed":0,"gold_gain":0,"player_choice":"Upgraded","damage_taken":0,"max_hp_gain":0,"max_hp_loss":0,"event_name":"Upgrade Shrine","floor":42,"gold_loss":0,"cards_upgraded":["Summon_Undead"]},{"cards_removed":["Strike_W"],"damage_healed":0,"gold_gain":0,"player_choice":"Removed Attack","damage_taken":0,"max_hp_gain":0,"max_hp_loss":0,"event_name":"Falling","floor":47,"gold_loss":0},{"damage_healed":0,"gold_gain":0,"player_choice":"Cursed","damage_taken":0,"max_hp_gain":0,"max_hp_loss":0,"event_name":"Wheel of Change","floor":48,"gold_loss":0,"cards_obtained":["Decay"]}],"is_beta":false,"boss_relics":[{"not_picked":["Runic Pyramid","Painkiller Herb"],"picked":"Velvet Choker"},{"not_picked":["Empty Cage","Honey Jar"],"picked":"Tiny House"}],"items_purged_floors":[],"is_endless":true,"potions_floor_spawned":[1,6,8,11,14,19,33,35,39,40,44],"killed_by":"Awakened One","ascension_level":0}}