{"host":"or8fr2mp0k3eluj8","time":1613383585,"event":{"mods":["AchievementEnabler","BaseMod","Colored Map","DeckTracker","Minty Spire (QoL Compilation)","SuperFastMode"],"gold_per_floor":[118,128,128,128,53,53,87,87,162,181,194,20,20,20,20,120,120,133,8,8,8,8,8,30,30,84,84,84,84,84,84,84,84,84],"floor_reached":33,"language":"KOR","playtime":598,"items_purged":["Strike_P","Strike_P","Strike_P"],"score":262,"play_id":"151666ad-f48a-4cb8-b8f6-5612636c9086","local_time":"20210215190625","is_ascension_mode":false,"campfire_choices":[{"data":"Eruption","floor":6,"key":"SMITH"},{"data":"InnerPeace","floor":13,"key":"SMITH"},{"floor":15,"key":"RECALL"},{"data":"Judgement","floor":23,"key":"SMITH"},{"data":"FlurryOfBlows","floor":25,"key":"SMITH"},{"data":"BowlingBash","floor":27,"key":"SMITH"},{"data":"Meditate","floor":29,"key":"SMITH"},{"data":"Iron Wave","floor":32,"key":"SMITH"}],"circlet_count":0,"master_deck":["Defend_P","Eruption+1","Vigilance","BowlingBash+1","Iron Wave+1","InnerPeace+1","Judgement+1","CurseOfTheBell","Crescendo+1","Meditate+1","Blasphemy","FlurryOfBlows+1"],"relics":["PureWater","NeowsBlessing","HornCleat","Lizard Tail","Sundial","Calling Bell","Akabeko","Shuriken","Calipers","CeramicFish","TungstenRod"],"acts_visited":["Exordium","TheCity"],"potions_floor_usage":[16,33],"damage_taken":[{"damage":0,"enemies":"Jaw Worm","floor":1,"turns":1},{"damage":0,"enemies":"Small Slimes","floor":2,"turns":1},{"damage":0,"enemies":"Lagavulin","floor":7,"turns":1},{"damage":0,"enemies":"Cultist","floor":10,"turns":3},{"damage":0,"enemies":"Lots of Slimes","floor":11,"turns":3},{"damage":29,"enemies":"Hexaghost","floor":16,"turns":7},{"damage":15,"enemies":"Chosen","floor":18,"turns":4},{"damage":5,"enemies":"2 Thieves","floor":24,"turns":3},{"damage":100056,"enemies":"Automaton","floor":33,"turns":9}],"seed_played":"2617998509743182172","potions_obtained":[{"floor":1,"key":"BottledMiracle"},{"floor":10,"key":"SmokeBomb"},{"floor":11,"key":"AttackPotion"}],"is_trial":false,"path_per_floor":["M","M","?","T","$","R","E","?","T","M","M","$","R","$","R","B",null,"M","$","?","?","?","R","M","R","T","R","?","R","$","T","R","B"],"character_chosen":"WATCHER","items_purchased":["InnerPeace"],"campfire_rested":0,"item_purchase_floors":[12],"current_hp_per_floor":[72,72,72,72,72,72,72,72,72,72,72,72,72,72,72,43,72,57,57,57,57,57,57,52,52,52,52,52,52,52,52,52,0,0],"gold":84,"neow_bonus":"THREE_ENEMY_KILL","is_daily":false,"chose_seed":false,"campfire_upgraded":7,"win_rate":0.0,"timestamp":1613383585,"path_taken":["M","M","?","?","$","R","E","?","T","M","?","?","R","$","R","BOSS","M","$","?","?","?","R","M","R","T","R","?","R","$","?","R","BOSS"],"items_purchased_type":["Card"],"build_version":"2020-12-22","purchased_purges":3,"victory":false,"max_hp_per_floor":[72,72,72,72,72,72,72,72,72,72,72,72,72,72,72,72,72,72,72,72,72,72,72,72,72,72,72,72,72,72,72,72,72,72],"card_choices":[{"not_picked":["SandsOfTime","JustLucky"],"picked":"BowlingBash","floor":1},{"not_picked":["Nirvana","SignatureMove","LikeWater"],"picked":"SKIP","floor":2},{"not_picked":["EmptyBody","ThirdEye","Collect"],"picked":"SKIP","floor":7},{"not_picked":["EmptyBody","WindmillStrike","BowlingBash"],"picked":"SKIP","floor":10},{"not_picked":["Nirvana","PathToVictory","ThirdEye"],"picked":"SKIP","floor":11},{"not_picked":["LessonLearned","Alpha"],"picked":"Judgement","floor":16},{"not_picked":["LikeWater","Swivel"],"picked":"Crescendo+1","floor":18},{"not_picked":["CutThroughFate","Tantrum"],"picked":"FlurryOfBlows","floor":24}],"player_experience":330038,"relics_obtained":[{"floor":4,"key":"HornCleat"},{"floor":7,"key":"Lizard Tail"},{"floor":9,"key":"Sundial"},{"floor":17,"key":"Akabeko"},{"floor":17,"key":"Shuriken"},{"floor":17,"key":"Calipers"},{"floor":31,"key":"TungstenRod"}],"event_choices":[{"cards_removed":["Defend_P"],"damage_healed":0,"gold_gain":0,"player_choice":"Forget","damage_taken":0,"max_hp_gain":0,"max_hp_loss":0,"event_name":"Living Wall","floor":3,"gold_loss":0},{"cards_removed":["Defend_P"],"damage_healed":0,"gold_gain":0,"player_choice":"Took Card","damage_taken":0,"max_hp_gain":0,"max_hp_loss":0,"event_name":"NoteForYourself","floor":8,"gold_loss":0,"cards_obtained":["Iron Wave"]},{"damage_healed":0,"gold_gain":0,"cards_transformed":["Defend_P","Strike_P"],"player_choice":"Became Test Subject","damage_taken":0,"max_hp_gain":0,"max_hp_loss":0,"event_name":"Drug Dealer","floor":20,"gold_loss":0,"cards_obtained":["Meditate","Blasphemy"]},{"damage_healed":0,"gold_gain":0,"player_choice":"Opened","damage_taken":0,"relics_obtained":["CeramicFish"],"max_hp_gain":0,"max_hp_loss":0,"event_name":"The Mausoleum","floor":21,"gold_loss":0},{"damage_healed":0,"gold_gain":0,"player_choice":"Ignored","damage_taken":0,"max_hp_gain":0,"max_hp_loss":0,"event_name":"Cursed Tome","floor":22,"gold_loss":0}],"is_beta":false,"boss_relics":[{"not_picked":["Ectoplasm","Velvet Choker"],"picked":"Calling Bell"}],"items_purged_floors":[5,12,19],"is_endless":false,"potions_floor_spawned":[1,10,11],"killed_by":"Automaton","ascension_level":0}}