{"host":"2c84cb4cp1emursg","time":1613431342,"event":{"mods":["Act Like it!","BaseMod","Better Third Choice","Bossed Relics","Hermit","Mimic Mod","Minty Spire (QoL Compilation)","Permanent Neow","Ruina","StSLib","TheSurvivalist"],"gold_per_floor":[118,137,156,171,182,182,210,210,210,239,258,258,270,545,545,642,642,658,344,344,2,19,19,352,352,379,12,23,49,49],"floor_reached":29,"language":"ENG","playtime":2014,"items_purged":["hermit:Strike_Hermit"],"score":364,"play_id":"6d7d5b33-a2d8-4236-8d75-1535ad305804","local_time":"20210215162222","is_ascension_mode":true,"campfire_choices":[{"data":"hermit:Reprieve","floor":6,"key":"SMITH"},{"data":"hermit:LoneWolf","floor":8,"key":"SMITH"},{"data":"hermit:ShadowCloak","floor":12,"key":"SMITH"},{"data":"hermit:Covet","floor":15,"key":"SMITH"},{"data":"ruina:SwordSharpened","floor":23,"key":"SMITH"},{"data":"hermit:FatalDesire","floor":25,"key":"SMITH"}],"circlet_count":0,"master_deck":["hermit:Strike_Hermit","hermit:Strike_Hermit","hermit:Strike_Hermit","hermit:Defend_Hermit","hermit:Defend_Hermit","hermit:Defend_Hermit","hermit:Defend_Hermit","hermit:Snapshot","hermit:Covet+1","hermit:BodyArmor","hermit:Reprieve+1","hermit:Misfire","hermit:SprayPray","hermit:ShadowCloak+1","hermit:LoneWolf+1","hermit:Roughhouse","hermit:BodyArmor","hermit:GhostlyPresence","Regret","hermit:FatalDesire+1","hermit:TrackingShot+1","ruina:SwordSharpened+1","hermit:Determination","ruina:Lumber","ruina:Smile","hermit:Malice","hermit:LoneWolf","hermit:EyeOfTheStorm","hermit:BigShot"],"relics":["hermit:Momento","MealTicket","Thread and Needle","Ice Cream","hermit:RedScarf","hermit:BartenderGlass","Old Coin","hermit:PetGhost","PreservedInsect","Tiny Chest"],"acts_visited":["Exordium","ruina:Briah"],"potions_floor_usage":[7,10,18,18,22,22,24,24,28,28,29,29],"damage_taken":[{"damage":1,"enemies":"Cultist","floor":1,"turns":3},{"damage":0,"enemies":"Small Slimes","floor":2,"turns":3},{"damage":1,"enemies":"Jaw Worm","floor":3,"turns":4},{"damage":5,"enemies":"Looter","floor":4,"turns":4},{"damage":3,"enemies":"Lots of Slimes","floor":5,"turns":4},{"damage":18,"enemies":"Gremlin Nob","floor":7,"turns":5},{"damage":1,"enemies":"Lagavulin","floor":10,"turns":6},{"damage":0,"enemies":"Gremlin Gang","floor":11,"turns":4},{"damage":3,"enemies":"Exordium Wildlife","floor":13,"turns":3},{"damage":0,"enemies":"The Guardian","floor":16,"turns":13},{"damage":3,"enemies":"ruina:Nosferatu","floor":18,"turns":7},{"damage":14,"enemies":"ruina:3_Bats","floor":22,"turns":6},{"damage":34,"enemies":"ruina:RoadHome","floor":24,"turns":5},{"damage":12,"enemies":"ruina:KingOfGreed","floor":28,"turns":4},{"damage":20,"enemies":"ruina:ServantOfWrath","floor":29,"turns":4}],"seed_played":"8505071154291703643","potions_obtained":[{"floor":3,"key":"SpeedPotion"},{"floor":7,"key":"LiquidMemories"},{"floor":10,"key":"SpeedPotion"},{"floor":11,"key":"SkillPotion"},{"floor":22,"key":"Explosive Potion"},{"floor":28,"key":"hermit:Tonic"}],"is_trial":false,"path_per_floor":["M","M","M","M","M","R","E","R","T","E","M","R","M","?","R","B",null,"M","$","?","$","M","R","E","R","T","$","M","E"],"character_chosen":"HERMIT","items_purchased":["ruina:SwordSharpened","hermit:Determination","ruina:Lumber","ruina:Smile","hermit:PetGhost","PreservedInsect","hermit:LoneWolf"],"campfire_rested":0,"item_purchase_floors":[19,19,21,21,27,27,27],"current_hp_per_floor":[74,74,73,68,65,65,51,51,51,58,62,62,59,59,59,71,75,75,75,75,75,61,61,27,27,27,42,34,14,14],"gold":49,"neow_bonus":"RANDOM_COMMON_RELIC","is_daily":false,"chose_seed":false,"campfire_upgraded":6,"win_rate":0.0,"timestamp":1613431342,"path_taken":["M","M","M","M","M","R","E","R","T","E","M","R","M","?","R","BOSS","M","$","?","?","M","R","E","R","T","$","M","E"],"items_purchased_type":["Card","Card","Card","Card","Relic","Relic","Card"],"build_version":"2020-12-22","purchased_purges":1,"victory":false,"max_hp_per_floor":[75,75,75,75,75,75,75,75,75,75,75,75,75,75,75,75,75,75,75,75,75,75,75,75,75,75,75,75,75,75],"card_choices":[{"not_picked":["hermit:ItchyTrigger","hermit:Coalescence"],"picked":"hermit:BodyArmor","floor":1},{"not_picked":["hermit:HighCaliber","hermit:Headshot"],"picked":"hermit:Reprieve","floor":2},{"not_picked":["hermit:LowProfile","hermit:Showdown"],"picked":"hermit:Misfire","floor":3},{"not_picked":["hermit:TrackingShot","hermit:CalledShot"],"picked":"hermit:SprayPray","floor":4},{"not_picked":["hermit:Combo","hermit:CursedWeapon"],"picked":"hermit:ShadowCloak","floor":5},{"not_picked":["hermit:CursedWeapon","hermit:SprayPray"],"picked":"hermit:LoneWolf","floor":7},{"not_picked":["hermit:HoleUp","hermit:Quickdraw"],"picked":"hermit:Roughhouse","floor":10},{"not_picked":["hermit:Coalescence","hermit:TrackingShot"],"picked":"hermit:BodyArmor","floor":11},{"not_picked":["hermit:CalledShot","hermit:Coalescence"],"picked":"hermit:GhostlyPresence","floor":13},{"not_picked":["hermit:HeroicBravado","hermit:Dissolve"],"picked":"hermit:FatalDesire","floor":16},{"not_picked":["hermit:FullyLoaded","hermit:Headshot"],"picked":"hermit:TrackingShot+1","floor":18},{"not_picked":["hermit:Midnight","hermit:Spite","hermit:CalledShot"],"picked":"SKIP","floor":22},{"not_picked":["hermit:GoldenBullet","hermit:Enervate+1"],"picked":"hermit:Malice","floor":24},{"not_picked":["hermit:Glare","hermit:FlashPowder+1"],"picked":"hermit:EyeOfTheStorm","floor":28},{"not_picked":["hermit:DeadMansHand","hermit:LowProfile"],"picked":"hermit:BigShot","floor":29}],"player_experience":481027,"relics_obtained":[{"floor":7,"key":"Thread and Needle"},{"floor":9,"key":"Ice Cream"},{"floor":10,"key":"hermit:RedScarf"},{"floor":24,"key":"Old Coin"},{"floor":29,"key":"Tiny Chest"}],"event_choices":[{"damage_healed":0,"gold_gain":275,"player_choice":"Desecrate","damage_taken":0,"max_hp_gain":0,"max_hp_loss":0,"event_name":"Golden Shrine","floor":14,"gold_loss":0,"cards_obtained":["Regret"]}],"is_beta":false,"boss_relics":[{"not_picked":["Black Star","Astrolabe"],"picked":"hermit:BartenderGlass"}],"items_purged_floors":[19],"is_endless":false,"potions_floor_spawned":[3,7,10,11,22,28,29],"killed_by":"ruina:ServantOfWrath","ascension_level":1}}