{"host":"z7iqwv4hfwwvhc2n","time":1613399808,"event":{"mods":["2.2 Compatiblity","BaseMod","Better Third Choice","BetterRewards","Colored Powertips","Minty Spire (QoL Compilation)","Relic Filter","StSLib","The Cursed"],"gold_per_floor":[113,130,130,150,150,179,22,55,78,103,120,120,135,152,152,257,257,277,290,215,215,228,254,273,32,32,32,44,44,44,60,60,164,164,180,180,180,180],"floor_reached":37,"language":"JPN","playtime":3406,"items_purged":[],"score":611,"play_id":"29fb0bf2-15a2-4b8c-9f55-ee4199742ce4","local_time":"20210215233648","is_ascension_mode":false,"campfire_choices":[{"data":"Self Repair","floor":12,"key":"SMITH"},{"data":"Static Discharge","floor":15,"key":"SMITH"},{"floor":29,"key":"REST"},{"floor":32,"key":"REST"}],"circlet_count":0,"master_deck":["Strike_B","Strike_B","Strike_B","Strike_B","Defend_B","Defend_B","Defend_B","Defend_B","Zap+1","Dualcast","Go for the Eyes","Coolheaded","Barrage","Burn","Sweeping Beam","Self Repair+1","Static Discharge+1","SashWhip","Lockon","Doom and Gloom","Thunder Strike","Rebound+1","Cold Snap","Auto Shields","Inflame","Chaos","Protect","Decay","Evaluate+1","Dagger Throw","Venomology","Blade Dance+1"],"relics":["Cracked Core","Bird Faced Urn","Happy Flower","TheAbacus","StoneCalendar","Letter Opener","NeowsBlessing","PrismaticShard","Enchiridion","WarpedTongs","Shuriken","Red Mask","Ginger","Lizard Tail","Bronze Scales"],"acts_visited":["Exordium","TheCity","TheBeyond"],"potions_floor_usage":[14,16,16,19,22,24,33,37],"damage_taken":[{"damage":3,"enemies":"Jaw Worm","floor":1,"turns":3},{"damage":0,"enemies":"2 Louse","floor":2,"turns":4},{"damage":6,"enemies":"Cultist","floor":4,"turns":3},{"damage":20,"enemies":"Gremlin Nob","floor":6,"turns":5},{"damage":0,"enemies":"3 Sentries","floor":8,"turns":1},{"damage":0,"enemies":"Lagavulin","floor":10,"turns":1},{"damage":0,"enemies":"2 Fungi Beasts","floor":11,"turns":1},{"damage":4,"enemies":"Looter","floor":13,"turns":3},{"damage":0,"enemies":"3 Louse","floor":14,"turns":2},{"damage":16,"enemies":"Hexaghost","floor":16,"turns":7},{"damage":8,"enemies":"Chosen","floor":18,"turns":5},{"damage":19,"enemies":"3 Byrds","floor":19,"turns":2},{"damage":37,"enemies":"Centurion and Healer","floor":22,"turns":5},{"damage":29,"enemies":"Gremlin Leader","floor":23,"turns":5},{"damage":15,"enemies":"Shelled Parasite and Fungi","floor":24,"turns":3},{"damage":11,"enemies":"Chosen and Byrds","floor":28,"turns":4},{"damage":15,"enemies":"Snake Plant","floor":31,"turns":5},{"damage":54,"enemies":"Collector","floor":33,"turns":8},{"damage":34,"enemies":"3 Darklings","floor":35,"turns":3},{"damage":95,"enemies":"Time Eater","floor":37,"turns":7}],"seed_played":"7437594595696262881","potions_obtained":[{"floor":6,"key":"PowerPotion"},{"floor":8,"key":"DistilledChaos"},{"floor":13,"key":"ColorlessPotion"},{"floor":16,"key":"DuplicationPotion"},{"floor":19,"key":"Weak Potion"},{"floor":22,"key":"Dexterity Potion"},{"floor":31,"key":"Strength Potion"},{"floor":35,"key":"Block Potion"}],"is_trial":false,"path_per_floor":["M","M","?","M","?","E","$","E","T","E","M","R","M","M","R","B",null,"M","M","?","?","M","E","M","$","T","?","M","R","?","M","R","B",null,"M","?","B"],"character_chosen":"DEFECT","items_purchased":["Happy Flower","Go for the Eyes","TheAbacus","StoneCalendar","NeowsBlessing","Ginger"],"campfire_rested":2,"item_purchase_floors":[0,0,0,0,7,25],"current_hp_per_floor":[72,72,72,66,66,46,46,46,46,46,46,46,46,62,62,64,75,75,68,68,68,47,36,27,27,27,27,36,58,58,59,75,35,75,43,43,0,0],"gold":180,"neow_bonus":"","is_daily":false,"chose_seed":false,"campfire_upgraded":2,"win_rate":0.0,"timestamp":1613399808,"path_taken":["M","M","?","M","?","E","$","E","T","E","M","R","M","M","R","BOSS","M","M","?","?","M","E","M","$","T","?","M","R","?","M","R","BOSS","M","?","BOSS"],"items_purchased_type":["Relic","Card","Relic","Relic","Relic","Relic"],"build_version":"2020-12-22","purchased_purges":0,"victory":false,"max_hp_per_floor":[75,75,75,75,75,75,75,75,75,75,75,75,75,75,75,75,75,75,75,75,75,75,75,75,75,75,75,75,75,75,75,75,75,75,75,75,75,75],"card_choices":[{"not_picked":["Genetic Algorithm","Go for the Eyes"],"picked":"Coolheaded","floor":1},{"not_picked":["Steam","Hologram"],"picked":"Barrage","floor":2},{"not_picked":["Streamline","Steam Power"],"picked":"Sweeping Beam","floor":4},{"not_picked":["Cold Snap","Go for the Eyes"],"picked":"Self Repair","floor":6},{"not_picked":["Rebound","White Noise"],"picked":"Static Discharge","floor":8},{"not_picked":["Armaments","LikeWater"],"picked":"SashWhip","floor":10},{"not_picked":["WaveOfTheHand","Stack"],"picked":"Lockon","floor":11},{"not_picked":["TheCursedMod:CursedAmulet","Fire Breathing"],"picked":"Corruption","floor":13},{"not_picked":["Armaments","Second Wind"],"picked":"Doom and Gloom","floor":14},{"not_picked":["TheCursedMod:Neurasthenia","Vault"],"picked":"Thunder Strike","floor":16},{"not_picked":["TheCursedMod:SaltUponWound","TheCursedMod:Torture"],"picked":"Rebound+1","floor":18},{"not_picked":["Twin Strike+1","Endless Agony"],"picked":"Cold Snap","floor":19},{"not_picked":["Armaments","Self Repair"],"picked":"Inflame","floor":22},{"not_picked":["Bane","PiercingWail+1"],"picked":"Chaos","floor":23},{"not_picked":["TheCursedMod:TacticalStrike+1","Compile Driver"],"picked":"Protect","floor":24},{"not_picked":["Poisoned Stab","ThirdEye+1"],"picked":"Evaluate+1","floor":28},{"not_picked":["TheCursedMod:Stretching","ReachHeaven"],"picked":"Dagger Throw","floor":31},{"not_picked":["Glass Knife","Omniscience"],"picked":"Venomology","floor":33},{"not_picked":["Shrug It Off+1","Heavy Blade"],"picked":"Blade Dance+1","floor":35}],"player_experience":61270,"relics_obtained":[{"floor":6,"key":"Letter Opener"},{"floor":8,"key":"PrismaticShard"},{"floor":9,"key":"Enchiridion"},{"floor":10,"key":"WarpedTongs"},{"floor":23,"key":"Red Mask"},{"floor":26,"key":"Lizard Tail"}],"event_choices":[{"damage_healed":72,"gold_gain":0,"player_choice":"Embrace Burn","damage_taken":0,"max_hp_gain":0,"max_hp_loss":75,"event_name":"betterThird:BetterShining","floor":3,"gold_loss":0},{"damage_healed":0,"gold_gain":0,"player_choice":"Upgraded","damage_taken":0,"max_hp_gain":0,"max_hp_loss":0,"event_name":"Upgrade Shrine","floor":5,"gold_loss":0,"cards_upgraded":["Zap"]},{"cards_removed":["Corruption"],"damage_healed":0,"gold_gain":0,"player_choice":"Gave Gold","damage_taken":0,"max_hp_gain":0,"max_hp_loss":0,"event_name":"Beggar","floor":20,"gold_loss":75},{"damage_healed":0,"gold_gain":0,"player_choice":"Read","damage_taken":0,"max_hp_gain":0,"max_hp_loss":0,"event_name":"The Library","floor":21,"gold_loss":0,"cards_obtained":["Auto Shields"]},{"damage_healed":0,"gold_gain":0,"player_choice":"Smashed Altar","damage_taken":0,"max_hp_gain":0,"max_hp_loss":0,"event_name":"Forgotten Altar","floor":27,"gold_loss":0,"cards_obtained":["Decay"]},{"damage_healed":0,"gold_gain":0,"player_choice":"Ignored","damage_taken":0,"max_hp_gain":0,"max_hp_loss":0,"event_name":"Vampires","floor":30,"gold_loss":0},{"damage_healed":0,"gold_gain":0,"player_choice":"Portal","damage_taken":0,"max_hp_gain":0,"max_hp_loss":0,"event_name":"betterThird:BetterPortal","floor":36,"gold_loss":0}],"is_beta":false,"boss_relics":[{"not_picked":["Sundial","Ornamental Fan"],"picked":"Shuriken"},{"not_picked":["Orichalcum","Circlet"],"picked":"Bronze Scales"}],"items_purged_floors":[],"is_endless":false,"potions_floor_spawned":[6,8,13,16,19,22,31,35],"killed_by":"Time Eater","ascension_level":0}}