{"host":"2no1vwhhkhf0ohz3","time":1613410013,"event":{"mods":["AchievementEnabler","BaseMod","Colored Map","DeckTracker","Keyboard Shortcuts","Minty Spire (QoL Compilation)","SuperFastMode"],"gold_per_floor":[117,117,117,134,209,209,209,221,221,221,253,253,253,266,266,366,366,381,26,26,26,26,26,54,54,54,2,20,36,36,36,36,140,140,153,153,172,219,219,219,244,244,244,244,279,279,127,147,147,147],"floor_reached":51,"language":"KOR","playtime":828,"items_purged":["Strike_R"],"score":1298,"play_id":"de75d551-717e-409e-8e7b-5e725e91703d","local_time":"20210216022653","is_ascension_mode":true,"campfire_choices":[{"data":"Searing Blow","floor":6.0,"key":"SMITH"},{"data":"Searing Blow+1","floor":10.0,"key":"SMITH"},{"data":"Searing Blow+2","floor":12.0,"key":"SMITH"},{"data":"Searing Blow+4","floor":15.0,"key":"SMITH"},{"data":"Searing Blow+5","floor":23.0,"key":"SMITH"},{"data":"Searing Blow+6","floor":25.0,"key":"SMITH"},{"data":"Searing Blow+7","floor":30.0,"key":"SMITH"},{"data":"Searing Blow+8","floor":32.0,"key":"SMITH"},{"data":"Armaments","floor":40,"key":"SMITH"},{"data":"Searing Blow+9","floor":42,"key":"SMITH"},{"data":"Searing Blow+10","floor":44,"key":"SMITH"},{"data":"Searing Blow+11","floor":49,"key":"SMITH"}],"circlet_count":0,"master_deck":["AscendersBane","Defend_R","Defend_R+1","Defend_R+1","Bash","Twin Strike","Searing Blow+12","Disarm","Battle Trance","Offering","Power Through","Shrug It Off","Burning Pact","Uppercut","Inflame","Headbutt","Wild Strike+1","Pommel Strike+1","Double Tap","Armaments+1","Shockwave+1","Corruption"],"relics":["Burning Blood","NeowsBlessing","Kunai","Ornamental Fan","Sozu","Dead Branch","Toy Ornithopter","Eternal Feather","Coffee Dripper","CaptainsWheel","Dream Catcher","Self Forming Clay","PreservedInsect","Sundial"],"acts_visited":["Exordium","TheCity","TheBeyond"],"potions_floor_usage":[],"damage_taken":[{"damage":0.0,"enemies":"Jaw Worm","floor":1.0,"turns":1.0},{"damage":0.0,"enemies":"Small Slimes","floor":4.0,"turns":1.0},{"damage":0.0,"enemies":"Cultist","floor":8.0,"turns":1.0},{"damage":42.0,"enemies":"Lagavulin","floor":11.0,"turns":8.0},{"damage":0.0,"enemies":"Large Slime","floor":14.0,"turns":5.0},{"damage":15.0,"enemies":"The Guardian","floor":16.0,"turns":11.0},{"damage":6.0,"enemies":"Spheric Guardian","floor":18.0,"turns":1.0},{"damage":19.0,"enemies":"Slavers","floor":24.0,"turns":5.0},{"damage":6.0,"enemies":"Chosen","floor":28.0,"turns":3.0},{"damage":11.0,"enemies":"Centurion and Healer","floor":29.0,"turns":3.0},{"damage":34,"enemies":"Collector","floor":33,"turns":4},{"damage":11,"enemies":"3 Darklings","floor":35,"turns":3},{"damage":6,"enemies":"3 Shapes","floor":37,"turns":2},{"damage":11,"enemies":"2 Orb Walkers","floor":38,"turns":3},{"damage":8,"enemies":"Giant Head","floor":41,"turns":3},{"damage":0,"enemies":"Nemesis","floor":45,"turns":1},{"damage":3,"enemies":"Writhing Mass","floor":48,"turns":2},{"damage":6,"enemies":"Time Eater","floor":50,"turns":4}],"seed_played":"-5351169686545194868","potions_obtained":[{"floor":8.0,"key":"PowerPotion"},{"floor":11.0,"key":"SkillPotion"},{"floor":16.0,"key":"FairyPotion"}],"is_trial":false,"path_per_floor":["M","?","?","M","?","R","?","M","T","R","E","R","?","M","R","B",null,"M","$","?","?","?","R","E","R","T","$","M","M","R","?","R","B",null,"M","$","M","?","?","R","E","R","T","R","E","T","$","M","R","B",null],"character_chosen":"IRONCLAD","items_purchased":["Shrug It Off","Dead Branch","Headbutt","Corruption"],"campfire_rested":0,"item_purchase_floors":[19,19,27,47],"current_hp_per_floor":[78,71,71,77,66,66,50,56,56,56,20,20,20,26,26,17,64,64,64,64,64,64,64,51,51,51,51,51,46,55,40,49,21,69,64,64,64,59,59,71,69,81,81,81,81,81,81,81,81,81],"gold":147,"neow_bonus":"THREE_ENEMY_KILL","is_daily":false,"chose_seed":false,"campfire_upgraded":12,"win_rate":0.0,"timestamp":1613410013,"path_taken":["M","?","?","?","?","R","?","M","T","R","E","R","?","M","R","BOSS","M","$","?","?","?","R","E","R","T","?","M","M","R","?","R","BOSS","M","$","M","?","?","R","E","R","T","R","E","?","$","M","R","BOSS"],"items_purchased_type":["Card","Relic","Card","Card"],"build_version":"2020-12-22","purchased_purges":1,"victory":true,"max_hp_per_floor":[80,80,80,80,80,80,80,80,80,80,80,80,80,80,80,80,80,80,80,80,80,80,80,80,80,80,80,80,80,80,85,85,85,85,85,85,85,85,81,81,81,81,81,81,81,81,81,81,81,81],"card_choices":[{"not_picked":["Warcry","Headbutt"],"picked":"Twin Strike","floor":1.0},{"not_picked":["Second Wind","Bloodletting","Iron Wave"],"picked":"SKIP","floor":4.0},{"not_picked":["Cleave","Anger","Clash"],"picked":"SKIP","floor":8.0},{"not_picked":["Flex","Entrench"],"picked":"Disarm","floor":11.0},{"not_picked":["Thunderclap","Cleave"],"picked":"Battle Trance","floor":14.0},{"not_picked":["Impervious","Demon Form"],"picked":"Offering","floor":16.0},{"not_picked":["Sword Boomerang","Inflame"],"picked":"Power Through","floor":18.0},{"not_picked":["Iron Wave","Sword Boomerang"],"picked":"Inflame","floor":24.0},{"not_picked":["Burning Pact","Second Wind"],"picked":"Wild Strike+1","floor":28.0},{"not_picked":["Cleave","Sword Boomerang"],"picked":"Pommel Strike+1","floor":29.0},{"not_picked":["Brutality","Feed"],"picked":"Double Tap","floor":33},{"not_picked":["Twin Strike+1","Combust","Heavy Blade+1"],"picked":"SKIP","floor":35},{"not_picked":["Clothesline","Cleave","Twin Strike"],"picked":"SKIP","floor":37},{"not_picked":["Wild Strike","Havoc"],"picked":"Armaments","floor":38},{"not_picked":["Shrug It Off","Iron Wave+1","Combust"],"picked":"SKIP","floor":41},{"not_picked":["Flame Barrier+1","Sever Soul+1"],"picked":"Shockwave+1","floor":45},{"not_picked":["Infernal Blade+1","Fire Breathing+1","Pommel Strike"],"picked":"SKIP","floor":48}],"player_experience":308958,"relics_obtained":[{"floor":9.0,"key":"Kunai"},{"floor":11.0,"key":"Ornamental Fan"},{"floor":24.0,"key":"Toy Ornithopter"},{"floor":26.0,"key":"Eternal Feather"},{"floor":38,"key":"CaptainsWheel"},{"floor":41,"key":"Dream Catcher"},{"floor":43,"key":"Self Forming Clay"},{"floor":45,"key":"PreservedInsect"},{"floor":46,"key":"Sundial"}],"event_choices":[{"cards_removed":["Strike_R"],"damage_healed":0.0,"max_hp_gain":0.0,"max_hp_loss":0.0,"gold_gain":0.0,"event_name":"Golden Wing","player_choice":"Card Removal","floor":2.0,"gold_loss":0.0,"damage_taken":7.0},{"damage_healed":0.0,"max_hp_gain":0.0,"max_hp_loss":0.0,"gold_gain":0.0,"cards_transformed":["Strike_R"],"event_name":"Transmorgrifier","player_choice":"Transformed","floor":3.0,"gold_loss":0.0,"damage_taken":0.0,"cards_obtained":["Searing Blow"]},{"damage_healed":0.0,"max_hp_gain":0.0,"max_hp_loss":0.0,"gold_gain":75.0,"event_name":"World of Goop","player_choice":"Gather Gold","floor":5.0,"gold_loss":0.0,"damage_taken":11.0},{"damage_healed":0.0,"max_hp_gain":0.0,"max_hp_loss":0.0,"gold_gain":0.0,"event_name":"Shining Light","player_choice":"Entered Light","floor":7.0,"gold_loss":0.0,"damage_taken":16.0,"cards_upgraded":["Defend_R","Defend_R"]},{"damage_healed":0.0,"max_hp_gain":0.0,"max_hp_loss":0.0,"gold_gain":0.0,"event_name":"Accursed Blacksmith","player_choice":"Forge","floor":13.0,"gold_loss":0.0,"damage_taken":0.0,"cards_upgraded":["Searing Blow"]},{"damage_healed":0.0,"max_hp_gain":0.0,"max_hp_loss":0.0,"gold_gain":0.0,"cards_transformed":["Strike_R","Defend_R"],"event_name":"Drug Dealer","player_choice":"Became Test Subject","floor":20.0,"gold_loss":0.0,"damage_taken":0.0,"cards_obtained":["Burning Pact","Uppercut"]},{"cards_removed":["Strike_R"],"damage_healed":0.0,"max_hp_gain":0.0,"max_hp_loss":0.0,"gold_gain":0.0,"event_name":"Back to Basics","player_choice":"Elegance","floor":22.0,"gold_loss":0.0,"damage_taken":0.0},{"damage_healed":0.0,"max_hp_gain":5.0,"max_hp_loss":0.0,"gold_gain":0.0,"event_name":"Forgotten Altar","player_choice":"Shed Blood","floor":31.0,"gold_loss":0.0,"damage_taken":20.0},{"damage_healed":0,"gold_gain":0,"player_choice":"Fight","damage_taken":0,"max_hp_gain":0,"max_hp_loss":0,"event_name":"Mysterious Sphere","floor":38,"gold_loss":0},{"damage_healed":0,"gold_gain":0,"player_choice":"Max HP","damage_taken":0,"max_hp_gain":0,"max_hp_loss":4,"event_name":"Winding Halls","floor":39,"gold_loss":0}],"is_beta":false,"boss_relics":[{"not_picked":["Runic Cube","Cursed Key"],"picked":"Sozu"},{"not_picked":["Busted Crown","Runic Pyramid"],"picked":"Coffee Dripper"}],"items_purged_floors":[47],"is_endless":false,"potions_floor_spawned":[8,11,16,18,28,37,45],"ascension_level":10}}