{"host":"3fuwgqa6zowkodik","time":1613406177,"event":{"mods":["AchievementEnabler","BaseMod","Better Altar","Better Match","Better Note","Better Sensory Stone","Better Skull","Better Third Choice","Colored Map","Colored Powertips","Downfall","Minty Spire (QoL Compilation)","Random Character Button","Rare Cards Sparkle","Relic Stats","Replay The Spire","StSLib"],"gold_per_floor":[99,119,119,180,190,190,202,234,279,101,101,127,27,18,41,149,149,149,174,174,206,236,236,259,259,287,287,138,159,59,59,89,200,200,200,228,254,254,368,418,444,471,371,403,433,457,457,497,523,539,539,557,557,557],"floor_reached":52,"language":"ENG","playtime":3132,"items_purged":[],"score":713,"play_id":"38cc2acb-1439-4cb8-af54-1f1144f34e1e","local_time":"20210215172257","is_ascension_mode":false,"campfire_choices":[{"data":"Guardian:TwinSlam","floor":1.0,"key":"SMITH"},{"data":"Guardian:WalkerClaw","floor":13.0,"key":"SMITH"},{"floor":18.0,"key":"DIG"},{"data":"Guardian:HyperBeam_Guardian","floor":30.0,"key":"SMITH"},{"floor":35,"key":"RECALL"},{"floor":43,"key":"REST"},{"floor":47,"key":"REST"}],"circlet_count":0,"master_deck":["Guardian:Strike_Guardian","Guardian:Strike_Guardian","Guardian:Strike_Guardian","Guardian:Strike_Guardian","Guardian:Defend_Guardian","Guardian:Defend_Guardian+1","Guardian:Defend_Guardian","Guardian:Defend_Guardian","Guardian:CurlUp","Guardian:TwinSlam+1","Guardian:WalkerClaw+1","Guardian:ExploitGems","Guardian:PiercingHide","Guardian:RevengeProtocol","expansioncontent:DashGenerateEvil","Guardian:AncientConstruct","Guardian:PrimingBeam","Guardian:SentryBeam","Guardian:EvasiveProtocol","Guardian:HyperBeam_Guardian+1","Guardian:ArmoredProtocol","Guardian:BronzeOrb","Guardian:TemporalStrike+1","Guardian:TimeSifter"],"relics":["Guardian:ModeShifterPlus","MawBank","Shuriken","Replay:Bandana","downfall:HeartBlessingGreen","Ginger","downfall:KnowingSkull","MealTicket","downfall:HeartBlessingBlue","Ice Cream","bronze:MakeshiftBattery","Toy Ornithopter","Mercury Hourglass","Centennial Puzzle","downfall:HeartBlessingRed"],"acts_visited":["Exordium","TheCity","TheBeyond","TheEnding"],"potions_floor_usage":[33,33,39,42,50,52],"damage_taken":[{"damage":8.0,"enemies":"Small Slimes","floor":2.0,"turns":4.0},{"damage":15.0,"enemies":"Gremlin Nob","floor":4.0,"turns":5.0},{"damage":1.0,"enemies":"Jaw Worm","floor":5.0,"turns":3.0},{"damage":0.0,"enemies":"Cultist","floor":8.0,"turns":3.0},{"damage":16.0,"enemies":"3 Sentries","floor":9.0,"turns":9.0},{"damage":3.0,"enemies":"downfall:FleeingMerchant","floor":10.0,"turns":4.0},{"damage":11.0,"enemies":"Blue Slaver","floor":12.0,"turns":3.0},{"damage":0.0,"enemies":"downfall:FleeingMerchant","floor":14.0,"turns":4.0},{"damage":0.0,"enemies":"Gremlin Gang","floor":15.0,"turns":1.0},{"damage":6.0,"enemies":"IC_STATUS_ARCHETYPE","floor":16.0,"turns":7.0},{"damage":4.0,"enemies":"3 Byrds","floor":19.0,"turns":3.0},{"damage":6.0,"enemies":"downfall:LooterAlt2","floor":21.0,"turns":3.0},{"damage":0.0,"enemies":"Snecko","floor":22.0,"turns":4.0},{"damage":0.0,"enemies":"3 Cultists","floor":26.0,"turns":6.0},{"damage":1.0,"enemies":"downfall:FleeingMerchant","floor":28.0,"turns":4.0},{"damage":21.0,"enemies":"Cultist and Chosen","floor":29.0,"turns":9.0},{"damage":0.0,"enemies":"Centurion and Healer","floor":32.0,"turns":5.0},{"damage":28,"enemies":"DF_ARCHETYPE_CLAW","floor":33,"turns":9},{"damage":0,"enemies":"Orb Walker","floor":36,"turns":3},{"damage":1,"enemies":"3 Shapes","floor":37,"turns":3},{"damage":5,"enemies":"downfall:LadyInBlue","floor":39,"turns":9},{"damage":53,"enemies":"Giant Head","floor":40,"turns":10},{"damage":0,"enemies":"Jaw Worm Horde","floor":42,"turns":3},{"damage":0,"enemies":"3 Darklings","floor":44,"turns":4},{"damage":18,"enemies":"Maw","floor":45,"turns":8},{"damage":0,"enemies":"Jaw Worm Horde","floor":46,"turns":2},{"damage":0,"enemies":"Transient","floor":48,"turns":5},{"damage":0,"enemies":"Sphere and 2 Shapes","floor":49,"turns":5},{"damage":74,"enemies":"WA_ARCHETYPE_DIVINITY","floor":50,"turns":11},{"damage":113,"enemies":"downfall:CharBossMerchant","floor":52,"turns":9}],"seed_played":"-1753373887398881584","potions_obtained":[{"floor":4.0,"key":"SkillPotion"},{"floor":5.0,"key":"sneckomod:MuddlingPotion"},{"floor":8.0,"key":"Strength Potion"},{"floor":15.0,"key":"Fire Potion"},{"floor":16.0,"key":"PowerPotion"},{"floor":19.0,"key":"SkillPotion"},{"floor":22.0,"key":"ColorlessPotion"},{"floor":29.0,"key":"ColorlessPotion"},{"floor":32.0,"key":"Regen Potion"},{"floor":36,"key":"Regen Potion"},{"floor":39,"key":"bronze:BurnAndBuffPotion"},{"floor":39,"key":"Death Potion"},{"floor":39,"key":"Toxic Potion"},{"floor":42,"key":"champ:CounterPotion"}],"is_trial":false,"path_per_floor":["R","M","?","?","M","?","T","M","E","$","?","M","R","$","M","B",null,"R_BF","M","?","M","M","?","T","?","M","?","$","M","R","T","M","B",null,"R","M","M","?","?","E","T","M","R","M","M","M","R","M","M","B",null,"E"],"character_chosen":"GUARDIAN","items_purchased":["expansioncontent:DashGenerateEvil","MealTicket"],"campfire_rested":2,"item_purchase_floors":[10,28],"current_hp_per_floor":[88,80,80,65,64,52,52,52,36,33,33,22,22,22,22,16,88,88,84,84,78,78,78,78,78,78,70,69,48,58,58,58,45,98,98,98,97,97,92,39,39,44,73,73,55,55,84,84,84,15,98,0,0,0],"gold":557,"neow_bonus":"TEN_PERCENT_HP_BONUS","is_daily":false,"chose_seed":false,"campfire_upgraded":3,"win_rate":0.0,"timestamp":1613406177,"path_taken":["R","M","?","?","M","?","T","?","E","?","?","?","R","?","M","BOSS","R_BF","M","?","M","M","?","T","?","M","?","$","?","R","?","M","BOSS","R","M","M","?","?","E","T","M","R","M","M","M","R","?","M","BOSS","E"],"items_purchased_type":["Card","Relic"],"build_version":"2020-12-22","purchased_purges":0,"victory":false,"max_hp_per_floor":[88,88,88,88,88,88,88,88,88,88,88,88,88,88,88,88,88,88,88,88,88,88,88,88,88,88,88,88,88,98,98,98,98,98,98,98,98,98,98,98,98,98,98,98,98,98,98,98,98,98,98,98,98,98],"relic_stats":{"Centennial Puzzle":[9],"counters":[30,158],"Shuriken":[40],"MealTicket":0,"Ginger":[31],"MawBank":48,"obtain_stats":[{"Ice Cream":31,"Guardian:ModeShifterPlus":17,"downfall:HeartBlessingRed":43,"Guardian:ModeShifter":0,"Vajra":4,"downfall:HeartBlessingGreen":13,"Ginger":18,"MawBank":6,"Mercury Hourglass":40,"Replay:Bandana":9,"Centennial Puzzle":41,"Shuriken":7,"downfall:HeartBlessingBlue":30,"downfall:KnowingSkull":27,"MealTicket":28,"bronze:MakeshiftBattery":34,"Toy Ornithopter":39},{"Ice Cream":16,"Guardian:ModeShifterPlus":10,"downfall:HeartBlessingRed":23,"Guardian:ModeShifter":0,"Vajra":1,"downfall:HeartBlessingGreen":7,"Ginger":10,"MawBank":3,"Mercury Hourglass":22,"Replay:Bandana":5,"Centennial Puzzle":22,"Shuriken":3,"downfall:HeartBlessingBlue":16,"downfall:KnowingSkull":14,"MealTicket":15,"bronze:MakeshiftBattery":18,"Toy Ornithopter":21},{"Ice Cream":72,"Guardian:ModeShifterPlus":43,"downfall:HeartBlessingRed":114,"Guardian:ModeShifter":0,"Vajra":4,"downfall:HeartBlessingGreen":31,"Ginger":43,"MawBank":12,"Mercury Hourglass":111,"Replay:Bandana":24,"Centennial Puzzle":111,"Shuriken":12,"downfall:HeartBlessingBlue":72,"downfall:KnowingSkull":59,"MealTicket":63,"bronze:MakeshiftBattery":86,"Toy Ornithopter":101}],"Toy Ornithopter":10,"Mercury Hourglass":[97]},"card_choices":[{"not_picked":["Guardian:TemporalShield","Guardian:CrystalBeam"],"picked":"Guardian:Gem_Red","floor":2.0},{"not_picked":["Guardian:PiercingHide","Guardian:Gem_Purple"],"picked":"Guardian:WalkerClaw","floor":4.0},{"not_picked":["Guardian:Gem_Green","Guardian:Gem_Red"],"picked":"Guardian:ExploitGems","floor":5.0},{"not_picked":["Guardian:RollAttack","Guardian:ChargeCore"],"picked":"Guardian:PiercingHide","floor":8.0},{"not_picked":["Guardian:Planning","Guardian:VentSteam"],"picked":"Guardian:Gem_Cyan","floor":9.0},{"not_picked":["Guardian:GuardianWhirl","Guardian:Reroute"],"picked":"Guardian:RevengeProtocol","floor":10.0},{"not_picked":["Guardian:TemporalShield","Guardian:TemporalStrike"],"picked":"Guardian:PrimingBeam","floor":12.0},{"not_picked":["Guardian:ShieldCharger","Guardian:RefractedBeam"],"picked":"Guardian:SentryBeam","floor":14.0},{"not_picked":["Guardian:GuardianWhirl","Guardian:VentSteam"],"picked":"Guardian:EvasiveProtocol","floor":15.0},{"not_picked":["Guardian:RevengeProtocol","Guardian:BaubleBeam"],"picked":"Guardian:HyperBeam_Guardian","floor":16.0},{"not_picked":["Guardian:PrimingBeam","Guardian:TemporalShield"],"picked":"Guardian:ArmoredProtocol","floor":19.0},{"not_picked":["Guardian:Clone","Guardian:DonusPower"],"picked":"Guardian:BronzeOrb","floor":21.0},{"not_picked":["Guardian:ChargeCore","Guardian:Gem_Yellow"],"picked":"Guardian:Gem_Cyan","floor":22.0},{"not_picked":["Guardian:WalkerClaw+1","Guardian:RefractedBeam"],"picked":"Guardian:TemporalStrike+1","floor":26.0},{"not_picked":["Guardian:PrismaticBeam","Guardian:Reroute+1","Guardian:Gem_Red"],"picked":"SKIP","floor":28.0},{"not_picked":["Guardian:VentSteam","Guardian:TemporalStrike","Guardian:WalkerClaw"],"picked":"SKIP","floor":29.0},{"not_picked":["Guardian:WalkerClaw+1","Guardian:Repulse"],"picked":"Guardian:Gem_Red","floor":32.0},{"not_picked":["Guardian:FastForward","Guardian:HyperBeam_Guardian"],"picked":"Guardian:TimeSifter","floor":33},{"not_picked":["Guardian:Gem_Lightblue","Guardian:Gem_Cyan"],"picked":"Guardian:Gem_White","floor":36},{"not_picked":["Guardian:DonusPower","Guardian:VentSteam+1","Guardian:Gem_Cyan"],"picked":"SKIP","floor":37},{"not_picked":["Guardian:TemporalShield+1","Guardian:RefractedBeam","Guardian:Incinerate"],"picked":"SKIP","floor":40},{"not_picked":["Guardian:Incinerate+1","Guardian:ArmoredProtocol","Guardian:Gem_Crimson"],"picked":"SKIP","floor":42},{"not_picked":["Guardian:Suspension+1","Guardian:TemporalStrike+1","Guardian:Gem_Lightblue"],"picked":"SKIP","floor":44},{"not_picked":["Guardian:PiercingHide","Guardian:Gem_Green","Guardian:Planning"],"picked":"SKIP","floor":45},{"not_picked":["Guardian:RollAttack","Guardian:CrystalBeam","Guardian:SphericShield"],"picked":"SKIP","floor":46},{"not_picked":["Guardian:ShieldSpikes+1","Guardian:TemporalStrike+1","Guardian:TimeBomb"],"picked":"SKIP","floor":48},{"not_picked":["Guardian:PiercingHide","Guardian:Planning+1","Guardian:MultiBeam+1"],"picked":"SKIP","floor":49}],"player_experience":156170,"relics_obtained":[{"floor":7.0,"key":"Shuriken"},{"floor":9.0,"key":"Replay:Bandana"},{"floor":18.0,"key":"Ginger"},{"floor":31.0,"key":"Ice Cream"},{"floor":39,"key":"Toy Ornithopter"},{"floor":40,"key":"Mercury Hourglass"},{"floor":41,"key":"Centennial Puzzle"}],"event_choices":[{"damage_healed":0.0,"max_hp_gain":0.0,"max_hp_loss":0.0,"gold_gain":1.0,"event_name":"betterThird:BetterScrap","player_choice":"Relic ","floor":6.0,"gold_loss":0.0,"damage_taken":12.0,"cards_obtained":["Wallop"]},{"cards_removed":["Guardian:Defend_Guardian"],"damage_healed":0.0,"max_hp_gain":0.0,"max_hp_loss":0.0,"gold_gain":0.0,"event_name":"betterNote:BetterNote","player_choice":"Give","floor":20.0,"gold_loss":0.0,"damage_taken":0.0,"cards_obtained":["Strike_B"]},{"damage_healed":0.0,"max_hp_gain":0.0,"max_hp_loss":0.0,"gold_gain":0.0,"event_name":"Ghosts","player_choice":"Ignored","floor":23.0,"gold_loss":0.0,"damage_taken":0.0}],"is_beta":false,"boss_relics":[{"not_picked":["Astrolabe","ChewingGum"],"picked":"Guardian:ModeShifterPlus"},{"not_picked":["Guardian:StasisSlotReductionRelic","Runic Dome"],"picked":"bronze:MakeshiftBattery"}],"items_purged_floors":[],"is_endless":false,"potions_floor_spawned":[4,5,8,15,16,19,22,29,32,36,40,42,44,48,49],"killed_by":"downfall:CharBossMerchant","ascension_level":0}}