{"host":"krw8blyxua7at9ak","time":1613413736,"event":{"mods":["BaseMod","Highlight Path","Minty Spire (QoL Compilation)","ojb\u0027s Info Mod"],"gold_per_floor":[119,119,119,44,63,63,107,107,107,107,107],"floor_reached":10,"language":"ENG","playtime":215,"items_purged":["Regret"],"score":128,"play_id":"a55d144f-1431-4805-91a0-8d3af7433c27","local_time":"20210215192856","is_ascension_mode":true,"campfire_choices":[{"data":"Sucker Punch","floor":6,"key":"SMITH"}],"circlet_count":0,"master_deck":["AscendersBane","Strike_G","Strike_G","Strike_G","Strike_G","Strike_G","Defend_G","Defend_G","Defend_G","Defend_G","Defend_G","Survivor","Neutralize","Sucker Punch+1","Slice","Deadly Poison"],"relics":["Ring of the Snake","Orichalcum","Golden Idol","Anchor","Regal Pillow","Thread and Needle"],"acts_visited":["Exordium"],"potions_floor_usage":[7],"damage_taken":[{"damage":3,"enemies":"Small Slimes","floor":1,"turns":5},{"damage":0,"enemies":"Jaw Worm","floor":5,"turns":4},{"damage":24,"enemies":"Gremlin Nob","floor":7,"turns":5},{"damage":11,"enemies":"Lagavulin","floor":10,"turns":5}],"seed_played":"7397033719694902774","potions_obtained":[{"floor":1,"key":"DuplicationPotion"}],"is_trial":false,"path_per_floor":["M","?","?","$","M","R","E","?","T","E"],"character_chosen":"THE_SILENT","items_purchased":[],"campfire_rested":0,"item_purchase_floors":[],"current_hp_per_floor":[56,56,56,56,56,56,32,6,6,0,0],"gold":107,"neow_bonus":"RANDOM_COMMON_RELIC","is_daily":false,"chose_seed":false,"campfire_upgraded":1,"win_rate":0.0,"timestamp":1613413736,"path_taken":["M","?","?","$","M","R","E","?","T","E"],"items_purchased_type":[],"build_version":"2020-12-22","purchased_purges":1,"victory":false,"max_hp_per_floor":[66,60,60,60,60,60,60,60,60,60,60],"card_choices":[{"not_picked":["Choke","Acrobatics"],"picked":"Sucker Punch","floor":1},{"not_picked":["Cloak And Dagger","Acrobatics"],"picked":"Slice","floor":5},{"not_picked":["Reflex","Slice"],"picked":"Deadly Poison","floor":7}],"player_experience":415930,"relics_obtained":[{"floor":7,"key":"Regal Pillow"}],"event_choices":[{"damage_healed":0,"gold_gain":0,"player_choice":"Lose Max HP","damage_taken":0,"relics_obtained":["Golden Idol"],"max_hp_gain":0,"max_hp_loss":6,"event_name":"Golden Idol","floor":2,"gold_loss":0},{"damage_healed":0,"gold_gain":0,"player_choice":"Box","damage_taken":0,"relics_obtained":["Anchor"],"max_hp_gain":0,"max_hp_loss":0,"event_name":"Big Fish","floor":3,"gold_loss":0,"cards_obtained":["Regret"]},{"damage_healed":0,"gold_gain":0,"player_choice":"Success","damage_taken":26,"relics_obtained":["Thread and Needle"],"max_hp_gain":0,"max_hp_loss":0,"event_name":"Scrap Ooze","floor":8,"gold_loss":0}],"is_beta":false,"boss_relics":[],"items_purged_floors":[4],"is_endless":false,"potions_floor_spawned":[1],"killed_by":"Lagavulin","ascension_level":20}}