{"host":"bpnwh7vpv9k3tssc","time":1613402034,"event":{"mods":["BaseMod","Colored Map","Colored Powertips","Curses Come First","Highlight Path","Minty Spire (QoL Compilation)","Quick Restart","Random Character Button","Relic Sorter","StSLib"],"gold_per_floor":[118,193,204,215,230,230,259,259,259,259,259,259],"floor_reached":11,"language":"ENG","playtime":292,"items_purged":[],"score":131,"play_id":"32a425fd-045a-4fde-bf5e-3f91bfc1cf1e","local_time":"20210215161354","is_ascension_mode":true,"campfire_choices":[{"data":"Dark Embrace","floor":6,"key":"SMITH"},{"floor":10,"key":"REST"}],"circlet_count":0,"master_deck":["AscendersBane","Strike_R","Strike_R","Strike_R","Strike_R","Strike_R","Defend_R","Defend_R","Defend_R","Defend_R","Bash","Fiend Fire","Pommel Strike","Dark Embrace+1","Inflame","Shrug It Off"],"relics":["Burning Blood","White Beast Statue","InkBottle","Toxic Egg 2"],"acts_visited":["Exordium"],"potions_floor_usage":[7,11],"damage_taken":[{"damage":5,"enemies":"2 Louse","floor":1,"turns":4},{"damage":12,"enemies":"Jaw Worm","floor":3,"turns":2},{"damage":7,"enemies":"Small Slimes","floor":4,"turns":3},{"damage":16,"enemies":"Blue Slaver","floor":5,"turns":3},{"damage":22,"enemies":"3 Sentries","floor":7,"turns":6},{"damage":47,"enemies":"Lagavulin","floor":11,"turns":7}],"seed_played":"-944497219404067369","potions_obtained":[{"floor":3,"key":"CultistPotion"},{"floor":7,"key":"SkillPotion"}],"is_trial":false,"path_per_floor":["M","?","M","M","M","R","E","T","T","R","E"],"character_chosen":"IRONCLAD","items_purchased":[],"campfire_rested":1,"item_purchase_floors":[],"current_hp_per_floor":[69,58,52,51,41,41,25,25,25,47,0,0],"gold":259,"neow_bonus":"ONE_RANDOM_RARE_CARD","is_daily":false,"chose_seed":false,"campfire_upgraded":1,"win_rate":0.0,"timestamp":1613402034,"path_taken":["M","?","M","M","M","R","E","?","T","R","E"],"items_purchased_type":[],"build_version":"2020-12-22","purchased_purges":0,"victory":false,"max_hp_per_floor":[75,75,75,75,75,75,75,75,75,75,75,75],"card_choices":[{"not_picked":["Clothesline","Anger"],"picked":"Pommel Strike","floor":1},{"not_picked":["Twin Strike","Dual Wield"],"picked":"Dark Embrace","floor":3},{"not_picked":["Havoc","Thunderclap"],"picked":"Inflame","floor":4},{"not_picked":["Inflame","Rupture"],"picked":"Shrug It Off","floor":5},{"not_picked":["Shrug It Off","Heavy Blade","Hemokinesis"],"picked":"SKIP","floor":7}],"player_experience":399683,"relics_obtained":[{"floor":7,"key":"White Beast Statue"},{"floor":8,"key":"InkBottle"},{"floor":9,"key":"Toxic Egg 2"}],"event_choices":[{"damage_healed":0,"gold_gain":75,"player_choice":"Gather Gold","damage_taken":11,"max_hp_gain":0,"max_hp_loss":0,"event_name":"World of Goop","floor":2,"gold_loss":0}],"is_beta":false,"boss_relics":[],"items_purged_floors":[],"is_endless":false,"potions_floor_spawned":[3,7],"killed_by":"Lagavulin","ascension_level":16}}