{"host":"6vtgmkkqqeew181q","time":1613373617,"event":{"mods":["100% Spire Juice","BaseMod","Bestiary","Downfall","Faster Ascension Climbing","Hermit","Highlight Path","Minty Spire (QoL Compilation)","Reliquary","Spire Arcade","StSLib","The Jungle"],"gold_per_floor":[216,70,90,90,103,133,133,133,133,145,70,70,82,98,98,199,199,222,248,248,269,286,286,286,286,286,309,309,316,316],"floor_reached":29,"language":"ENG","playtime":1565,"items_purged":["hermit:Strike_Hermit"],"score":225,"play_id":"f1792ca2-d504-484f-833e-983e92372150","local_time":"20210214232017","is_ascension_mode":false,"campfire_choices":[{"data":"hermit:SprayPray","floor":7,"key":"SMITH"},{"data":"hermit:HeroicBravado","floor":12,"key":"SMITH"},{"data":"hermit:Scavenge","floor":15,"key":"SMITH"},{"floor":23,"key":"REST"},{"data":"hermit:LoneWolf","floor":25,"key":"SMITH"},{"data":"hermit:Magnum","floor":28,"key":"SMITH"}],"circlet_count":0,"master_deck":["hermit:Strike_Hermit+1","hermit:Strike_Hermit","hermit:Strike_Hermit","hermit:Defend_Hermit","hermit:Defend_Hermit","hermit:Defend_Hermit","hermit:Defend_Hermit","hermit:Snapshot","hermit:Covet","hermit:WideOpen+1","hermit:SprayPray+1","hermit:Determination","hermit:Vantage","Regret","hermit:HeroicBravado+1","hermit:LoneWolf+1","hermit:Scavenge+1","hermit:Magnum+1","hermit:Feint+1","hermit:Glare+1","Decay"],"relics":["hermit:Momento","sneckomod:BlankCard","Gremlin Horn","FossilizedHelix","Question Card","reliquary:KinkedSpring","CultistMask","Anchor","Bag of Preparation"],"acts_visited":["Exordium","TheCity"],"potions_floor_usage":[16,16,18,19,19,21],"damage_taken":[{"damage":1,"enemies":"Cultist","floor":1,"turns":3},{"damage":0,"enemies":"2 Louse","floor":3,"turns":2},{"damage":5,"enemies":"Small Slimes","floor":5,"turns":2},{"damage":21,"enemies":"3 Sentries","floor":6,"turns":8},{"damage":0,"enemies":"Blue Slaver","floor":10,"turns":3},{"damage":0,"enemies":"Looter","floor":13,"turns":2},{"damage":1,"enemies":"Exordium Thugs","floor":14,"turns":4},{"damage":1,"enemies":"The Guardian","floor":16,"turns":11},{"damage":2,"enemies":"Spheric Guardian","floor":18,"turns":6},{"damage":1,"enemies":"2 Thieves","floor":19,"turns":5},{"damage":20,"enemies":"Snake Plant","floor":21,"turns":5},{"damage":48,"enemies":"Snecko","floor":22,"turns":9},{"damage":26,"enemies":"Shelled Parasite and Fungi","floor":29,"turns":5}],"seed_played":"-6584318058912151638","potions_obtained":[{"floor":6,"key":"FearPotion"},{"floor":13,"key":"Guardian:BlockOnCardUsePotion"},{"floor":14,"key":"Fire Potion"},{"floor":16,"key":"DuplicationPotion"},{"floor":18,"key":"Slimebound:ThreeZeroPotion"},{"floor":19,"key":"Swift Potion"}],"is_trial":false,"path_per_floor":["M","$","M","?","M","E","R","?","T","M","$","R","M","M","R","B",null,"M","M","?","M","M","R","?","R","T","T","R","M"],"character_chosen":"HERMIT","items_purchased":["sneckomod:BlankCard"],"campfire_rested":1,"item_purchase_floors":[2],"current_hp_per_floor":[74,74,74,59,54,33,33,33,33,33,33,33,33,32,32,31,75,73,72,72,52,4,26,26,26,26,26,26,0,0],"gold":316,"neow_bonus":"HUNDRED_GOLD","is_daily":false,"chose_seed":false,"campfire_upgraded":5,"win_rate":0.0,"timestamp":1613373617,"path_taken":["M","$","M","?","M","E","R","?","T","M","$","R","M","M","R","BOSS","M","M","?","?","M","R","?","R","T","?","R","M"],"items_purchased_type":["Relic"],"build_version":"2020-12-22","purchased_purges":1,"victory":false,"max_hp_per_floor":[75,75,75,75,75,75,75,75,75,75,75,75,75,75,75,75,75,75,75,75,75,75,75,75,75,75,75,75,75,75],"card_choices":[{"not_picked":["hermit:Shortfuse","hermit:Quickdraw"],"picked":"hermit:WideOpen","floor":1},{"not_picked":["hermit:Snipe","hermit:CalledShot"],"picked":"hermit:SprayPray","floor":3},{"not_picked":["hermit:TrackingShot","hermit:Deadeye"],"picked":"hermit:Determination","floor":5},{"not_picked":["hermit:Roulette","hermit:Manifest"],"picked":"hermit:Vantage","floor":6},{"not_picked":["hermit:EyeOfTheStorm","hermit:Ricochet","hermit:Midnight"],"picked":"hermit:HeroicBravado","floor":10},{"not_picked":["hermit:Dive","hermit:DeadMansHand","hermit:BodyArmor"],"picked":"hermit:LoneWolf","floor":13},{"not_picked":["hermit:Glare","hermit:Midnight","hermit:Desperado"],"picked":"hermit:Scavenge","floor":14},{"not_picked":["hermit:BlackWind","hermit:FromBeyond","hermit:Dissolve"],"picked":"hermit:Magnum","floor":16},{"not_picked":["hermit:HoleUp+1","hermit:Midnight","hermit:Roulette+1","hermit:WideOpen"],"picked":"SKIP","floor":18},{"not_picked":["hermit:CursedWeapon","hermit:ItchyTrigger+1","hermit:Cheat"],"picked":"hermit:Feint+1","floor":19},{"not_picked":["hermit:Maintenance","hermit:NoHoldsBarred","hermit:Determination","hermit:Misfire"],"picked":"SKIP","floor":21},{"not_picked":["hermit:Coalescence","hermit:ShadowCloak","hermit:GhostlyPresence"],"picked":"hermit:Glare+1","floor":22}],"player_experience":647807,"relics_obtained":[{"floor":6,"key":"Gremlin Horn"},{"floor":9,"key":"Question Card"},{"floor":26,"key":"Anchor"},{"floor":27,"key":"Bag of Preparation"}],"event_choices":[{"damage_healed":0,"gold_gain":0,"player_choice":"Entered Light","damage_taken":15,"max_hp_gain":0,"max_hp_loss":0,"event_name":"Shining Light","floor":4,"gold_loss":0,"cards_upgraded":["hermit:Strike_Hermit","hermit:WideOpen"]},{"damage_healed":0,"gold_gain":0,"player_choice":"Box","damage_taken":0,"relics_obtained":["FossilizedHelix"],"max_hp_gain":0,"max_hp_loss":0,"event_name":"Big Fish","floor":8,"gold_loss":0,"cards_obtained":["Regret"]},{"damage_healed":0,"gold_gain":0,"player_choice":"Trade","damage_taken":0,"relics_obtained":["CultistMask"],"max_hp_gain":0,"max_hp_loss":0,"event_name":"FaceTrader","floor":20,"gold_loss":0},{"damage_healed":0,"gold_gain":0,"player_choice":"Smashed Altar","damage_taken":0,"max_hp_gain":0,"max_hp_loss":0,"event_name":"Forgotten Altar","floor":24,"gold_loss":0,"cards_obtained":["Decay"]}],"is_beta":false,"boss_relics":[{"not_picked":["Empty Cage","Busted Crown"],"picked":"reliquary:KinkedSpring"}],"items_purged_floors":[11],"is_endless":false,"potions_floor_spawned":[6,13,14,16,18,19],"killed_by":"Shelled Parasite and Fungi","ascension_level":0}}