{"host":"f9ztaq6figs4snwj","time":1613418528,"event":{"mods":["BaseMod","Bestiary","Colored Map","Colored Powertips","Curses Come First","DeckTracker","Minty Spire (QoL Compilation)","Quick Restart","StSLib"],"gold_per_floor":[367,367,367,392,407,407,432,450,450,468,489,184,215,239,239,363,363,384,294,219,62,75,75,115,115,169,193,50,68,88,63,63,63,63],"floor_reached":33,"language":"ENG","playtime":1316,"items_purged":["Defend_B"],"score":426,"play_id":"49b27038-4d55-4203-9cbc-8f8cf1b1a49c","local_time":"20210215204848","is_ascension_mode":true,"campfire_choices":[{"data":"Go for the Eyes","floor":6,"key":"SMITH"},{"floor":15,"key":"REST"},{"data":"All For One","floor":23,"key":"SMITH"},{"floor":25,"key":"REST"},{"floor":32,"key":"REST"}],"circlet_count":0,"master_deck":["Strike_B","Strike_B+1","Defend_B","Defend_B","Defend_B","Conserve Battery","Go for the Eyes+1","Go for the Eyes","Streamline","Streamline","Gash","FTL","All For One+1","Electrodynamics","Go for the Eyes+1","Seek+1","Barrage+1","Go for the Eyes","Go for the Eyes","Gash+1","Gash"],"relics":["Cracked Core","Golden Idol","White Beast Statue","Bronze Scales","Tiny Chest","Astrolabe","Nunchaku","Symbiotic Virus","Dream Catcher","Chemical X"],"acts_visited":["Exordium","TheCity"],"potions_floor_usage":[16,16,24,27,29,30,33,33,33],"damage_taken":[{"damage":0,"enemies":"Small Slimes","floor":1,"turns":3},{"damage":5,"enemies":"2 Louse","floor":4,"turns":4},{"damage":0,"enemies":"Cultist","floor":5,"turns":4},{"damage":6,"enemies":"2 Fungi Beasts","floor":7,"turns":3},{"damage":8,"enemies":"Exordium Wildlife","floor":8,"turns":5},{"damage":10,"enemies":"Exordium Thugs","floor":10,"turns":4},{"damage":0,"enemies":"2 Fungi Beasts","floor":11,"turns":3},{"damage":6,"enemies":"Gremlin Nob","floor":13,"turns":3},{"damage":3,"enemies":"Gremlin Gang","floor":14,"turns":3},{"damage":0,"enemies":"Slime Boss","floor":16,"turns":4},{"damage":6,"enemies":"Spheric Guardian","floor":18,"turns":3},{"damage":13,"enemies":"Shell Parasite","floor":22,"turns":4},{"damage":21,"enemies":"Gremlin Leader","floor":24,"turns":6},{"damage":20,"enemies":"Shelled Parasite and Fungi","floor":27,"turns":3},{"damage":8,"enemies":"3 Cultists","floor":29,"turns":3},{"damage":1,"enemies":"Sentry and Sphere","floor":30,"turns":3},{"damage":60,"enemies":"Collector","floor":33,"turns":6}],"seed_played":"-8230126806446528713","potions_obtained":[{"floor":1,"key":"EssenceOfDarkness"},{"floor":5,"key":"BlessingOfTheForge"},{"floor":8,"key":"FocusPotion"},{"floor":10,"key":"DuplicationPotion"},{"floor":14,"key":"DistilledChaos"},{"floor":16,"key":"Fire Potion"},{"floor":18,"key":"PowerPotion"},{"floor":24,"key":"SneckoOil"},{"floor":27,"key":"FocusPotion"},{"floor":29,"key":"Explosive Potion"},{"floor":30,"key":"Energy Potion"}],"is_trial":false,"path_per_floor":["M","?","?","M","M","R","M","M","T","M","M","$","E","M","R","B",null,"M","?","$","$","M","R","E","R","T","M","$","M","M","$","R","B"],"character_chosen":"DEFECT","items_purchased":["All For One","Bronze Scales","Nunchaku","Chemical X","Gash"],"campfire_rested":3,"item_purchase_floors":[12,12,21,28,31],"current_hp_per_floor":[54,36,61,56,56,56,50,42,42,32,32,32,26,23,45,45,68,62,62,62,62,49,49,28,50,50,30,30,22,21,21,43,0,0],"gold":63,"neow_bonus":"TWO_FIFTY_GOLD","is_daily":false,"chose_seed":false,"campfire_upgraded":2,"win_rate":0.0,"timestamp":1613418528,"path_taken":["M","?","?","M","M","R","M","M","T","M","M","$","E","M","R","BOSS","M","?","?","$","M","R","E","R","T","M","$","M","M","$","R","BOSS"],"items_purchased_type":["Card","Relic","Relic","Relic","Card"],"build_version":"2020-12-22","purchased_purges":1,"victory":false,"max_hp_per_floor":[75,75,75,75,75,75,75,75,75,75,75,75,75,75,75,75,75,75,75,75,75,75,75,75,75,75,75,75,75,75,75,75,75,75],"card_choices":[{"not_picked":["Loop","Recycle"],"picked":"Conserve Battery","floor":1},{"not_picked":["Hologram","Compile Driver"],"picked":"Go for the Eyes","floor":4},{"not_picked":["Steam","Coolheaded"],"picked":"Go for the Eyes","floor":5},{"not_picked":["Double Energy","Conserve Battery"],"picked":"Streamline","floor":7},{"not_picked":["Ball Lightning","Rebound"],"picked":"Streamline","floor":8},{"not_picked":["Rip and Tear","Turbo"],"picked":"Gash","floor":10},{"not_picked":["Beam Cell","Barrage"],"picked":"FTL","floor":11},{"not_picked":["Consume","Reprogram","Compile Driver"],"picked":"SKIP","floor":13},{"not_picked":["Coolheaded","Glacier","Force Field"],"picked":"SKIP","floor":14},{"not_picked":["Buffer","Meteor Strike"],"picked":"Electrodynamics","floor":16},{"not_picked":["Skim","Turbo"],"picked":"Go for the Eyes","floor":18},{"not_picked":["Cold Snap+1","Streamline+1"],"picked":"Go for the Eyes","floor":22},{"not_picked":["Loop+1","Turbo"],"picked":"Gash+1","floor":24},{"not_picked":["Auto Shields+1","Double Energy","Machine Learning"],"picked":"SKIP","floor":27},{"not_picked":["Capacitor","Heatsinks","Ball Lightning"],"picked":"SKIP","floor":29},{"not_picked":["Consume","Coolheaded+1","Redo"],"picked":"SKIP","floor":30}],"player_experience":410659,"relics_obtained":[{"floor":9,"key":"White Beast Statue"},{"floor":13,"key":"Tiny Chest"},{"floor":24,"key":"Symbiotic Virus"},{"floor":26,"key":"Dream Catcher"}],"event_choices":[{"damage_healed":0,"gold_gain":0,"player_choice":"Take Damage","damage_taken":18,"relics_obtained":["Golden Idol"],"max_hp_gain":0,"max_hp_loss":0,"event_name":"Golden Idol","floor":2,"gold_loss":0},{"damage_healed":25,"gold_gain":0,"player_choice":"Banana","damage_taken":0,"max_hp_gain":0,"max_hp_loss":0,"event_name":"Big Fish","floor":3,"gold_loss":0},{"cards_removed":["Strike_B"],"damage_healed":0,"gold_gain":0,"player_choice":"Upgrade and Remove","damage_taken":0,"max_hp_gain":0,"max_hp_loss":0,"event_name":"Designer","floor":19,"gold_loss":90,"cards_upgraded":["Strike_B"]}],"is_beta":false,"boss_relics":[{"not_picked":["Runic Pyramid","Calling Bell"],"picked":"Astrolabe"}],"items_purged_floors":[20],"is_endless":false,"potions_floor_spawned":[1,5,8,10,11,13,14,16,18,22,24,27,29,30],"killed_by":"Collector","ascension_level":5}}