{"host":"6vv0uythevi5qk1w","time":1613388949,"event":{"mods":["Act Like it!","BaseMod","Downfall","Gensokyo","Marisa£®ÏF”Í°°ƒß¿Ì…≥£©","Minty Spire (QoL Compilation)","Replay The Spire","StSLib"],"gold_per_floor":[113,126,140,166,197,197,253,253,253,43,87,87,138,376,376,802,802,847,847,847,193,193,193,688,688,688,948,110,110,30,30,30,449,449,974,974,974,1245,474,1182,1591,1591,1591,1591,2093,2363,2363,1482,1482,1482],"floor_reached":51,"language":"ZHS","playtime":3427,"items_purged":["Strike_MRS","NonDirectionalLaser"],"score":1136,"play_id":"d6f0c407-ea1e-413c-a433-1ebdb23f79e5","local_time":"20210215193549","is_ascension_mode":true,"campfire_choices":[{"data":"WitchOfGreed","floor":6.0,"key":"SMITH"},{"data":"EnergyFlow","floor":8.0,"key":"SMITH"},{"floor":15.0,"key":"REST"},{"floor":25.0,"key":"REST"},{"floor":32.0,"key":"REST"},{"floor":44,"key":"REST"},{"floor":49,"key":"REST"}],"circlet_count":0,"master_deck":["Strike_MRS","Defend_MRS","Defend_MRS","Defend_MRS","Defend_MRS","MasterSpark","UpSweep","MagicAbsorber","WitchOfGreed+1","StarBarrage","EnergyFlow+1","Gensokyo:MarisaTwilightSpark","StarDustReverie+1","SatelliteIllusion","AsteroidBelt+1","Gensokyo:SevenSchoolMysteries","Gensokyo:MonkeysPaw+1","Acceleration+1","Parasite","Parasite","DarkMatter+1","Gensokyo:ShootingStar+1","Doppelganger+1","sneckomod:SoulDraw+1","sneckomod:TrashToTreasure+1","Gensokyo:MedicineKit","Gensokyo:ReactiveArmor","Gensokyo:LifeforceConverter","Impatience+1","Master of Strategy+1"],"relics":["MiniHakkero","ReplayTheSpireMod:TigerMarble","The Courier","OrangePellets","Toxic Egg 2","Fusion Hammer","Gensokyo:RedStar","Medical Kit","PrismaticShard","Gensokyo:SongOfSouls","Molten Egg 2","Turnip","WingedGreaves","Dream Catcher","Nunchaku","Singing Bowl","ShroomBag","SproutingBranch","SlaversCollar","Bag of Preparation","Blood Vial","SimpleLauncher","hexamod:BolsterEngine","ReplayTheSpireMod:Lightbulb","ReplayFunnel","Guardian:GemstoneGun","Happy Flower","Kunai","Gensokyo:TheCrow","TheAbacus","bronze:DonusWashers","Frozen Eye","Strange Spoon","ReplayTheSpireMod:ShopPack"],"acts_visited":["Exordium","Gensokyo:Gensokyo","Gensokyo:Gensokyoer"],"potions_floor_usage":[35,38,38,40,41,45,45,46,50,50,50],"damage_taken":[{"damage":3.0,"enemies":"Gensokyo:2_Kodama","floor":1.0,"turns":3.0},{"damage":0.0,"enemies":"Gensokyo:Python","floor":2.0,"turns":3.0},{"damage":0.0,"enemies":"Gensokyo:Gryphon","floor":3.0,"turns":3.0},{"damage":11.0,"enemies":"Gensokyo:CorruptedTreant","floor":4.0,"turns":5.0},{"damage":0.0,"enemies":"Gensokyo:Python_and_Kodama","floor":5.0,"turns":4.0},{"damage":12.0,"enemies":"Gensokyo:Aya","floor":7.0,"turns":2.0},{"damage":4.0,"enemies":"Gensokyo:3_Kodama","floor":11.0,"turns":3.0},{"damage":15.0,"enemies":"Gensokyo:Mamizou","floor":13.0,"turns":7.0},{"damage":5.0,"enemies":"Gensokyo:VengefulSpirit","floor":14.0,"turns":6.0},{"damage":13.0,"enemies":"Gensokyo:Yukari","floor":16.0,"turns":11.0},{"damage":0.0,"enemies":"Gensokyo:CosmicMonolith","floor":18.0,"turns":4.0},{"damage":60.0,"enemies":"Gensokyo:Tenshi","floor":24.0,"turns":6.0},{"damage":20.0,"enemies":"Gensokyo:Reisen","floor":27.0,"turns":7.0},{"damage":31,"enemies":"Gensokyo:Kaguya","floor":33,"turns":9},{"damage":60,"enemies":"Gensokyo:3_Bats","floor":35,"turns":6},{"damage":17,"enemies":"Gensokyo:AncientGuardian","floor":38,"turns":4},{"damage":48,"enemies":"Gensokyo:Doremy","floor":40,"turns":3},{"damage":27,"enemies":"Gensokyo:Kasen","floor":41,"turns":3},{"damage":44,"enemies":"Gensokyo:Marisa","floor":45,"turns":4},{"damage":20,"enemies":"Gensokyo:Sharpion","floor":46,"turns":2},{"damage":1,"enemies":"Gensokyo:Scarlet_Devils","floor":50,"turns":2}],"seed_played":"1848651875042892009","potions_obtained":[{"floor":1.0,"key":"ColorlessPotion"},{"floor":2.0,"key":"BottledSpark"},{"floor":3.0,"key":"Death Potion"},{"floor":4.0,"key":"Swift Potion"},{"floor":5.0,"key":"AttackPotion"},{"floor":7.0,"key":"Explosive Potion"},{"floor":11.0,"key":"Languid Potion"},{"floor":13.0,"key":"SteroidPotion"},{"floor":14.0,"key":"BlessingOfTheForge"},{"floor":16.0,"key":"DistilledChaos"},{"floor":16.0,"key":"Fire Potion"},{"floor":18.0,"key":"SkillPotion"},{"floor":24.0,"key":"Regen Potion"},{"floor":27.0,"key":"LiquidBronze"},{"floor":35,"key":"ColorlessPotion"},{"floor":35,"key":"LiquidMemories"},{"floor":38,"key":"SneckoOil"},{"floor":40,"key":"Guardian:BlockOnCardUsePotion"},{"floor":40,"key":"ColorlessPotion"},{"floor":41,"key":"PowerPotion"},{"floor":45,"key":"CultistPotion"},{"floor":45,"key":"Strength Potion"},{"floor":46,"key":"Milkshake"}],"is_trial":false,"path_per_floor":["M","M","M","M","M","R","E","R","T","COS","M","?","E","M","R","B",null,"M","?","?","COS","T","?","E","R","T","E","$","?","$","?","R","B",null,"M","?","?","M","$","E","E","?","T","R","E","M","?","COS","R","B",null],"character_chosen":"MARISA","items_purchased":["WingedGreaves","Dream Catcher","Nunchaku","Singing Bowl","ShroomBag","Bag of Preparation","Blood Vial","SimpleLauncher","hexamod:BolsterEngine","ReplayTheSpireMod:Lightbulb"],"campfire_rested":5,"item_purchase_floors":[28,28,28,28,28,39,39,39,39,39],"current_hp_per_floor":[51,51,51,40,40,40,28,28,28,28,24,24,13,8,30,17,75,75,68,68,68,68,68,8,28,28,23,23,23,23,23,45,43,70,33,23,23,22,22,51,41,41,41,63,39,30,30,34,59,67],"gold":1482,"neow_bonus":"REMOVE_TWO","is_daily":false,"chose_seed":false,"campfire_upgraded":2,"win_rate":0.0,"timestamp":1613388949,"path_taken":["M","?","M","M","M","R","E","R","T","COS","M","?","E","M","R","BOSS","M","?","?","COS","?","?","E","R","T","E","$","?","?","?","R","BOSS","M","?","?","?","$","E","E","?","T","R","E","M","?","COS","R","BOSS"],"items_purchased_type":["Relic","Relic","Relic","Relic","Relic","Relic","Relic","Relic","Relic","Relic"],"build_version":"2020-12-22","purchased_purges":2,"victory":true,"max_hp_per_floor":[75,75,75,75,75,75,75,75,75,75,75,75,75,75,75,75,75,75,68,68,68,68,68,68,68,68,68,68,68,68,68,70,70,70,70,70,70,72,72,74,76,76,76,76,78,80,80,84,84,84],"card_choices":[{"not_picked":["StarlightTyphoon","GalacticHalo"],"picked":"MagicAbsorber","floor":1.0},{"not_picked":["GravityBeat","MilkyWay"],"picked":"NonDirectionalLaser","floor":2.0},{"not_picked":["Acceleration","MagicAbsorber"],"picked":"WitchOfGreed","floor":3.0},{"not_picked":["PulseMagic","WitchLeyline"],"picked":"StarBarrage","floor":4.0},{"not_picked":["DoubleSpark","IllusionStar","NonDirectionalLaser"],"picked":"SKIP","floor":5.0},{"not_picked":["ChargeUpSpray","DoubleSpark"],"picked":"EnergyFlow","floor":7.0},{"not_picked":["OneTimeOff","IllusionStar","UnstableBomb"],"picked":"SKIP","floor":11.0},{"not_picked":["DC","PulseMagic+1"],"picked":"StarDustReverie+1","floor":13.0},{"not_picked":["MysteriousBeam","ShootingEcho","SporeBomb+1"],"picked":"SKIP","floor":14.0},{"not_picked":["FinalSpark","SuperNova"],"picked":"SatelliteIllusion","floor":16.0},{"not_picked":["MeteoricShower","ShootTheMoon"],"picked":"AsteroidBelt+1","floor":18.0},{"not_picked":["Gensokyo:LochNessMonster","Gensokyo:Kunekune+1"],"picked":"Gensokyo:SevenSchoolMysteries","floor":19.0},{"not_picked":["Halt+1","Guardian:Gem_Green"],"picked":"Acceleration+1","floor":24.0},{"not_picked":["bronze:Return+1","sneckomod:Unknown2Cost+1"],"picked":"Slimebound:Replication+1","floor":27.0},{"not_picked":["champ:BladeFlurry+1","sneckomod:UnknownClassTHE_CHAMP_GRAY+1","Iron Wave+1"],"picked":"Singing Bowl","floor":32.0},{"not_picked":[],"picked":"Gensokyo:ShootingStar","floor":33},{"not_picked":["Chrysalis+1","bronze:HyperBeam+1"],"picked":"Doppelganger+1","floor":33},{"not_picked":["sneckomod:UnknownClassGUARDIAN+1","hexamod:BurningTouch+1"],"picked":"sneckomod:SoulDraw+1","floor":35},{"not_picked":["bronze:BugBarrage+1","Reckless Charge+1","DC+1"],"picked":"Singing Bowl","floor":38},{"not_picked":["DeceiveReality+1","BowlingBash+1","bronze:BronzeOrb+1"],"picked":"Singing Bowl","floor":40},{"not_picked":["hexamod:HauntingEcho+1","Slimebound:HauntingLick+1","champ:RisingSlash+1"],"picked":"Singing Bowl","floor":41},{"not_picked":["ClearTheMind+1","Panic Button+1"],"picked":"sneckomod:TrashToTreasure+1","floor":44},{"not_picked":["Slimebound:SplitAcid+1","Malaise+1","Guardian:RollAttack+1"],"picked":"Singing Bowl","floor":45},{"not_picked":["bronze:Separator+1","sneckomod:UnknownClassPURPLE+1","sneckomod:UnknownClassRED+1"],"picked":"Singing Bowl","floor":46},{"not_picked":["Thinking Ahead","Midas Touch","Violence"],"picked":"Singing Bowl","floor":48},{"not_picked":["Poisoned Strike","Secret Technique"],"picked":"Impatience","floor":48},{"not_picked":["Specialist","Blind","PanicButton"],"picked":"Singing Bowl","floor":48},{"not_picked":["StarBarrage+1","sneckomod:UnknownClassTHE_BRONZE_AUTOMATON+1"],"picked":"Master of Strategy+1","floor":49}],"player_experience":540349,"relics_obtained":[{"floor":7.0,"key":"ReplayTheSpireMod:TigerMarble"},{"floor":9.0,"key":"The Courier"},{"floor":13.0,"key":"Toxic Egg 2"},{"floor":24.0,"key":"Molten Egg 2"},{"floor":27.0,"key":"Turnip"},{"floor":40,"key":"ReplayFunnel"},{"floor":41,"key":"Guardian:GemstoneGun"},{"floor":43,"key":"Happy Flower"},{"floor":45,"key":"Kunai"}],"event_choices":[],"is_beta":false,"boss_relics":[{"not_picked":["expansioncontent:StudyCardRelic","SacredBark"],"picked":"Fusion Hammer"},{"not_picked":["Runic Pyramid","sneckomod:SneckoTalon"],"picked":"SlaversCollar"}],"items_purged_floors":[28,30],"is_endless":false,"potions_floor_spawned":[1,2,3,16,24,35,45,46],"ascension_level":3}}