{"host":"ne5hixkhdtkevwwo","time":1613404248,"event":{"mods":["BaseMod","Colored Map","Downfall","Infinite Spire","Minty Spire (QoL Compilation)","Relic Stats","StSLib"],"gold_per_floor":[117,60,77,97,97,122,122,47,127,127,180,180,140,159,159,238,238,250,6,6,17,27,27,56,56,56,56,56,72,72,72,72,146,146,158,174,396,407,407,407],"floor_reached":39,"language":"ENG","playtime":2749,"items_purged":["Searing Blow+1"],"score":929,"play_id":"009f47c7-d281-4a79-a7f4-efd02e485396","local_time":"20210215165048","is_ascension_mode":true,"campfire_choices":[{"data":"Armaments","floor":7,"key":"SMITH"},{"data":"Barricade","floor":10,"key":"SMITH"},{"data":"Entrench","floor":12,"key":"SMITH"},{"floor":15,"key":"REST"},{"floor":23,"key":"REST"},{"floor":25,"key":"REST"},{"data":"Shockwave","floor":27,"key":"SMITH"},{"data":"Dark Embrace","floor":32,"key":"SMITH"}],"circlet_count":0,"master_deck":["AscendersBane","Bash","Barricade+1","Feel No Pain","Armaments+1","Second Wind","True Grit","Entrench+1","infinitespire:OneForAll","Feel No Pain","Sever Soul+1","Havoc","Offering","Limit Break","Sword Boomerang+1","Intimidate","Seeing Red","Feed+1","Rupture","Fire Breathing","Body Slam+1","Headbutt+1","J.A.X.","Feel No Pain","Shockwave+1","Shrug It Off","Ghostly","Ghostly","Ghostly","Dark Embrace+1","infinitespire:FutureSight","Impervious","Reckless Charge+1","Warcry+1","Dual Wield+1"],"relics":["Burning Blood","Whetstone","Molten Egg 2","Juzu Bracelet","Pandora\u0027s Box","Centennial Puzzle","Red Mask","Thread and Needle","Nunchaku","Philosopher\u0027s Stone"],"acts_visited":["Exordium","TheCity","TheBeyond"],"potions_floor_usage":[4,6,18,22,33,35,38,39],"damage_taken":[{"damage":6,"enemies":"Cultist","floor":1,"turns":3},{"damage":26,"enemies":"Jaw Worm","floor":3,"turns":7},{"damage":0,"enemies":"Small Slimes","floor":4,"turns":3},{"damage":21,"enemies":"3 Sentries","floor":6,"turns":23},{"damage":6,"enemies":"Looter","floor":13,"turns":4},{"damage":24,"enemies":"3 Louse","floor":14,"turns":7},{"damage":32,"enemies":"Slime Boss","floor":16,"turns":42},{"damage":27,"enemies":"3 Byrds","floor":18,"turns":5},{"damage":14,"enemies":"Chosen","floor":21,"turns":8},{"damage":17,"enemies":"Shelled Parasite and Fungi","floor":22,"turns":5},{"damage":35,"enemies":"Masked Bandits","floor":24,"turns":4},{"damage":6,"enemies":"Centurion and Healer","floor":29,"turns":8},{"damage":5,"enemies":"Champ","floor":33,"turns":8},{"damage":12,"enemies":"Orb Walker","floor":35,"turns":8},{"damage":36,"enemies":"3 Darklings","floor":36,"turns":5},{"damage":3,"enemies":"Maw","floor":38,"turns":6},{"damage":20,"enemies":"4 Shapes","floor":39,"turns":1}],"seed_played":"3317683161644523341","potions_obtained":[{"floor":3,"key":"Explosive Potion"},{"floor":4,"key":"EssenceOfSteel"},{"floor":6,"key":"LiquidBronze"},{"floor":21,"key":"BlessingOfTheForge"},{"floor":24,"key":"SpeedPotion"},{"floor":29,"key":"GamblersBrew"},{"floor":33,"key":"SteroidPotion"},{"floor":35,"key":"champ:CounterPotion"},{"floor":36,"key":"Block Potion"}],"is_trial":false,"path_per_floor":["M","$","M","M","?","E","R","$","T","R","T","R","M","M","R","B",null,"M","$","?","M","M","R","?","R","T","R","?","M","?","AVR","R","B",null,"M","M","?","M","M"],"character_chosen":"IRONCLAD","items_purchased":["Armaments","Feel No Pain","Centennial Puzzle"],"campfire_rested":3,"item_purchase_floors":[2,8,19],"current_hp_per_floor":[68,68,48,54,54,39,39,39,39,39,39,39,39,21,43,17,61,44,44,44,40,33,59,30,56,56,56,43,47,47,47,47,47,47,45,15,15,18,0,0],"gold":407,"neow_bonus":"ONE_RANDOM_RARE_CARD","is_daily":false,"chose_seed":false,"campfire_upgraded":5,"win_rate":0.0,"timestamp":1613404248,"path_taken":["M","$","M","?","?","E","R","?","T","R","?","R","M","M","R","BOSS","M","$","?","M","M","R","?","R","T","R","?","M","?","AVR","R","BOSS","M","M","?","M","M"],"items_purchased_type":["Card","Card","Relic"],"build_version":"2020-12-22","purchased_purges":1,"victory":false,"max_hp_per_floor":[75,75,75,75,75,75,75,75,75,75,75,75,75,75,75,75,75,79,79,79,83,87,87,87,87,87,87,43,47,47,47,47,47,47,51,51,51,51,51,51],"relic_stats":{"Centennial Puzzle":[27],"Nunchaku":[3],"counters":[17,147],"Pandora\u0027s Box":["Limit Break","Searing Blow","Sword Boomerang","Intimidate","Seeing Red","Feed","Rupture","Fire Breathing","Body Slam"],"Juzu Bracelet":0,"Whetstone":["Strike_R","Strike_R"],"obtain_stats":[{"Centennial Puzzle":19,"Nunchaku":31,"Molten Egg 2":9,"Pandora\u0027s Box":17,"Thread and Needle":26,"Philosopher\u0027s Stone":34,"Juzu Bracelet":11,"Red Mask":24,"Whetstone":6,"Burning Blood":0},{"Centennial Puzzle":8,"Nunchaku":12,"Molten Egg 2":4,"Pandora\u0027s Box":7,"Thread and Needle":11,"Philosopher\u0027s Stone":13,"Juzu Bracelet":4,"Red Mask":11,"Whetstone":4,"Burning Blood":0},{"Centennial Puzzle":94,"Nunchaku":119,"Molten Egg 2":36,"Pandora\u0027s Box":89,"Thread and Needle":111,"Philosopher\u0027s Stone":127,"Juzu Bracelet":36,"Red Mask":111,"Whetstone":36,"Burning Blood":0}],"Burning Blood":95},"card_choices":[{"not_picked":["Second Wind","Havoc"],"picked":"Feel No Pain","floor":1},{"not_picked":["Heavy Blade","True Grit"],"picked":"Second Wind","floor":3},{"not_picked":["Anger","Havoc"],"picked":"True Grit","floor":4},{"not_picked":["Iron Wave","Entrench"],"picked":"infinitespire:OneForAll","floor":6},{"not_picked":["Rage","Evolve"],"picked":"Sever Soul+1","floor":13},{"not_picked":["Cleave+1","Intimidate"],"picked":"Havoc","floor":14},{"not_picked":["Feed+1","Demon Form"],"picked":"Offering","floor":16},{"not_picked":["Shockwave","Perfected Strike+1"],"picked":"Headbutt+1","floor":18},{"not_picked":["Clash+1","Headbutt+1"],"picked":"Feel No Pain","floor":21},{"not_picked":["Rampage+1","Cleave+1"],"picked":"Shockwave","floor":22},{"not_picked":["Anger+1","Clothesline+1"],"picked":"Shrug It Off","floor":24},{"not_picked":["Feel No Pain","Dropkick+1","Wild Strike+1"],"picked":"SKIP","floor":29},{"not_picked":["Limit Break","Feed+1"],"picked":"Impervious","floor":33},{"not_picked":["Clash+1","Sword Boomerang+1"],"picked":"Reckless Charge+1","floor":35},{"not_picked":["Havoc","Cleave+1"],"picked":"Warcry+1","floor":36},{"not_picked":["Headbutt+1","Thunderclap+1"],"picked":"Dual Wield+1","floor":38}],"player_experience":1062550,"relics_obtained":[{"floor":6,"key":"Whetstone"},{"floor":9,"key":"Molten Egg 2"},{"floor":11,"key":"Juzu Bracelet"},{"floor":24,"key":"Red Mask"},{"floor":26,"key":"Thread and Needle"}],"event_choices":[{"damage_healed":0,"gold_gain":0,"player_choice":"1 cards matched","damage_taken":0,"max_hp_gain":0,"max_hp_loss":0,"event_name":"Match and Keep!","floor":5,"gold_loss":0,"cards_obtained":["Entrench"]},{"damage_healed":0,"gold_gain":0,"player_choice":"Obtain J.A.X.","damage_taken":0,"max_hp_gain":0,"max_hp_loss":0,"event_name":"Drug Dealer","floor":20,"gold_loss":0,"cards_obtained":["J.A.X."]},{"damage_healed":0,"gold_gain":0,"player_choice":"Fought Bandits","damage_taken":0,"max_hp_gain":0,"max_hp_loss":0,"event_name":"Masked Bandits","floor":24,"gold_loss":0},{"damage_healed":0,"gold_gain":0,"player_choice":"Became a Ghost","damage_taken":0,"max_hp_gain":0,"max_hp_loss":44,"event_name":"Ghosts","floor":28,"gold_loss":0,"cards_obtained":["Ghostly","Ghostly","Ghostly"]},{"damage_healed":0,"gold_gain":0,"player_choice":"Read","damage_taken":0,"max_hp_gain":0,"max_hp_loss":0,"event_name":"The Library","floor":30,"gold_loss":0,"cards_obtained":["Dark Embrace"]},{"damage_healed":0,"gold_gain":222,"player_choice":"Wore Mask","damage_taken":0,"max_hp_gain":0,"max_hp_loss":0,"event_name":"Tomb of Lord Red Mask","floor":37,"gold_loss":0}],"is_beta":false,"boss_relics":[{"not_picked":["Snecko Eye","infinitespire:Burning Sword"],"picked":"Pandora\u0027s Box"},{"not_picked":["SacredBark","Cursed Key"],"picked":"Philosopher\u0027s Stone"}],"items_purged_floors":[19],"is_endless":false,"potions_floor_spawned":[3,4,6,21,24,29,33,35,36],"killed_by":"4 Shapes","ascension_level":20}}