{"host":"kpcx2wrn7eq3nf7c","time":1613398004,"event":{"mods":["Act Like it!","BaseMod","CapriCore","Card Forge","Friendly Minions","Gensokyo","Hermit","Koishi","Marisa（霧雨　魔理沙）","Minty Spire (QoL Compilation)","StSLib","The Animator","The Immortal","The Servant 0.9.4","Waifu the Spire","Youmu（魂魄妖梦）"],"gold_per_floor":[115,127,127,127,145,177,177,206,206,33,33,70,70,94,94,201,228,251,274,274,274,4,40,64,64,90,99,99,118,135,135,135],"floor_reached":31,"language":"ZHS","playtime":1810,"items_purged":["Strike_S","Defend_S"],"score":328,"play_id":"aaba32ce-6e31-423b-addb-3543061c6f7b","local_time":"20210215220644","is_ascension_mode":true,"campfire_choices":[{"data":"Deep Breath","floor":7,"key":"SMITH"},{"floor":13,"key":"REST"},{"floor":15,"key":"REST"},{"data":"Manipulate","floor":25,"key":"SMITH"},{"floor":28,"key":"REST"}],"circlet_count":0,"master_deck":["Defend_S","Defend_S","Defend_S","KidneyShot","Exchange","Deep Breath+1","Starlight","Manipulate+1","ShatteredReality","Snipe","TheWorld","MoonPhase+1","Advance","TrueSight+1","Barrier+1","LightFlow+1","RealityMarble+1","TimeWarp","StarChef+1","Reset+1","BottledTime+1","ReturningBlade+1"],"relics":["Uniform","Hammer of Thor","Seething Fire","Anvil of the Gods","Frozen Egg 2","Question Card","Odd Mushroom","CeramicFish","Bronze Scales","Astrolabe","Ornamental Fan","Membership Card","Bag of Marbles","KneeBrace","Oddly Smooth Stone"],"acts_visited":["Exordium","Gensokyo:Gensokyoer"],"potions_floor_usage":[8,12,12,12,16,23],"damage_taken":[{"damage":7,"enemies":"2 Louse","floor":1,"turns":2},{"damage":2,"enemies":"Jaw Worm","floor":2,"turns":3},{"damage":0,"enemies":"Cultist","floor":5,"turns":3},{"damage":38,"enemies":"3 Sentries","floor":6,"turns":9},{"damage":17,"enemies":"The Mushroom Lair","floor":8,"turns":3},{"damage":0,"enemies":"Gremlin Nob","floor":12,"turns":3},{"damage":9,"enemies":"Blue Slaver","floor":14,"turns":3},{"damage":28,"enemies":"The Guardian","floor":16,"turns":16},{"damage":1,"enemies":"Gensokyo:AngelMirror","floor":18,"turns":2},{"damage":12,"enemies":"Gensokyo:3_Dogs","floor":19,"turns":6},{"damage":23,"enemies":"Gensokyo:Koishi","floor":23,"turns":6},{"damage":10,"enemies":"Gensokyo:Wraith","floor":24,"turns":4},{"damage":14,"enemies":"Gensokyo:Slime_Group","floor":29,"turns":4},{"damage":19,"enemies":"Gensokyo:Swordslinger","floor":30,"turns":5},{"damage":10,"enemies":"Gensokyo:Wraith","floor":31,"turns":2}],"seed_played":"-3591224522653546221","potions_obtained":[{"floor":6,"key":"DistilledChaos"},{"floor":8,"key":"PowerPotion"},{"floor":12,"key":"ColorlessPotion"},{"floor":14,"key":"EssenceOfSteel"},{"floor":18,"key":"FearPotion"},{"floor":24,"key":"LiquidMemories"},{"floor":30,"key":"Strength Potion"}],"is_trial":false,"path_per_floor":["M","M","?","T","M","E","R","?","T","$","$","E","R","M","R","B",null,"M","M","?","?","$","E","M","R","T","?","R","M","M","M"],"character_chosen":"THE_SERVANT","items_purchased":["Block Potion","FearPotion","Membership Card","Bag of Marbles"],"campfire_rested":3,"item_purchase_floors":[10,10,22,22],"current_hp_per_floor":[58,56,61,61,61,23,23,6,6,6,6,6,27,18,39,11,70,69,57,57,57,57,34,24,24,24,24,43,29,10,0,0],"gold":135,"neow_bonus":"RANDOM_COLORLESS","is_daily":false,"chose_seed":false,"campfire_upgraded":2,"win_rate":0.0,"timestamp":1613398004,"path_taken":["M","M","?","?","M","E","R","?","T","?","$","E","R","M","R","BOSS","M","?","?","?","?","E","?","R","T","?","R","?","M","M"],"items_purchased_type":["Potion","Potion","Relic","Relic"],"build_version":"2020-12-22","purchased_purges":2,"victory":false,"max_hp_per_floor":[65,65,70,70,70,70,70,70,70,70,70,70,70,70,70,70,70,70,70,70,65,65,65,65,65,65,65,65,65,65,65,65],"card_choices":[{"not_picked":["Impatience","Mind Blast"],"picked":"Deep Breath","floor":0},{"not_picked":["Revamp","DoubleEdge"],"picked":"Starlight","floor":1},{"not_picked":["BestPractice","Revamp"],"picked":"Manipulate","floor":2},{"not_picked":["Ricochet","Rewind"],"picked":"ShatteredReality","floor":5},{"not_picked":["Contraction","Alleviate"],"picked":"Snipe","floor":6},{"not_picked":["Potential","Ricochet","Misdirection"],"picked":"TheWorld","floor":8},{"not_picked":["FastForward","Alleviate","Defy"],"picked":"MoonPhase+1","floor":12},{"not_picked":["BottledTime","Foresight+1","Replace"],"picked":"Advance","floor":14},{"not_picked":["LightFlow","SilverMatrix+1","FlawlessForm+1"],"picked":"TrueSight+1","floor":16},{"not_picked":["Rewind","Starlight","Rearm"],"picked":"RealityMarble+1","floor":18},{"not_picked":["RealityMarble+1","Rewind","DoubleEdge"],"picked":"TimeWarp","floor":19},{"not_picked":["Alleviate","SpecialFormula","Hightail"],"picked":"StarChef+1","floor":23},{"not_picked":["Gouge","BottledTime","Snipe"],"picked":"Reset+1","floor":24},{"not_picked":["Deadline","Rearm","Revamp+1"],"picked":"ReturningBlade+1","floor":29},{"not_picked":["Ricochet","Alleviate","DoubleEdge","Duplication"],"picked":"SKIP","floor":30}],"player_experience":1235768,"relics_obtained":[{"floor":4,"key":"Frozen Egg 2"},{"floor":6,"key":"Question Card"},{"floor":8,"key":"Odd Mushroom"},{"floor":9,"key":"CeramicFish"},{"floor":12,"key":"Bronze Scales"},{"floor":23,"key":"KneeBrace"},{"floor":26,"key":"Oddly Smooth Stone"}],"event_choices":[{"damage_healed":0,"gold_gain":0,"player_choice":"Donut","damage_taken":0,"max_hp_gain":5,"max_hp_loss":0,"event_name":"Big Fish","floor":3,"gold_loss":0},{"damage_healed":0,"gold_gain":0,"player_choice":"Fought Mushrooms","damage_taken":0,"max_hp_gain":0,"max_hp_loss":0,"event_name":"Mushrooms","floor":8,"gold_loss":0}],"is_beta":false,"boss_relics":[{"not_picked":["MysterySword","Philosopher\u0027s Stone"],"picked":"Astrolabe"}],"items_purged_floors":[10,22],"is_endless":false,"potions_floor_spawned":[6,8,12,14,18,24,30],"killed_by":"Gensokyo:Wraith","ascension_level":3}}