{"host":"o88u0awh8mkwl1l8","time":1613352373,"event":{"mods":["BaseMod","Colored Map","Highlight Path","Minty Spire (QoL Compilation)"],"gold_per_floor":[110,127,127,145,158,158,174,174,174,194,212,212,224,254,254,333,333,333,333],"floor_reached":18,"language":"JPN","playtime":1321,"items_purged":[],"score":332,"play_id":"f9d65c80-e389-4789-b743-5e1921ffc7d7","local_time":"20210215102613","is_ascension_mode":true,"campfire_choices":[{"floor":6,"key":"REST"},{"data":"Footwork","floor":12,"key":"SMITH"},{"data":"Blur","floor":15,"key":"SMITH"}],"circlet_count":0,"master_deck":["AscendersBane","Strike_G","Strike_G","Strike_G","Strike_G","Defend_G","Defend_G","Defend_G","Defend_G","Survivor","Neutralize","Dagger Throw","PiercingWail","PiercingWail","Dagger Throw","Footwork+1","Blur+1","Eviscerate","Dagger Throw","Predator","Unload"],"relics":["Ring of the Snake","StrikeDummy","Calipers","SlaversCollar"],"acts_visited":["Exordium","TheCity"],"potions_floor_usage":[7,14,18,18,18],"damage_taken":[{"damage":14,"enemies":"Jaw Worm","floor":1,"turns":9},{"damage":0,"enemies":"Small Slimes","floor":2,"turns":7},{"damage":0,"enemies":"Cultist","floor":4,"turns":3},{"damage":5,"enemies":"Blue Slaver","floor":5,"turns":6},{"damage":20,"enemies":"Exordium Thugs","floor":7,"turns":7},{"damage":7,"enemies":"Large Slime","floor":10,"turns":5},{"damage":0,"enemies":"2 Fungi Beasts","floor":11,"turns":3},{"damage":0,"enemies":"Looter","floor":13,"turns":4},{"damage":20,"enemies":"Gremlin Nob","floor":14,"turns":4},{"damage":18,"enemies":"The Guardian","floor":16,"turns":16},{"damage":18,"enemies":"3 Byrds","floor":18,"turns":6}],"seed_played":"1496650688327895066","potions_obtained":[{"floor":4,"key":"SteroidPotion"},{"floor":10,"key":"Energy Potion"},{"floor":11,"key":"EntropicBrew"},{"floor":14,"key":"EntropicBrew"}],"is_trial":false,"path_per_floor":["M","M","?","M","M","R","M","?","T","M","M","R","M","E","R","B",null,"M"],"character_chosen":"THE_SILENT","items_purchased":[],"campfire_rested":1,"item_purchase_floors":[],"current_hp_per_floor":[45,45,38,38,33,52,32,54,54,47,47,47,47,27,27,9,52,34,34],"gold":333,"neow_bonus":"REMOVE_CARD","is_daily":false,"chose_seed":false,"campfire_upgraded":2,"win_rate":0.0,"timestamp":1613352373,"path_taken":["M","M","?","M","M","R","M","?","T","M","M","R","M","E","R","BOSS","M"],"items_purchased_type":[],"build_version":"2020-12-22","purchased_purges":0,"victory":false,"max_hp_per_floor":[66,66,66,66,66,66,66,66,66,66,66,66,66,66,66,66,66,66,66],"card_choices":[{"not_picked":["Concentrate","Deflect"],"picked":"Dagger Throw","floor":1},{"not_picked":["Choke","Bane"],"picked":"PiercingWail","floor":2},{"not_picked":["Cloak And Dagger","Prepared"],"picked":"PiercingWail","floor":4},{"not_picked":["Expertise","Cloak And Dagger"],"picked":"Dagger Throw","floor":5},{"not_picked":["Tactician","Backflip"],"picked":"Footwork","floor":7},{"not_picked":["Quick Slash","Backstab"],"picked":"Blur","floor":10},{"not_picked":["Expertise","Blade Dance"],"picked":"Eviscerate","floor":11},{"not_picked":["Blade Dance","Poisoned Stab"],"picked":"Dagger Throw","floor":13},{"not_picked":["Heel Hook","Distraction"],"picked":"Predator","floor":14},{"not_picked":["Venomology","A Thousand Cuts"],"picked":"Unload","floor":16}],"player_experience":1233658,"relics_obtained":[{"floor":9,"key":"StrikeDummy"},{"floor":14,"key":"Calipers"}],"event_choices":[{"cards_removed":["Defend_G"],"damage_healed":0,"gold_gain":0,"player_choice":"Card Removal","damage_taken":7,"max_hp_gain":0,"max_hp_loss":0,"event_name":"Golden Wing","floor":3,"gold_loss":0},{"damage_healed":22,"gold_gain":0,"player_choice":"Banana","damage_taken":0,"max_hp_gain":0,"max_hp_loss":0,"event_name":"Big Fish","floor":8,"gold_loss":0}],"is_beta":false,"boss_relics":[{"not_picked":["SacredBark","Tiny House"],"picked":"SlaversCollar"}],"items_purged_floors":[],"is_endless":false,"potions_floor_spawned":[4,10,11,13,14],"killed_by":"3 Byrds","ascension_level":20}}