{"host":"or8fr2mp0k3eluj8","time":1613398973,"event":{"mods":["AchievementEnabler","BaseMod","Colored Map","DeckTracker","Minty Spire (QoL Compilation)","SuperFastMode"],"gold_per_floor":[115,115,115,115,127,157,157,190,190,207,226,254,277,298,298,298,298],"floor_reached":16,"language":"KOR","playtime":301,"items_purged":[],"score":169,"play_id":"bc93fbfb-5049-4101-b473-66296789b273","local_time":"20210215232253","is_ascension_mode":true,"campfire_choices":[{"data":"Dagger Spray","floor":7,"key":"SMITH"},{"data":"Poisoned Stab","floor":15,"key":"SMITH"}],"circlet_count":0,"master_deck":["Strike_G","Strike_G","Strike_G","Strike_G","Strike_G","Defend_G","Defend_G","Defend_G","Defend_G","Defend_G","Survivor","Neutralize","Catalyst+1","Dagger Spray+1","Poisoned Stab+1","Terror"],"relics":["Ring of the Snake","NeowsBlessing","Mango","CeramicFish","Gremlin Horn","Pantograph","Oddly Smooth Stone"],"acts_visited":["Exordium"],"potions_floor_usage":[8],"damage_taken":[{"damage":0,"enemies":"Cultist","floor":1,"turns":1},{"damage":0,"enemies":"2 Louse","floor":5,"turns":1},{"damage":0,"enemies":"Gremlin Nob","floor":6,"turns":1},{"damage":36,"enemies":"Lagavulin","floor":8,"turns":10},{"damage":6,"enemies":"Jaw Worm","floor":10,"turns":5},{"damage":2,"enemies":"Looter","floor":11,"turns":3},{"damage":0,"enemies":"Blue Slaver","floor":12,"turns":5},{"damage":0,"enemies":"3 Louse","floor":14,"turns":1},{"damage":69,"enemies":"Slime Boss","floor":16,"turns":11}],"seed_played":"3772116844371116175","potions_obtained":[{"floor":1,"key":"SteroidPotion"},{"floor":6,"key":"Ancient Potion"},{"floor":8,"key":"Dexterity Potion"},{"floor":12,"key":"DuplicationPotion"}],"is_trial":false,"path_per_floor":["M","?","?","?","M","E","R","E","T","M","M","M","T","M","R","B"],"character_chosen":"THE_SILENT","items_purchased":[],"campfire_rested":0,"item_purchase_floors":[],"current_hp_per_floor":[70,81,86,86,86,86,86,50,50,44,42,42,42,42,42,0,0],"gold":298,"neow_bonus":"THREE_ENEMY_KILL","is_daily":false,"chose_seed":false,"campfire_upgraded":2,"win_rate":0.0,"timestamp":1613398973,"path_taken":["M","?","?","?","M","E","R","E","T","?","M","M","?","M","R","BOSS"],"items_purchased_type":[],"build_version":"2020-12-22","purchased_purges":0,"victory":false,"max_hp_per_floor":[70,84,89,89,89,89,89,89,89,89,89,89,89,89,89,89,89],"card_choices":[{"not_picked":["Distraction","Eviscerate"],"picked":"Catalyst","floor":1},{"not_picked":["Footwork","Catalyst"],"picked":"Dagger Spray","floor":5},{"not_picked":["Dash","Dagger Throw","Underhanded Strike"],"picked":"SKIP","floor":6},{"not_picked":["Underhanded Strike","Predator","Outmaneuver"],"picked":"SKIP","floor":8},{"not_picked":["Flying Knee","Cloak And Dagger","Underhanded Strike"],"picked":"SKIP","floor":10},{"not_picked":["Flying Knee","Outmaneuver","Endless Agony"],"picked":"SKIP","floor":11},{"not_picked":["Cloak And Dagger","Quick Slash"],"picked":"Poisoned Stab","floor":12},{"not_picked":["Deflect","Bane"],"picked":"Terror","floor":14}],"player_experience":343711,"relics_obtained":[{"floor":6,"key":"CeramicFish"},{"floor":8,"key":"Gremlin Horn"},{"floor":9,"key":"Pantograph"},{"floor":13,"key":"Oddly Smooth Stone"}],"event_choices":[{"damage_healed":0,"gold_gain":0,"player_choice":"Success","damage_taken":3,"relics_obtained":["Mango"],"max_hp_gain":0,"max_hp_loss":0,"event_name":"Scrap Ooze","floor":2,"gold_loss":0},{"damage_healed":0,"gold_gain":0,"player_choice":"Donut","damage_taken":0,"max_hp_gain":5,"max_hp_loss":0,"event_name":"Big Fish","floor":3,"gold_loss":0},{"damage_healed":0,"gold_gain":0,"player_choice":"Upgraded","damage_taken":0,"max_hp_gain":0,"max_hp_loss":0,"event_name":"Upgrade Shrine","floor":4,"gold_loss":0,"cards_upgraded":["Catalyst"]}],"is_beta":false,"boss_relics":[],"items_purged_floors":[],"is_endless":false,"potions_floor_spawned":[1,6,8,12],"killed_by":"Slime Boss","ascension_level":1}}