{"host":"xm0tf1maiknh0fp9","time":1613401435,"event":{"mods":["BaseMod","Colored Map","Colored Powertips","Googly Eyes","Minty Spire (QoL Compilation)","Replay The Spire","StSLib"],"gold_per_floor":[118,118,118,17,17,51,51,65,89,123,139,15,90,111,111,237,237,261,261,300,18,18,18,53,74,74,112,112,135,160,160,160,285,285,301,319,342,356,375,375,375,375,452,452,483,503,521,556,556,556],"floor_reached":51,"language":"ENG","playtime":1807,"items_purged":["Regret","Amnesia"],"score":1128,"play_id":"1f94a472-c1ef-4b4c-9b3a-8650456b1c40","local_time":"20210215100355","is_ascension_mode":true,"campfire_choices":[{"data":"Adaptation","floor":7.0,"key":"SMITH"},{"data":"Eruption","floor":15.0,"key":"SMITH"},{"data":"Blasphemy","floor":23.0,"key":"SMITH"},{"floor":28.0,"key":"REST"},{"data":"J.A.X.","floor":32.0,"key":"SMITH"},{"floor":40,"key":"REST"},{"floor":44,"key":"REST"},{"floor":49,"key":"REST"}],"circlet_count":0,"master_deck":["Strike_P","Strike_P","Strike_P","Defend_P","Defend_P","Defend_P","Eruption+1","Vigilance","Fasting2+1","FlurryOfBlows","CutThroughFate","Adaptation+1","CutThroughFate","FollowUp","FlurryOfBlows","Blasphemy+1","CurseOfTheBell","FlurryOfBlows","J.A.X.+1","Vault","Weave","Vault"],"relics":["SlaversCollar","Golden Idol","Iron Hammer","Snack Pack","Lantern","Divine Protection","Calling Bell","Bronze Scales","The Courier","Torii","Ring of Searing","Ring of Fury","Red Mask","Replay:Mystery Machine","ReplayTheSpireMod:CursedCoin","Durian","ReplayTheSpireMod:Lightbulb","Dream Catcher","Darkstone Periapt","Empty Cage","HornCleat","Replay:Bottled Snecko","Mercury Hourglass"],"acts_visited":["Exordium","TheCity","TheBeyond"],"potions_floor_usage":[50,50,50],"damage_taken":[{"damage":2.0,"enemies":"Jaw Worm","floor":1.0,"turns":4.0},{"damage":14.0,"enemies":"Replay:BlueRogue","floor":6.0,"turns":4.0},{"damage":3.0,"enemies":"Small Slimes","floor":8.0,"turns":3.0},{"damage":13.0,"enemies":"Lagavulin","floor":10.0,"turns":3.0},{"damage":0.0,"enemies":"Cultist","floor":11.0,"turns":2.0},{"damage":0.0,"enemies":"Blue Slaver","floor":14.0,"turns":1.0},{"damage":0.0,"enemies":"Slime Boss","floor":16.0,"turns":4.0},{"damage":1.0,"enemies":"3 Byrds","floor":18.0,"turns":4.0},{"damage":12.0,"enemies":"Masked Bandits","floor":20.0,"turns":3.0},{"damage":17.0,"enemies":"Book of Stabbing","floor":24.0,"turns":3.0},{"damage":12.0,"enemies":"Spheric Guardian","floor":25.0,"turns":4.0},{"damage":8.0,"enemies":"Slavers","floor":27.0,"turns":5.0},{"damage":0.0,"enemies":"3 Cultists","floor":29.0,"turns":2.0},{"damage":15.0,"enemies":"Snecko","floor":30.0,"turns":4.0},{"damage":24.0,"enemies":"Automaton","floor":33.0,"turns":5.0},{"damage":4.0,"enemies":"3 Darklings","floor":35.0,"turns":3.0},{"damage":6.0,"enemies":"Orb Walker","floor":36.0,"turns":3.0},{"damage":15.0,"enemies":"Transient","floor":37.0,"turns":6.0},{"damage":17.0,"enemies":"Writhing Mass","floor":38.0,"turns":3.0},{"damage":14,"enemies":"Maw","floor":39,"turns":5},{"damage":15,"enemies":"R_Hoarder","floor":45,"turns":5},{"damage":29,"enemies":"3 Darklings","floor":46,"turns":5},{"damage":0,"enemies":"Jaw Worm Horde","floor":47,"turns":2},{"damage":29,"enemies":"Giant Head","floor":48,"turns":4},{"damage":49,"enemies":"Awakened One","floor":50,"turns":8}],"seed_played":"7747426958226158138","potions_obtained":[{"floor":1.0,"key":"BottledMiracle"},{"floor":6.0,"key":"EssenceOfSteel"},{"floor":16.0,"key":"Toxic Potion"},{"floor":25.0,"key":"BottledMiracle"},{"floor":30.0,"key":"Toxic Potion"},{"floor":33.0,"key":"Strength Potion"},{"floor":36.0,"key":"BottledMiracle"},{"floor":39,"key":"Languid Potion"},{"floor":45,"key":"DistilledChaos"}],"is_trial":false,"path_per_floor":["M","?","?","$","?","E","R","M","T","E","M","$","?","M","R","B",null,"M","?","?","$","?","R","E","M","T","E","R","M","M","?","R","B",null,"M","M","M","M","M","R","?","?","T","R","E","M","M","E","R","B",null],"character_chosen":"WATCHER","items_purchased":["FlurryOfBlows","CutThroughFate","FlurryOfBlows","Replay:Mystery Machine","ReplayTheSpireMod:CursedCoin","Durian"],"campfire_rested":4,"item_purchase_floors":[4,4,12,21,21,21],"current_hp_per_floor":[63,63,63,63,63,49,49,48,48,39,41,41,30,32,32,36,59,64,64,55,60,60,60,47,39,39,35,56,62,51,51,51,37,63,63,61,50,41,33,54,54,54,54,72,69,48,54,31,52,13],"gold":556,"neow_bonus":"BOSS_RELIC","is_daily":false,"chose_seed":false,"campfire_upgraded":4,"win_rate":0.0,"timestamp":1613401435,"path_taken":["M","?","?","$","?","E","R","M","T","E","?","$","?","M","R","BOSS","M","?","?","$","?","R","E","?","T","E","R","M","M","?","R","BOSS","M","M","M","M","M","R","?","?","T","R","E","M","?","E","R","BOSS"],"items_purchased_type":["Card","Card","Card","Relic","Relic","Relic"],"build_version":"2020-12-22","purchased_purges":2,"victory":true,"max_hp_per_floor":[72,72,67,67,67,67,67,67,67,67,67,67,67,67,67,67,67,67,67,67,72,72,72,72,72,72,72,72,72,72,72,72,72,72,72,72,72,72,72,72,72,72,72,72,72,72,72,72,72,72],"card_choices":[{"not_picked":["WindmillStrike","Pray","LikeWater"],"picked":"SKIP","floor":1.0},{"not_picked":["WreathOfFlame","DeusExMachina"],"picked":"Adaptation","floor":6.0},{"not_picked":["Replay:ManipulateFuture","Evaluate"],"picked":"CutThroughFate","floor":8.0},{"not_picked":["SignatureMove","Replay:ManipulateFuture","EmptyBody"],"picked":"SKIP","floor":10.0},{"not_picked":["Evaluate","Collect"],"picked":"FollowUp","floor":11.0},{"not_picked":["FlyingSleeves","FollowUp","Collect"],"picked":"SKIP","floor":14.0},{"not_picked":["ConjureBlade","LessonLearned"],"picked":"Blasphemy","floor":16.0},{"not_picked":["Evaluate+1","Collect","WreathOfFlame"],"picked":"SKIP","floor":18.0},{"not_picked":["Evaluate","EmptyMind","FlyingSleeves"],"picked":"SKIP","floor":24.0},{"not_picked":["SashWhip","ClearTheMind+1"],"picked":"FlurryOfBlows","floor":25.0},{"not_picked":["Wallop+1","Scrawl","FearNoEvil+1"],"picked":"SKIP","floor":27.0},{"not_picked":["FlyingSleeves","Replay:AtTheReady","SandsOfTime"],"picked":"SKIP","floor":29.0},{"not_picked":["CutThroughFate","FearNoEvil+1","ThirdEye"],"picked":"SKIP","floor":30.0},{"not_picked":["Alpha","MasterReality"],"picked":"Vault","floor":33.0},{"not_picked":["Replay:BluntJabs","Consecrate+1","SandsOfTime+1"],"picked":"SKIP","floor":35.0},{"not_picked":["BattleHymn+1","Weave+1","Replay:ManipulateFuture"],"picked":"SKIP","floor":36.0},{"not_picked":["Evaluate+1","Crescendo+1","EmptyMind+1"],"picked":"SKIP","floor":37.0},{"not_picked":["Prostrate+1","SashWhip","Consecrate+1"],"picked":"SKIP","floor":38.0},{"not_picked":["EmptyBody+1","Adaptation"],"picked":"Weave","floor":39},{"not_picked":["Replay:Anticipation","WheelKick","Crescendo"],"picked":"SKIP","floor":45},{"not_picked":["WreathOfFlame+1","InnerPeace+1","BowlingBash"],"picked":"SKIP","floor":46},{"not_picked":["SashWhip+1","FlurryOfBlows+1","LikeWater"],"picked":"SKIP","floor":47},{"not_picked":["Replay:Cycle+1","Judgement","JustLucky+1"],"picked":"SKIP","floor":48}],"player_experience":181698,"relics_obtained":[{"floor":6.0,"key":"Snack Pack"},{"floor":9.0,"key":"Lantern"},{"floor":10.0,"key":"Divine Protection"},{"floor":17.0,"key":"Bronze Scales"},{"floor":17.0,"key":"The Courier"},{"floor":17.0,"key":"Torii"},{"floor":19.0,"key":"Ring of Searing"},{"floor":19.0,"key":"Ring of Fury"},{"floor":20.0,"key":"Red Mask"},{"floor":24.0,"key":"ReplayTheSpireMod:Lightbulb"},{"floor":26.0,"key":"Dream Catcher"},{"floor":27.0,"key":"Darkstone Periapt"},{"floor":43,"key":"HornCleat"},{"floor":45,"key":"Replay:Bottled Snecko"},{"floor":48,"key":"Mercury Hourglass"}],"event_choices":[{"damage_healed":0.0,"max_hp_gain":0.0,"max_hp_loss":5.0,"gold_gain":0.0,"event_name":"Golden Idol","player_choice":"Lose Max HP","floor":3.0,"gold_loss":0.0,"damage_taken":0.0,"relics_obtained":["Golden Idol"]},{"damage_healed":0.0,"max_hp_gain":0.0,"max_hp_loss":0.0,"gold_gain":0.0,"event_name":"Big Fish","player_choice":"Box","floor":5.0,"gold_loss":0.0,"damage_taken":0.0,"relics_obtained":["Iron Hammer"],"cards_obtained":["Regret"]},{"damage_healed":0.0,"max_hp_gain":0.0,"max_hp_loss":0.0,"gold_gain":75.0,"event_name":"World of Goop","player_choice":"Gather Gold","floor":13.0,"gold_loss":0.0,"damage_taken":11.0},{"damage_healed":0.0,"max_hp_gain":0.0,"max_hp_loss":0.0,"gold_gain":0.0,"event_name":"Masked Bandits","player_choice":"Fought Bandits","floor":20.0,"gold_loss":0.0,"damage_taken":0.0},{"damage_healed":0.0,"max_hp_gain":0.0,"max_hp_loss":0.0,"gold_gain":0.0,"event_name":"Match and Keep!","player_choice":"0 cards matched","floor":22.0,"gold_loss":0.0,"damage_taken":0.0,"cards_obtained":[]},{"damage_healed":0.0,"max_hp_gain":0.0,"max_hp_loss":0.0,"gold_gain":0.0,"event_name":"Drug Dealer","player_choice":"Obtain J.A.X.","floor":31.0,"gold_loss":0.0,"damage_taken":0.0,"cards_obtained":["J.A.X."]},{"damage_healed":0,"gold_gain":0,"player_choice":"Ignored","damage_taken":0,"max_hp_gain":0,"max_hp_loss":0,"event_name":"The Moai Head","floor":41,"gold_loss":0},{"damage_healed":0,"gold_gain":0,"player_choice":"Copied","damage_taken":0,"max_hp_gain":0,"max_hp_loss":0,"event_name":"Duplicator","floor":42,"gold_loss":0,"cards_obtained":["Vault"]}],"is_beta":false,"boss_relics":[{"not_picked":["Abe\u0027s Treasure","Tiny House"],"picked":"Calling Bell"},{"not_picked":["Replay:Ancient Bell","Fusion Hammer"],"picked":"Empty Cage"}],"items_purged_floors":[12,21],"is_endless":false,"potions_floor_spawned":[1,6,16,25,30,33,36,39,45,48],"ascension_level":7}}