{"host":"2q4w55ev63ot6isg","time":1613409080,"event":{"mods":["Aspiration","BaseMod","Downfall","Hubris","Marisa????????","Minty Spire (QoL Compilation)","Replay The Spire","StSLib","The Cursed","The Jungle","The Servant 0.9.4"],"gold_per_floor":[99,99,112,130,130,41,122,122,134,134,150,150,163,163,163,163,175,274,274,274,124,137,156,176,6,306,325,325,337,348,348,378,361,378,473,473,473,434,434,454,114,164,164,164,178,196,196,43,43,43,54,54],"floor_reached":53,"language":"ENG","playtime":1809,"items_purged":["bronze:Strike","hubris:Despair","Decay","CommonCold"],"score":746,"play_id":"0ee7d92d-d41a-4293-a8db-2c89f1b76bdb","local_time":"20210215091120","is_ascension_mode":false,"campfire_choices":[{"floor":1.0,"key":"DIG"},{"data":"m_BronzeAgony","floor":8.0,"key":"SMITH"},{"data":"bronze:InfiniteLoop","floor":10.0,"key":"SMITH"},{"data":"bronze:Strike","floor":20.0,"key":"PURGE"},{"floor":31.0,"key":"REST"},{"floor":37,"key":"DIG"},{"data":"Replay:SS_forest_2","floor":44,"key":"SMITH"},{"data":"bronze:Repair","floor":49,"key":"SMITH"}],"circlet_count":0,"master_deck":["bronze:Strike","bronze:Strike","bronze:Defend","bronze:Defend","bronze:Defend","m_BronzeAgony+1","m_BronzeSurvivor","bronze:Iterate","bronze:Constructor","bronze:InfiniteLoop+1","bronze:ChosenStrike","bronze:BronzeOrb+1","bronze:ChildClass+1","bronze:DelayedGuard","bronze:Verify","bronze:ChildClass+1","bronze:Fortify","bronze:Branch+1","bronze:Optimize","bronze:ChildClass+1","bronze:Overload","bronze:Repair+1","bronze:Optimize+1","bronze:Mutator","bronze:Shield+1","expansioncontent:YouAreMine","Replay:SS_forest_2+1","expansioncontent:PrepareCrush","bronze:FineTuning+1","bronze:MaxOutput+1"],"relics":["ReplayTheSpireMod:DimensionalGlitch","hubris:OldNail","Gremlin Horn","bronze:BottledCode","Philosopher\u0027s Stone","hubris:EmptyBottle","Old Coin","hubris:Icosahedron","Pet Ghost","hubris:TenFootPole","Replay:Ancient Bell","MealTicket","Iron Hammer","Durian","Replay:Bottled Eggs","Letter Opener","champ:DuelingGlove","hubris:TinFlute","ClockworkSouvenir","hubris:FruitBowl","Bag of Preparation","Toy Ornithopter","Medical Kit"],"acts_visited":["Exordium","TheCity","TheBeyond"],"potions_floor_usage":[42,51,51,52,52,52,52,52],"damage_taken":[{"damage":0.0,"enemies":"Small Slimes","floor":3.0,"turns":3.0},{"damage":0.0,"enemies":"2 Louse","floor":4.0,"turns":2.0},{"damage":5.0,"enemies":"downfall:FleeingMerchant","floor":6.0,"turns":4.0},{"damage":0.0,"enemies":"Cultist","floor":9.0,"turns":3.0},{"damage":0.0,"enemies":"Blue Slaver","floor":11.0,"turns":2.0},{"damage":0.0,"enemies":"Large Slime","floor":13.0,"turns":2.0},{"damage":0.0,"enemies":"Blue Slaver","floor":17.0,"turns":1.0},{"damage":0.0,"enemies":"SI_SHIV_ARCHETYPE","floor":18.0,"turns":4.0},{"damage":0.0,"enemies":"Spheric Guardian","floor":22.0,"turns":2.0},{"damage":9.0,"enemies":"Snecko","floor":23.0,"turns":3.0},{"damage":0.0,"enemies":"Centurion and Healer","floor":24.0,"turns":2.0},{"damage":0.0,"enemies":"downfall:FleeingMerchant","floor":25.0,"turns":4.0},{"damage":0.0,"enemies":"3 Cultists","floor":27.0,"turns":2.0},{"damage":0.0,"enemies":"Cultist and Chosen","floor":29.0,"turns":2.0},{"damage":24.0,"enemies":"Snake Plant","floor":30.0,"turns":3.0},{"damage":13.0,"enemies":"Gremlin Leader","floor":32.0,"turns":4.0},{"damage":22.0,"enemies":"downfall:FleeingMerchant","floor":33.0,"turns":3.0},{"damage":0.0,"enemies":"3 Cultists","floor":34.0,"turns":3.0},{"damage":10,"enemies":"WA_ARCHETYPE_CALM","floor":35,"turns":7},{"damage":5,"enemies":"Orb Walker","floor":38,"turns":2},{"damage":0,"enemies":"3 Darklings","floor":40,"turns":3},{"damage":0,"enemies":"3 Darklings","floor":42,"turns":5},{"damage":1,"enemies":"Sphere and 2 Shapes","floor":45,"turns":3},{"damage":0,"enemies":"4 Shapes","floor":46,"turns":2},{"damage":1,"enemies":"Transient","floor":51,"turns":5},{"damage":33,"enemies":"DF_ARCHETYPE_ORBS","floor":52,"turns":5}],"seed_played":"383436354847762555","potions_obtained":[{"floor":3.0,"key":"bronze:FreeFunctionsPotion"},{"floor":9.0,"key":"Fire Potion"},{"floor":11.0,"key":"Strength Potion"},{"floor":13.0,"key":"BlessingOfTheForge"},{"floor":17.0,"key":"Fruit Juice"},{"floor":23.0,"key":"Strength Potion"},{"floor":24.0,"key":"Ancient Potion"},{"floor":30.0,"key":"bronze:FreeFunctionsPotion"},{"floor":35,"key":"bronze:BuildAFunctionPotion"},{"floor":38,"key":"bronze:FreeFunctionsPotion"},{"floor":40,"key":"DistilledChaos"},{"floor":45,"key":"Toxic Potion"},{"floor":51,"key":"FearPotion"}],"is_trial":false,"path_per_floor":["R","?","M","M","?","$","T","R","M","R","M","?","M","PTL","PTL","?","M","B",null,"R","?","M","M","M","$","T","M","?","M","M","R","E","$","M","B",null,"R","M","?","M","$","?","T","R","M","M","$","$","R","$","M","B",null],"character_chosen":"THE_AUTOMATON","items_purchased":["bronze:InfiniteLoop","hubris:EmptyBottle","hubris:TenFootPole","bronze:Repair","Letter Opener","ClockworkSouvenir","hubris:FruitBowl","Bag of Preparation","Toy Ornithopter","Medical Kit"],"campfire_rested":1,"item_purchase_floors":[6,25,33,33,41,47,47,47,47,48],"current_hp_per_floor":[70,70,70,70,70,65,65,65,65,65,65,65,65,65,65,60,65,65,65,65,75,75,66,66,66,66,66,66,66,42,64,51,29,33,65,80,80,80,73,78,80,80,80,80,80,80,22,37,37,52,62,47],"gold":54,"neow_bonus":"BOSS_RELIC","is_daily":false,"chose_seed":false,"campfire_upgraded":4,"win_rate":0.0,"timestamp":1613409080,"path_taken":["R","?","M","M","?","$","T","R","M","R","M","?","M","PTL","PTL","?","M","BOSS","R","?","M","M","M","$","T","?","?","M","M","R","E","$","M","BOSS","R","M","?","M","$","?","T","R","M","M","?","$","R","$","M","BOSS"],"items_purchased_type":["Card","Relic","Relic","Card","Relic","Relic","Relic","Relic","Relic","Relic"],"build_version":"2020-12-22","purchased_purges":4,"victory":true,"max_hp_per_floor":[70,70,70,70,70,70,70,70,70,70,70,70,70,70,70,60,65,65,65,65,75,75,75,75,75,75,75,75,75,75,75,75,75,75,75,80,80,80,80,80,80,80,80,80,80,80,80,80,80,80,80,80],"card_choices":[{"not_picked":["bronze:ChildClass","bronze:BuggyMess"],"picked":"bronze:Iterate","floor":3.0},{"not_picked":["bronze:BugBarrage","bronze:BitShift","bronze:Invalidate"],"picked":"SKIP","floor":4.0},{"not_picked":["bronze:ForceShield","bronze:Philosophize"],"picked":"bronze:Constructor","floor":6.0},{"not_picked":["bronze:DelayedGuard","bronze:CloningBeam"],"picked":"bronze:ChosenStrike","floor":9.0},{"not_picked":["bronze:OilSpill","bronze:Flail"],"picked":"bronze:BronzeOrb","floor":11.0},{"not_picked":["bronze:DarkDash","bronze:CutThrough"],"picked":"bronze:ChildClass","floor":13.0},{"not_picked":["bronze:CutThrough","bronze:BitShift"],"picked":"bronze:DelayedGuard","floor":17.0},{"not_picked":["bronze:TinkerersToolbox","bronze:AlphaBuild"],"picked":"bronze:Verify","floor":18.0},{"not_picked":["bronze:Shell","bronze:WhirlingStrike","bronze:ForLoop"],"picked":"SKIP","floor":22.0},{"not_picked":["bronze:Return","bronze:FineTuning"],"picked":"bronze:ChildClass+1","floor":23.0},{"not_picked":["bronze:Branch","bronze:GetLatest"],"picked":"bronze:Fortify","floor":24.0},{"not_picked":["bronze:BitShift+1","bronze:Overheat"],"picked":"bronze:Branch+1","floor":25.0},{"not_picked":["bronze:InfiniteBeams","bronze:Return"],"picked":"bronze:Optimize","floor":27.0},{"not_picked":["bronze:Invalidate+1","bronze:OilSpill","bronze:Repulsor"],"picked":"SKIP","floor":29.0},{"not_picked":["bronze:WhirlingStrike","bronze:ClassDefault"],"picked":"bronze:ChildClass","floor":30.0},{"not_picked":["bronze:DelayedGuard","bronze:Separator"],"picked":"bronze:Overload","floor":32.0},{"not_picked":["bronze:CutThrough","bronze:CleanCode","bronze:Fortify"],"picked":"SKIP","floor":33.0},{"not_picked":["bronze:BitShift","bronze:BronzeOrb"],"picked":"bronze:Optimize+1","floor":34.0},{"not_picked":["bronze:InfiniteLoop","bronze:Assembly"],"picked":"bronze:Mutator","floor":35},{"not_picked":["Pain","Writhe"],"picked":"hubris:Despair","floor":36},{"not_picked":["hubris:Wrath","downfall:Haunted"],"picked":"Decay","floor":36},{"not_picked":["Normality","Amnesia"],"picked":"CommonCold","floor":36},{"not_picked":["bronze:CleanCode","bronze:BuggyMess"],"picked":"bronze:Shield+1","floor":38},{"not_picked":["expansioncontent:PolyBeam","expansioncontent:Hexaburn"],"picked":"expansioncontent:YouAreMine","floor":39},{"not_picked":["expansioncontent:PolyBeam","Replay:SS_fish_1"],"picked":"Replay:SS_forest_2","floor":39},{"not_picked":["expansioncontent:PolyBeam","expansioncontent:Chronoboost"],"picked":"expansioncontent:PrepareCrush","floor":39},{"not_picked":["bronze:WildBeam+1","bronze:Separator"],"picked":"bronze:FineTuning+1","floor":40},{"not_picked":["bronze:Separator","bronze:DelayedSlice"],"picked":"bronze:MaxOutput+1","floor":45},{"not_picked":["bronze:DarkDash","bronze:CutThrough+1","bronze:Turbo+1"],"picked":"SKIP","floor":46},{"not_picked":["bronze:Iterate","bronze:DelayedSlice","bronze:WildBeam+1"],"picked":"SKIP","floor":51}],"player_experience":255181,"relics_obtained":[{"floor":1.0,"key":"hubris:OldNail"},{"floor":7.0,"key":"Gremlin Horn"},{"floor":26.0,"key":"Old Coin"},{"floor":32.0,"key":"Pet Ghost"},{"floor":37,"key":"Replay:Bottled Eggs"},{"floor":42,"key":"champ:DuelingGlove"},{"floor":43,"key":"hubris:TinFlute"}],"event_choices":[],"is_beta":false,"boss_relics":[{"not_picked":["Runic Dome","aspiration:RunicSpoon"],"picked":"Philosopher\u0027s Stone"},{"not_picked":["hubris:RunicObelisk","hubris:GrandSneckoEye"],"picked":"Replay:Ancient Bell"},{"not_picked":["Juzu Bracelet","MawBank"],"picked":"MealTicket"},{"not_picked":["Ornamental Fan","Eternal Feather"],"picked":"Iron Hammer"},{"not_picked":["hubris:Potato","hubris:MedicalManual"],"picked":"Durian"}],"items_purged_floors":[33,41,47,47],"is_endless":false,"potions_floor_spawned":[3,9,11,13,17,23,24,27,30,35,38,40,45,51],"ascension_level":0}}