{"host":"yhipfp2q5jnlph7f","time":1613404392,"event":{"mods":["BaseMod","Minty Spire (QoL Compilation)","Quick Restart"],"gold_per_floor":[18,38,38,53,66,66,91,102,102,102,135,149,149,179,179,276,276,296,221,221,146,165,192,192,207,286,316,316,316],"floor_reached":28,"language":"JPN","playtime":2675,"items_purged":["Defend_P"],"score":306,"play_id":"c3fd9edc-e4b7-48c9-941a-8694da6ffdd2","local_time":"20210216005312","is_ascension_mode":true,"campfire_choices":[{"data":"Eruption","floor":6.0,"key":"SMITH"},{"data":"Vigilance","floor":10.0,"key":"SMITH"},{"data":"Weave","floor":15.0,"key":"SMITH"}],"circlet_count":0,"master_deck":["Strike_P+1","Strike_P+1","Defend_P+1","Eruption+1","Vigilance+1","Wireheading+1","LessonLearned","ForeignInfluence+1","Establishment+1","Weave"],"relics":["PureWater","Orichalcum","HornCleat","Torii","Pantograph","Runic Pyramid","Gremlin Horn","Letter Opener","InkBottle"],"acts_visited":["Exordium","TheCity"],"potions_floor_usage":[22,27],"damage_taken":[{"damage":0.0,"enemies":"2 Louse","floor":1.0,"turns":1.0},{"damage":0.0,"enemies":"Jaw Worm","floor":2.0,"turns":4.0},{"damage":0.0,"enemies":"Cultist","floor":4.0,"turns":2.0},{"damage":11.0,"enemies":"Large Slime","floor":5.0,"turns":7.0},{"damage":5.0,"enemies":"Lagavulin","floor":7.0,"turns":5.0},{"damage":4.0,"enemies":"Exordium Wildlife","floor":8.0,"turns":4.0},{"damage":23.0,"enemies":"3 Sentries","floor":11.0,"turns":14.0},{"damage":8.0,"enemies":"3 Louse","floor":12.0,"turns":4.0},{"damage":1.0,"enemies":"Lagavulin","floor":14.0,"turns":5.0},{"damage":19.0,"enemies":"Slime Boss","floor":16.0,"turns":8.0},{"damage":13.0,"enemies":"2 Thieves","floor":18.0,"turns":3.0},{"damage":6,"enemies":"3 Byrds","floor":22,"turns":2},{"damage":28,"enemies":"Slavers","floor":23,"turns":3},{"damage":0,"enemies":"Snecko","floor":25,"turns":3},{"damage":7,"enemies":"Book of Stabbing","floor":27,"turns":4},{"damage":0,"enemies":"Shelled Parasite and Fungi","floor":28,"turns":1}],"seed_played":"5018778577067208768","potions_obtained":[{"floor":1.0,"key":"AttackPotion"},{"floor":8.0,"key":"SkillPotion"},{"floor":11.0,"key":"CultistPotion"},{"floor":14.0,"key":"FearPotion"},{"floor":16.0,"key":"LiquidBronze"},{"floor":18.0,"key":"DuplicationPotion"},{"floor":22,"key":"BottledMiracle"}],"is_trial":false,"path_per_floor":["M","M","?","M","M","R","E","M","T","R","E","M","?","E","R","B",null,"M","$","?","?","M","E","?","M","T","E","M"],"character_chosen":"WATCHER","items_purchased":[],"campfire_rested":0,"item_purchase_floors":[],"current_hp_per_floor":[72,72,77,77,66,66,61,57,57,57,34,26,26,25,25,31,77,64,64,64,64,58,30,77,77,77,70,70,70],"gold":316,"neow_bonus":"REMOVE_TWO","is_daily":false,"chose_seed":false,"campfire_upgraded":3,"win_rate":0.0,"timestamp":1613404392,"path_taken":["M","M","?","M","M","R","E","M","T","R","E","M","?","E","R","BOSS","M","$","?","?","M","E","?","?","T","E","M"],"items_purchased_type":[],"build_version":"2020-12-22","purchased_purges":1,"victory":false,"max_hp_per_floor":[72,72,77,77,77,77,77,77,77,77,77,77,77,77,77,77,77,77,77,77,77,77,77,77,77,77,77,77,77],"card_choices":[{"not_picked":["WheelKick","SashWhip","Halt"],"picked":"SKIP","floor":1.0},{"not_picked":["BowlingBash","CarveReality","Fasting2"],"picked":"SKIP","floor":2.0},{"not_picked":["FlyingSleeves","Swivel","Study"],"picked":"SKIP","floor":4.0},{"not_picked":["SignatureMove","EmptyMind"],"picked":"Wireheading","floor":5.0},{"not_picked":["CarveReality","BowlingBash","EmptyFist"],"picked":"SKIP","floor":7.0},{"not_picked":["Halt","Tantrum"],"picked":"Weave","floor":8.0},{"not_picked":["FollowUp","FlurryOfBlows","CrushJoints"],"picked":"SKIP","floor":11.0},{"not_picked":["ClearTheMind","LikeWater","InnerPeace"],"picked":"SKIP","floor":12.0},{"not_picked":["Collect","Meditate","MasterReality"],"picked":"SKIP","floor":14.0},{"not_picked":["Brilliance","Devotion"],"picked":"LessonLearned","floor":16.0},{"not_picked":["Prostrate+1","Wallop+1","FlurryOfBlows"],"picked":"SKIP","floor":18.0},{"not_picked":["CrushJoints","Tantrum"],"picked":"ForeignInfluence+1","floor":22},{"not_picked":["EmptyFist+1","ForeignInfluence","PathToVictory"],"picked":"SKIP","floor":23},{"not_picked":["Evaluate","Consecrate"],"picked":"Establishment","floor":25},{"not_picked":["EmptyBody","ClearTheMind"],"picked":"Weave","floor":27}],"player_experience":1900494,"relics_obtained":[{"floor":7.0,"key":"Orichalcum"},{"floor":9.0,"key":"HornCleat"},{"floor":11.0,"key":"Torii"},{"floor":14.0,"key":"Pantograph"},{"floor":23,"key":"Gremlin Horn"},{"floor":26,"key":"Letter Opener"},{"floor":27,"key":"InkBottle"}],"event_choices":[{"damage_healed":0.0,"max_hp_gain":5.0,"max_hp_loss":0.0,"gold_gain":0.0,"event_name":"Big Fish","player_choice":"Donut","floor":3.0,"gold_loss":0.0,"damage_taken":0.0},{"damage_healed":0.0,"max_hp_gain":0.0,"max_hp_loss":0.0,"gold_gain":0.0,"event_name":"Liars Game","player_choice":"Ignored","floor":13.0,"gold_loss":0.0,"damage_taken":0.0},{"cards_removed":["Strike_P"],"damage_healed":0,"gold_gain":0,"player_choice":"Elegance","damage_taken":0,"max_hp_gain":0,"max_hp_loss":0,"event_name":"Back to Basics","floor":20,"gold_loss":0},{"cards_removed":["Defend_P"],"damage_healed":0,"gold_gain":0,"player_choice":"Gave Gold","damage_taken":0,"max_hp_gain":0,"max_hp_loss":0,"event_name":"Beggar","floor":21,"gold_loss":75},{"cards_removed":["Weave"],"damage_healed":47,"gold_gain":0,"player_choice":"Offered Uncommon","damage_taken":0,"max_hp_gain":0,"max_hp_loss":0,"event_name":"Bonfire Elementals","floor":24,"gold_loss":0}],"is_beta":false,"boss_relics":[{"not_picked":["VioletLotus","Astrolabe"],"picked":"Runic Pyramid"}],"items_purged_floors":[19],"is_endless":false,"potions_floor_spawned":[1,8,11,14,16,18,22,23],"killed_by":"Shelled Parasite and Fungi","ascension_level":2}}