{"host":"92wx9z21c4p52du4","time":1613367770,"event":{"mods":["Act Like it!","Bard","BaseMod","ChefMod","Elementarium","Evolution","GungeonMod","Hallownest","Infinite Spire","Minty Spire (QoL Compilation)","QueenMod","Relic Stats","Reliquary","StSLib","SuperFastMode","The Blue Laboratory","The Bug Knight","The Disciple","The Hierophant","The Runesmith","TheSurvivalist"],"gold_per_floor":[116,116,132,150,168,168,187,216,269,54,54,85,102,102,102,210,210,227,227,256,273,298,298,298,310,310,324,69,107,107,130,130,140,140],"floor_reached":33,"language":"ENG","playtime":2530,"items_purged":["DemoMod:Strike_Huntress","DemoMod:Strike_Huntress"],"score":307,"play_id":"4fc82d12-34c6-4002-922c-5885912fa56a","local_time":"20210214234250","is_ascension_mode":false,"campfire_choices":[{"data":"DemoMod:Elimentaler","floor":6,"key":"SMITH"},{"data":"DemoMod:TableSutra","floor":11,"key":"SMITH"},{"floor":15,"key":"REST"},{"data":"DemoMod:ManualReload","floor":24,"key":"SMITH"},{"data":"DemoMod:RadGun","floor":32,"key":"SMITH"}],"circlet_count":0,"master_deck":["DemoMod:Defend_Huntress","DemoMod:Defend_Huntress","DemoMod:Defend_Huntress","DemoMod:Defend_Huntress","DemoMod:Roll","DemoMod:ManualReload+1","DemoMod:RustySidearm","DemoMod:CrossBow","DemoMod:Elimentaler+1","DemoMod:SniperShot","DemoMod:TableSutra+1","DemoMod:HardPowerCard","DemoMod:ConditionalReflex","DemoMod:CombinedRifle","DemoMod:DoubleVision","DemoMod:HardPowerCard","infinitespire:Fortify","DemoMod:SuppressiveFire","DemoMod:AWP","DemoMod:RadGun+1","DemoMod:HungryBullets+1","DemoMod:SkilledReload+1"],"relics":["survmod:InnateMutation","EVO:Axolotl","infinitespire:Cubic Diamond","Meat on the Bone","Matryoshka","DemoMod:Test1","Elementarium:GoldenMirage","Frozen Egg 2","reliquary:Aerogel","reliquary:RosewoodLute","reliquary:HotPoker","infinitespire:EmpoweringShard","reliquary:Firecrackers","Shuriken","Ice Cream"],"acts_visited":["Exordium","Exordium"],"potions_floor_usage":[7,8,12,16,20,31],"damage_taken":[{"damage":0,"enemies":"Small Slimes","floor":1,"turns":3},{"damage":0,"enemies":"Jaw Worm","floor":3,"turns":4},{"damage":0,"enemies":"2 Louse","floor":4,"turns":3},{"damage":0,"enemies":"Looter","floor":5,"turns":3},{"damage":15,"enemies":"Exordium Thugs","floor":7,"turns":7},{"damage":12,"enemies":"3 Sentries","floor":8,"turns":8},{"damage":3,"enemies":"Lagavulin","floor":12,"turns":5},{"damage":0,"enemies":"3 Louse","floor":13,"turns":4},{"damage":0,"enemies":"The Guardian","floor":16,"turns":15},{"damage":8,"enemies":"Elementarium:Cyclone","floor":18,"turns":7},{"damage":0,"enemies":"Elementarium:GOLDEN_STATUES","floor":20,"turns":7},{"damage":6,"enemies":"Elementarium:2_ELEMENTALS","floor":21,"turns":3},{"damage":28,"enemies":"Hallownest:eliteWatcherKnight","floor":22,"turns":14},{"damage":15,"enemies":"Elementarium:RubyGolem","floor":25,"turns":3},{"damage":13,"enemies":"Elementarium:Hydrostalker","floor":27,"turns":4},{"damage":0,"enemies":"Elementarium:STONE_GOLEMS","floor":29,"turns":5},{"damage":6,"enemies":"Elementarium:STONE_GOLEMS","floor":31,"turns":7},{"damage":42,"enemies":"Elementarium:GoldenDragon","floor":33,"turns":10}],"seed_played":"4419378208195320115","potions_obtained":[{"floor":3,"key":"blueLaboratory:FrostheartPotion"},{"floor":4,"key":"Energy Potion"},{"floor":8,"key":"ColorlessPotion"},{"floor":12,"key":"Weak Potion"},{"floor":18,"key":"Block Potion"},{"floor":21,"key":"blueLaboratory:EnragingPotion"},{"floor":27,"key":"SpeedPotion"},{"floor":31,"key":"LiquidMemories"}],"is_trial":false,"path_per_floor":["M","?","M","M","M","R","M","E","T","$","R","E","M","?","R","B",null,"M","?","?","M","?","T","R","M","T","M","$","?","AVR","M","R","B"],"character_chosen":"HUNTRESS","items_purchased":["DemoMod:DoubleVision","reliquary:Firecrackers"],"campfire_rested":1,"item_purchase_floors":[10,28],"current_hp_per_floor":[70,70,70,70,70,70,55,43,43,43,43,40,40,23,44,44,70,62,62,62,56,40,40,40,37,37,36,36,36,36,42,42,0,0],"gold":140,"neow_bonus":"ONE_RANDOM_RARE_CARD","is_daily":false,"chose_seed":false,"campfire_upgraded":4,"win_rate":0.0,"timestamp":1613367770,"path_taken":["M","?","M","M","M","R","M","E","T","$","R","E","M","?","R","BOSS","M","?","?","?","?","?","R","M","T","M","?","?","AVR","M","R","BOSS"],"items_purchased_type":["Card","Relic"],"build_version":"2020-12-22","purchased_purges":2,"victory":false,"max_hp_per_floor":[70,70,70,70,70,70,70,70,70,70,70,70,70,70,70,70,70,70,70,70,70,70,70,70,70,70,70,70,70,70,70,70,70,70],"relic_stats":{"counters":[18,112],"Shuriken":[6],"obtain_stats":[{"Ice Cream":30,"DemoMod:Dog":0,"reliquary:Aerogel":23,"reliquary:Firecrackers":28,"infinitespire:Cubic Diamond":2,"DemoMod:GlassGuonStoneRelic":7,"EVO:Axolotl":0,"Frozen Egg 2":22,"reliquary:RosewoodLute":23,"DemoMod:Test1":17,"Elementarium:GoldenMirage":20,"reliquary:HotPoker":26,"Matryoshka":12,"Shuriken":29,"infinitespire:EmpoweringShard":26,"survmod:InnateMutation":2,"Meat on the Bone":8},{"Ice Cream":16,"DemoMod:Dog":0,"reliquary:Aerogel":13,"reliquary:Firecrackers":15,"infinitespire:Cubic Diamond":1,"DemoMod:GlassGuonStoneRelic":5,"EVO:Axolotl":0,"Frozen Egg 2":13,"reliquary:RosewoodLute":13,"DemoMod:Test1":9,"Elementarium:GoldenMirage":11,"reliquary:HotPoker":14,"Matryoshka":7,"Shuriken":16,"infinitespire:EmpoweringShard":14,"survmod:InnateMutation":1,"Meat on the Bone":6},{"Ice Cream":95,"DemoMod:Dog":0,"reliquary:Aerogel":83,"reliquary:Firecrackers":90,"infinitespire:Cubic Diamond":3,"DemoMod:GlassGuonStoneRelic":20,"EVO:Axolotl":0,"Frozen Egg 2":83,"reliquary:RosewoodLute":83,"DemoMod:Test1":52,"Elementarium:GoldenMirage":66,"reliquary:HotPoker":86,"Matryoshka":33,"Shuriken":95,"infinitespire:EmpoweringShard":86,"survmod:InnateMutation":3,"Meat on the Bone":28}],"Meat on the Bone":48},"card_choices":[{"not_picked":["DemoMod:JK47","DemoMod:Unity"],"picked":"DemoMod:SniperShot","floor":1},{"not_picked":["DemoMod:SAA","DemoMod:SkilledReload"],"picked":"DemoMod:TableSutra","floor":3},{"not_picked":["DemoMod:StickyCrossBow","DemoMod:PracticeMakesPerfect"],"picked":"DemoMod:HardPowerCard","floor":4},{"not_picked":["DemoMod:StickyCrossBow","DemoMod:GunstockTap","DemoMod:TeaPot"],"picked":"SKIP","floor":5},{"not_picked":["DemoMod:BoxingGlove","DemoMod:PotionOfGunFriendShip"],"picked":"DemoMod:ConditionalReflex","floor":7},{"not_picked":["DemoMod:SAA","DemoMod:Unity"],"picked":"DemoMod:CombinedRifle","floor":8},{"not_picked":["DemoMod:DoubleSwitch","DemoMod:Camera"],"picked":"DemoMod:HardPowerCard","floor":12},{"not_picked":["DemoMod:SkilledReload","DemoMod:TeaPot","DemoMod:HuntsMan"],"picked":"SKIP","floor":13},{"not_picked":["infinitespire:Punishment","infinitespire:FutureSight"],"picked":"infinitespire:Fortify","floor":14},{"not_picked":["DemoMod:Slinger","DemoMod:GunslingerForm"],"picked":"DemoMod:SuppressiveFire","floor":16},{"not_picked":["DemoMod:GunShield","DemoMod:Ejector"],"picked":"DemoMod:AWP","floor":18},{"not_picked":["DemoMod:Ejector+1","DemoMod:ProbeStrike","DemoMod:ConditionalReflex"],"picked":"SKIP","floor":21},{"not_picked":["DemoMod:CursedBullets+1","DemoMod:Camera"],"picked":"DemoMod:RadGun","floor":25},{"not_picked":["DemoMod:DoubleSwitch","DemoMod:StickyCrossBow+1"],"picked":"DemoMod:HungryBullets+1","floor":27},{"not_picked":["DemoMod:GunShield","DemoMod:PotionOfGunFriendShip+1"],"picked":"DemoMod:SkilledReload+1","floor":29},{"not_picked":["DemoMod:Camera","DemoMod:Unmoved","DemoMod:BoxingGlove+1"],"picked":"SKIP","floor":31}],"player_experience":275292,"relics_obtained":[{"floor":8,"key":"Meat on the Bone"},{"floor":12,"key":"Matryoshka"},{"floor":20,"key":"Elementarium:GoldenMirage"},{"floor":22,"key":"Frozen Egg 2"},{"floor":23,"key":"reliquary:Aerogel"},{"floor":23,"key":"reliquary:RosewoodLute"},{"floor":26,"key":"reliquary:HotPoker"},{"floor":26,"key":"infinitespire:EmpoweringShard"},{"floor":29,"key":"Shuriken"}],"event_choices":[{"cards_removed":["DemoMod:Strike_Huntress"],"damage_healed":0,"gold_gain":0,"player_choice":"Burn","damage_taken":0,"max_hp_gain":0,"max_hp_loss":0,"event_name":"Elementarium:LostScrolls","floor":19,"gold_loss":0},{"damage_healed":0,"gold_gain":0,"player_choice":"Fight","damage_taken":0,"max_hp_gain":0,"max_hp_loss":0,"event_name":"Elementarium:GoldenStatues","floor":20,"gold_loss":0},{"damage_healed":0,"gold_gain":0,"player_choice":"Enter","damage_taken":0,"max_hp_gain":0,"max_hp_loss":0,"event_name":"Elementarium:OtherworldlyPassage","floor":22,"gold_loss":0}],"is_beta":false,"boss_relics":[{"not_picked":["Fusion Hammer","Pandora\u0027s Box"],"picked":"DemoMod:Test1"}],"items_purged_floors":[10,30],"is_endless":false,"potions_floor_spawned":[3,4,8,12,18,21,27,31],"killed_by":"Elementarium:GoldenDragon","ascension_level":0}}