{"host":"z0i2956snhkzdzmn","time":1613361744,"event":{"mods":["2.2 Compatiblity","Act Like it!","Arknights","Ascension Reborn","Aspiration","BaseMod","BetterRewards","Clockwork Mod","Colored Map","Colored Powertips","Conspire","Curses Come First","Downfall","Gensokyo","GifTheSpireLib","GungeonMod","Hallownest","Highlight Path","Hubris","Jorbs\u0027s Wanderer Trilogy","KomeijiMod","Magitek Elite","Minty Spire (QoL Compilation)","Pale of the Ancients","READ ME - Guardian Mod","Rare Cards Sparkle","Relic Stats","Reliquary","Reworked Bosses","Robot Space Explorer","Shade Mod","Shop Mod","StSLib","Stuff the Spire","The Bug Knight","The Exalted","The Spell Scribe","Unceasing Turn Reminder","[IsaacMod]????"],"gold_per_floor":[118,118,118,136,150,150,150,150],"floor_reached":7,"language":"ENG","playtime":343,"items_purged":[],"score":41,"play_id":"c3808774-5c47-447d-90a9-c5fbcf3d632a","local_time":"20210214200224","is_ascension_mode":true,"campfire_choices":[{"data":"ats:Shell Defense","floor":6,"key":"SMITH"}],"circlet_count":0,"master_deck":["ats:Strike C","ats:Strike G","ats:Strike S","ats:Strike V","ats:Armor Crushing Shot","ats:Defend","ats:Defend","ats:Defend","ats:Defend","ats:Emotion Absorption","ats:Closed Bolt Burst Fire","ats:Calcification","ats:Shell Defense+1"],"relics":["ats:Sanity","HushsDoor","KeepersGift","NeowsBlessing","DemoMod:GlassGuonStoneRelic"],"acts_visited":["Exordium"],"potions_floor_usage":[],"damage_taken":[{"damage":0,"enemies":"conspire:RoseBush","floor":1,"turns":1},{"damage":0,"enemies":"Jaw Worm","floor":4,"turns":1},{"damage":0,"enemies":"ats:Genji","floor":5,"turns":1},{"damage":0,"enemies":"HollowMod:MossKnight","floor":7,"turns":2}],"seed_played":"3643477693935089526","potions_obtained":[{"floor":4,"key":"Energy Potion"},{"floor":5,"key":"Regen Potion"}],"is_trial":false,"path_per_floor":["M","$","?","M","M","R","E"],"character_chosen":"DOCTOR_CLASS","items_purchased":[],"campfire_rested":0,"item_purchase_floors":[],"current_hp_per_floor":[72,72,72,72,72,72,72,72],"gold":150,"neow_bonus":"THREE_ENEMY_KILL","is_daily":false,"chose_seed":false,"campfire_upgraded":1,"win_rate":0.0,"timestamp":1613361744,"path_taken":["M","$","?","M","M","R","E"],"items_purchased_type":[],"build_version":"2020-12-22","purchased_purges":0,"victory":false,"max_hp_per_floor":[72,72,72,72,72,72,72,72],"relic_stats":{"counters":[4,5],"obtain_stats":[{"KeepersGift":0,"NeowsBlessing":0,"DemoMod:GlassGuonStoneRelic":4,"ats:Sanity":0,"HushsDoor":0},{"KeepersGift":0,"NeowsBlessing":0,"DemoMod:GlassGuonStoneRelic":2,"ats:Sanity":0,"HushsDoor":0},{"KeepersGift":0,"NeowsBlessing":0,"DemoMod:GlassGuonStoneRelic":2,"ats:Sanity":0,"HushsDoor":0}]},"card_choices":[{"not_picked":["ats:Flexible Camouflage","ats:Revitalization"],"picked":"ats:Closed Bolt Burst Fire","floor":1},{"not_picked":["ats:Healing Strengthening","ats:Rapid Magazine"],"picked":"ats:Calcification","floor":4},{"not_picked":["ats:Soul Absorption","ats:Burning Ground"],"picked":"ats:Shell Defense","floor":5}],"player_experience":183559,"relics_obtained":[],"event_choices":[],"is_beta":false,"boss_relics":[],"items_purged_floors":[],"is_endless":false,"potions_floor_spawned":[4,5],"killed_by":"HollowMod:MossKnight","ascension_level":0}}