{"host":"o88u0awh8mkwl1l8","time":1613360328,"event":{"mods":["BaseMod","Colored Map","Highlight Path","Minty Spire (QoL Compilation)"],"gold_per_floor":[114,132,132,150,170,170,182,182,182,209,8,40,40,74,74,148,148,167,4,24,24,39,39,39,65,142,156,190,205,205,231,231,305,305,325,344,344,83,101,135,135,148,172,201,218,218,218,12,12,12,12],"floor_reached":50,"language":"JPN","playtime":4219,"items_purged":["Strike_P","Defend_P","Strike_P"],"score":1385,"play_id":"080ba74f-2654-464d-a3eb-c9971a59e5d0","local_time":"20210215123848","is_ascension_mode":true,"campfire_choices":[{"data":"Eruption","floor":6.0,"key":"SMITH"},{"data":"FlurryOfBlows","floor":8.0,"key":"SMITH"},{"data":"Tantrum","floor":13.0,"key":"SMITH"},{"data":"WreathOfFlame","floor":15.0,"key":"SMITH"},{"data":"SpiritShield","floor":23.0,"key":"SMITH"},{"floor":32.0,"key":"REST"},{"floor":41.0,"key":"REST"},{"floor":47,"key":"REST"},{"floor":49,"key":"RECALL"}],"circlet_count":0,"master_deck":["AscendersBane","Strike_P","Strike_P","Defend_P","Defend_P","Eruption+1","Vigilance","FlurryOfBlows+1","Protect","SpiritShield+1","Consecrate","BowlingBash","Tantrum+1","FearNoEvil","WreathOfFlame+1","Ragnarok+1","Vault","MentalFortress+1","MentalFortress","SpiritShield","Adaptation","Adaptation","InnerPeace"],"relics":["HolyWater","Ornamental Fan","Yang","Bottled Flame","Darkstone Periapt","Membership Card","Bottled Lightning","HornCleat","Mummified Hand","Bag of Marbles","VioletLotus","Mango","Molten Egg 2","Lantern","Sundial"],"acts_visited":["Exordium","TheCity","TheBeyond"],"potions_floor_usage":[44,44,50],"damage_taken":[{"damage":0.0,"enemies":"2 Louse","floor":1.0,"turns":4.0},{"damage":0.0,"enemies":"Small Slimes","floor":2.0,"turns":2.0},{"damage":1.0,"enemies":"Cultist","floor":4.0,"turns":3.0},{"damage":5.0,"enemies":"Blue Slaver","floor":5.0,"turns":6.0},{"damage":15.0,"enemies":"Red Slaver","floor":7.0,"turns":6.0},{"damage":0.0,"enemies":"Gremlin Nob","floor":10.0,"turns":3.0},{"damage":0.0,"enemies":"3 Sentries","floor":12.0,"turns":3.0},{"damage":0.0,"enemies":"Gremlin Nob","floor":14.0,"turns":2.0},{"damage":33.0,"enemies":"Hexaghost","floor":16.0,"turns":6.0},{"damage":0.0,"enemies":"Chosen","floor":18.0,"turns":3.0},{"damage":0.0,"enemies":"3 Byrds","floor":20.0,"turns":4.0},{"damage":2.0,"enemies":"Snake Plant","floor":22.0,"turns":5.0},{"damage":14.0,"enemies":"Gremlin Leader","floor":25.0,"turns":5.0},{"damage":0.0,"enemies":"Snecko","floor":27.0,"turns":4.0},{"damage":0.0,"enemies":"Book of Stabbing","floor":28.0,"turns":4.0},{"damage":0.0,"enemies":"Centurion and Healer","floor":29.0,"turns":8.0},{"damage":26.0,"enemies":"Slavers","floor":31.0,"turns":4.0},{"damage":5.0,"enemies":"Automaton","floor":33.0,"turns":8.0},{"damage":19.0,"enemies":"3 Darklings","floor":35.0,"turns":7.0},{"damage":7.0,"enemies":"3 Shapes","floor":36.0,"turns":11.0},{"damage":23.0,"enemies":"Spire Growth","floor":39.0,"turns":4.0},{"damage":15.0,"enemies":"Nemesis","floor":40.0,"turns":6.0},{"damage":37,"enemies":"Maw","floor":42,"turns":7},{"damage":5,"enemies":"Reptomancer","floor":44,"turns":6},{"damage":0,"enemies":"Jaw Worm Horde","floor":45,"turns":4},{"damage":40,"enemies":"Awakened One","floor":50,"turns":6}],"seed_played":"-3579335869795996138","potions_obtained":[{"floor":4.0,"key":"Ambrosia"},{"floor":10.0,"key":"Ancient Potion"},{"floor":12.0,"key":"SteroidPotion"},{"floor":14.0,"key":"Dexterity Potion"},{"floor":20.0,"key":"Ambrosia"},{"floor":25.0,"key":"LiquidMemories"},{"floor":28.0,"key":"CultistPotion"},{"floor":31.0,"key":"Fire Potion"},{"floor":35.0,"key":"Weak Potion"},{"floor":36.0,"key":"EssenceOfSteel"},{"floor":42,"key":"SpeedPotion"},{"floor":44,"key":"Fire Potion"},{"floor":45,"key":"FearPotion"}],"is_trial":false,"path_per_floor":["M","M","?","M","M","R","M","R","T","E","$","E","R","E","R","B",null,"M","$","M","?","M","R","?","E","T","M","E","M","?","E","R","B",null,"M","M","?","$","M","E","R","M","T","E","M","?","R","$","R","B"],"character_chosen":"WATCHER","items_purchased":["Tantrum","FearNoEvil","Membership Card","Adaptation","Mango","Sundial"],"campfire_rested":3,"item_purchase_floors":[11,11,19,38,38,48],"current_hp_per_floor":[67,67,72,71,66,66,51,51,51,51,51,51,51,51,51,18,64,64,64,64,64,62,62,62,48,48,48,48,48,48,22,45,40,69,50,43,43,57,34,19,46,9,9,4,4,4,31,31,31,0,0],"gold":12,"neow_bonus":"TEN_PERCENT_HP_BONUS","is_daily":false,"chose_seed":false,"campfire_upgraded":5,"win_rate":0.0,"timestamp":1613360328,"path_taken":["M","M","?","M","M","R","M","R","T","E","$","E","R","E","R","BOSS","M","$","M","?","M","R","?","E","T","?","E","M","?","E","R","BOSS","M","M","?","$","?","E","R","M","T","E","M","?","R","?","R","BOSS"],"items_purchased_type":["Card","Card","Relic","Card","Relic","Relic"],"build_version":"2020-12-22","purchased_purges":3,"victory":false,"max_hp_per_floor":[74,74,79,79,79,79,79,79,79,79,79,79,79,79,79,79,79,79,79,79,79,79,79,79,79,79,79,79,79,79,79,79,79,79,79,79,79,93,93,93,93,93,93,93,93,93,93,93,93,93,93],"card_choices":[{"not_picked":["Consecrate","SandsOfTime"],"picked":"FlurryOfBlows","floor":1.0},{"not_picked":["Halt","Evaluate"],"picked":"Protect","floor":2.0},{"not_picked":["Conclude","Study","PathToVictory"],"picked":"SKIP","floor":4.0},{"not_picked":["WaveOfTheHand","CrushJoints"],"picked":"SpiritShield","floor":5.0},{"not_picked":["EmptyMind","FollowUp"],"picked":"Consecrate","floor":7.0},{"not_picked":["JustLucky","Evaluate"],"picked":"BowlingBash","floor":10.0},{"not_picked":["FollowUp","SignatureMove"],"picked":"WreathOfFlame","floor":12.0},{"not_picked":["EmptyMind","Fasting2"],"picked":"Ragnarok","floor":14.0},{"not_picked":["DeusExMachina","ConjureBlade"],"picked":"Vault","floor":16.0},{"not_picked":["Protect","SignatureMove","Collect"],"picked":"SKIP","floor":18.0},{"not_picked":["FlurryOfBlows","Fasting2","WindmillStrike"],"picked":"SKIP","floor":20.0},{"not_picked":["Prostrate","BowlingBash","SashWhip"],"picked":"SKIP","floor":22.0},{"not_picked":["ClearTheMind","JustLucky","Devotion"],"picked":"SKIP","floor":25.0},{"not_picked":["ReachHeaven","DeceiveReality","BowlingBash"],"picked":"SKIP","floor":27.0},{"not_picked":["Consecrate","CutThroughFate"],"picked":"MentalFortress+1","floor":28.0},{"not_picked":["Collect","Evaluate+1","EmptyMind"],"picked":"SKIP","floor":29.0},{"not_picked":["SignatureMove","Alpha"],"picked":"MentalFortress","floor":31.0},{"not_picked":["Brilliance","ConjureBlade"],"picked":"SpiritShield","floor":33.0},{"not_picked":["ReachHeaven+1","Crescendo","ThirdEye+1"],"picked":"SKIP","floor":35.0},{"not_picked":["Nirvana","ClearTheMind+1"],"picked":"Adaptation","floor":36.0},{"not_picked":["Halt","JustLucky","Sanctity"],"picked":"SKIP","floor":39.0},{"not_picked":["Worship","Collect","DeusExMachina"],"picked":"SKIP","floor":40.0},{"not_picked":["CrushJoints+1","JustLucky+1"],"picked":"InnerPeace","floor":42},{"not_picked":["DevaForm","EmptyBody","FlurryOfBlows+1"],"picked":"SKIP","floor":44},{"not_picked":["Protect","JustLucky+1","Halt"],"picked":"SKIP","floor":45}],"player_experience":1237528,"relics_obtained":[{"floor":9.0,"key":"Ornamental Fan"},{"floor":10.0,"key":"Yang"},{"floor":12.0,"key":"Bottled Flame"},{"floor":14.0,"key":"Darkstone Periapt"},{"floor":25.0,"key":"Bottled Lightning"},{"floor":26.0,"key":"HornCleat"},{"floor":28.0,"key":"Mummified Hand"},{"floor":31.0,"key":"Bag of Marbles"},{"floor":40.0,"key":"Molten Egg 2"},{"floor":44,"key":"Lantern"}],"event_choices":[{"damage_healed":0.0,"max_hp_gain":5.0,"max_hp_loss":0.0,"gold_gain":0.0,"event_name":"Big Fish","player_choice":"Donut","floor":3.0,"gold_loss":0.0,"damage_taken":0.0},{"damage_healed":0.0,"max_hp_gain":0.0,"max_hp_loss":0.0,"gold_gain":0.0,"event_name":"Vampires","player_choice":"Ignored","floor":21.0,"gold_loss":0.0,"damage_taken":0.0},{"damage_healed":0.0,"max_hp_gain":0.0,"max_hp_loss":0.0,"gold_gain":0.0,"event_name":"Match and Keep!","player_choice":"0 cards matched","floor":24.0,"gold_loss":0.0,"damage_taken":0.0,"cards_obtained":[]},{"damage_healed":0.0,"max_hp_gain":0.0,"max_hp_loss":0.0,"gold_gain":0.0,"event_name":"Accursed Blacksmith","player_choice":"Forge","floor":30.0,"gold_loss":0.0,"damage_taken":0.0,"cards_upgraded":["Ragnarok"]},{"cards_removed":["Defend_P"],"damage_healed":0.0,"max_hp_gain":0.0,"max_hp_loss":0.0,"gold_gain":0.0,"event_name":"Bonfire Elementals","player_choice":"Offered Basic","floor":37.0,"gold_loss":0.0,"damage_taken":0.0},{"damage_healed":0,"gold_gain":0,"player_choice":"Ignored","damage_taken":0,"max_hp_gain":0,"max_hp_loss":0,"event_name":"Tomb of Lord Red Mask","floor":46,"gold_loss":0}],"is_beta":false,"boss_relics":[{"not_picked":["Black Star","Velvet Choker"],"picked":"HolyWater"},{"not_picked":["Calling Bell","SacredBark"],"picked":"VioletLotus"}],"items_purged_floors":[11,38,48],"is_endless":false,"potions_floor_spawned":[4,10,12,14,20,25,28,31,35,36,42,44,45],"killed_by":"Awakened One","ascension_level":20}}