{"host":"5dhwd44u3dydylwe","time":1613383800,"event":{"mods":["AchievementEnabler","BaseMod","BetterRewards","Dota2Spire","Duelist Mod","GifTheSpireLib","Hubris","Minty Spire (QoL Compilation)","Shop Mod","StSLib","Wandering Minibosses"],"gold_per_floor":[135,135,152,2,2,2,36,36,54,54,79,79,103,113,113,133,197,197,197,223,240,240,240,340,340,353,733,733,733,750,750,770,770,817,817,817,855,586,586,613,656,656,790,790,790,915,915,956,362,362,374,374,430,430,430,460,500,549,549,627,627,672,672,1752,1801,1801,1831,1831,1831,971,1026,1056],"floor_reached":73,"language":"ENG","playtime":3972,"items_purged":["theDuelist:Sparks","theDuelist:Sparks","theDuelist:MangaRyuRan","theDuelist:CastleWalls","theDuelist:CastleWalls"],"score":2529,"play_id":"f853ed92-ccf2-4a1d-8046-6815f06378ce","local_time":"20210215181000","is_ascension_mode":true,"campfire_choices":[{"floor":6,"key":"REST"},{"floor":8,"key":"RECALL"},{"data":"theDuelist:ToonKingdom","floor":10,"key":"SMITH"},{"data":"theDuelist:ToonCannonSoldier","floor":22,"key":"SMITH"},{"data":"theDuelist:ToonWorld","floor":23,"key":"SMITH"},{"data":"theDuelist:MagicCylinder","floor":31,"key":"SMITH"},{"data":"theDuelist:ToonSummonedSkull","floor":36,"key":"SMITH"},{"data":"theDuelist:WingedKuribohLv10","floor":39,"key":"SMITH"},{"data":"Apotheosis","floor":42,"key":"SMITH"},{"data":"theDuelist:FeatherShot+1","floor":45,"key":"SMITH"},{"data":"theDuelist:FeatherShot+3","floor":54,"key":"SMITH"},{"data":"theDuelist:MillenniumShield","floor":63,"key":"SMITH"},{"data":"theDuelist:ToonAncientGear","floor":66,"key":"SMITH"},{"data":"theDuelist:ToonSummonedSkull","floor":69,"key":"SMITH"}],"circlet_count":0,"master_deck":["theDuelist:FeatherShot+4","theDuelist:ToonCannonSoldier+1","theDuelist:ToonSummonedSkull+1","theDuelist:MagicCylinder+1","theDuelist:Nameless:Power:AllyJustice","theDuelist:ToonAncientGear","theDuelist:Sparks","theDuelist:ToonAncientGear+1","theDuelist:WingedKuribohLv10+1","theDuelist:ToonMermaid","theDuelist:SwordsConcealing+1","theDuelist:ToonKingdom+1","theDuelist:ToonAncientGear","Apotheosis+1","theDuelist:ToonSummonedSkull+1","theDuelist:MillenniumShield+1","theDuelist:ToonMagic"],"relics":["theDuelist:MillenniumPuzzle","theDuelist:CardPoolRelic","theDuelist:CardPoolBasicRelic","theDuelist:BoosterPackPoolRelic","theDuelist:CardPoolAddRelic","theDuelist:CardPoolMinusRelic","theDuelist:CardPoolSaveRelic","theDuelist:CardPoolOptionsRelic","hubris:IronBody","Bag of Marbles","OrangePellets","Omamori","theDuelist:ShopToken","Thread and Needle","Dota2Spire:Dagon","theDuelist:MillenniumRod","Juzu Bracelet","hubris:MysteriousPyramids","Nunchaku","theDuelist:KaibaToken","Ancient Tea Set","Mark of Pain","hubris:BallOfYels","Toy Ornithopter","Bag of Preparation","Lee\u0027s Waffle","Dota2Spire:HandOfMidas","wanderingMiniBosses:CarrionFlame","theDuelist:GamblerChip","Sozu","Dota2Spire:ShivaGuard","Blood Vial","Dota2Spire:MagicBottle","theDuelist:DuelistOrichalcum","theDuelist:MetronomeRelicD","Pear","theDuelist:DuelistCoin","hubris:GlazedTorus","hubris:Zylophone","Akabeko"],"acts_visited":["Exordium","TheCity","TheBeyond","TheEnding"],"potions_floor_usage":[7,43],"damage_taken":[{"damage":2,"enemies":"2 Louse","floor":1,"turns":2},{"damage":1,"enemies":"Cultist","floor":3,"turns":7},{"damage":0,"enemies":"Gremlin Nob","floor":7,"turns":3},{"damage":0,"enemies":"Small Slimes","floor":9,"turns":6},{"damage":1,"enemies":"Exordium Thugs","floor":14,"turns":6},{"damage":0,"enemies":"Looter","floor":16,"turns":1},{"damage":4,"enemies":"Lagavulin","floor":17,"turns":3},{"damage":6,"enemies":"3 Sentries","floor":20,"turns":6},{"damage":0,"enemies":"Blue Slaver","floor":21,"turns":6},{"damage":3,"enemies":"Slime Boss","floor":24,"turns":8},{"damage":3,"enemies":"Shell Parasite","floor":26,"turns":3},{"damage":2,"enemies":"2 Thieves","floor":30,"turns":4},{"damage":14,"enemies":"Slavers","floor":37,"turns":7},{"damage":0,"enemies":"theDuelist:KaibaA2","floor":40,"turns":4},{"damage":0,"enemies":"Snecko","floor":41,"turns":6},{"damage":20,"enemies":"Champ","floor":43,"turns":8},{"damage":2,"enemies":"Champ","floor":46,"turns":9},{"damage":3,"enemies":"3 Darklings","floor":48,"turns":5},{"damage":0,"enemies":"3 Shapes","floor":51,"turns":1},{"damage":1,"enemies":"Nemesis","floor":53,"turns":7},{"damage":0,"enemies":"Reptomancer","floor":56,"turns":3},{"damage":0,"enemies":"Maw","floor":57,"turns":5},{"damage":0,"enemies":"Giant Head","floor":60,"turns":5},{"damage":3,"enemies":"3 Darklings","floor":62,"turns":4},{"damage":0,"enemies":"Writhing Mass","floor":65,"turns":3},{"damage":1,"enemies":"Time Eater","floor":67,"turns":7},{"damage":3,"enemies":"Shield and Spear","floor":71,"turns":5},{"damage":6,"enemies":"The Heart","floor":72,"turns":7}],"seed_played":"5459972033745811722","potions_obtained":[{"floor":1,"key":"theDuelist:BurningPotionB"},{"floor":3,"key":"theDuelist:MillenniumElixir"},{"floor":5,"key":"theDuelist:MillenniumElixir"},{"floor":5,"key":"theDuelist:VoidBottle"},{"floor":20,"key":"Energy Potion"},{"floor":43,"key":"theDuelist:OrbBottle"}],"is_trial":false,"path_per_floor":["M","?","M","$","?","R","E","R","M","R","T","T","T","M","?","M","E","T","?","E","M","R","R","B",null,"M","T","?","?","M","R","?","?","T","T","R","E","$","R","E","M","R","B",null,"R","B",null,"M","$","?","M","?","E","R","?","E","M","T","?","E","T","M","R","?","M","R","B",null,"R","$","E","B",null],"character_chosen":"THE_DUELIST","items_purchased":["theDuelist:ToonCannonSoldier","hubris:IronBody","Bag of Marbles","OrangePellets","Omamori","theDuelist:ShopToken","Thread and Needle","Dota2Spire:Dagon","Lee\u0027s Waffle","Dota2Spire:ShivaGuard","Blood Vial","hubris:GlazedTorus","theDuelist:ToonMagic","hubris:Zylophone"],"campfire_rested":1,"item_purchase_floors":[0,0,0,0,0,0,0,0,38,49,49,70,70,70],"current_hp_per_floor":[30,30,29,29,29,53,53,53,53,53,53,53,53,52,68,68,64,64,64,58,58,58,58,55,96,93,93,74,74,72,72,72,72,72,72,72,58,108,108,108,108,108,88,88,88,86,108,105,105,105,107,107,107,107,107,108,108,108,108,108,118,115,115,115,117,117,117,118,118,118,115,111],"gold":1056,"neow_bonus":"","is_daily":false,"chose_seed":false,"campfire_upgraded":12,"win_rate":0.0,"timestamp":1613383800,"path_taken":["M","?","M","?","?","R","E","R","?","R","?","T","T","M","?","M","E","?","?","E","M","R","R","BOSS","M","?","?","?","M","R","?","?","T","T","R","E","$","R","E","M","R","BOSS","R","BOSS","M","$","?","M","?","E","R","?","E","M","T","?","E","?","M","R","?","M","R","BOSS","R","$","E","BOSS"],"items_purchased_type":["Card","Relic","Relic","Relic","Relic","Relic","Relic","Relic","Relic","Relic","Relic","Relic","Card","Relic"],"build_version":"2020-12-22","purchased_purges":5,"victory":true,"max_hp_per_floor":[80,80,80,80,80,80,80,80,80,80,80,80,80,80,96,96,96,96,96,96,96,96,96,96,96,96,96,101,101,101,101,101,101,101,101,101,101,108,108,108,108,108,108,108,108,108,108,108,108,108,108,108,108,108,108,108,108,108,108,108,118,118,118,118,118,118,118,118,118,118,118,118],"card_choices":[{"not_picked":["theDuelist:ToonBriefcase","theDuelist:ToonCannonSoldier","theDuelist:ToonWorld"],"picked":"theDuelist:ToonKingdom","floor":1},{"not_picked":["theDuelist:LightningDarts","theDuelist:OneForOne","theDuelist:DarkCreator","theDuelist:FeatherPho","theDuelist:PotDichotomy"],"picked":"SKIP","floor":3},{"not_picked":["theDuelist:MangaRyuRan","theDuelist:RedEyesToon","theDuelist:FlyingSaucer","theDuelist:BlueEyesToon"],"picked":"theDuelist:ToonAncientGear","floor":7},{"not_picked":["theDuelist:BattleOx","theDuelist:HammerShot","theDuelist:Hinotama","theDuelist:MillenniumGolem","theDuelist:Blockman"],"picked":"SKIP","floor":9},{"not_picked":["theDuelist:FeatherShot","theDuelist:ComicHand","theDuelist:GiantTrunade","theDuelist:ToonTable"],"picked":"theDuelist:SwordsConcealing","floor":14},{"not_picked":["theDuelist:SpellShatteringArrow","theDuelist:MangaRyuRan","theDuelist:RedEyesToon","theDuelist:ToonMermaid","theDuelist:ToonSummonedSkull"],"picked":"SKIP","floor":16},{"not_picked":["theDuelist:DarklordSuperbia","theDuelist:ScrapFactory","theDuelist:ForbiddenLance","theDuelist:ObeliskTormentor"],"picked":"theDuelist:WingedKuribohLv10","floor":17},{"not_picked":["theDuelist:SpellShatteringArrow","theDuelist:MangaRyuRan","theDuelist:RedEyesToon","theDuelist:ToonMermaid","theDuelist:ToonMaskedSorcerer"],"picked":"SKIP","floor":20},{"not_picked":["theDuelist:BattleOx","theDuelist:BlackPendant","theDuelist:GilfordLegend","theDuelist:PreventRat","theDuelist:PotDichotomy"],"picked":"SKIP","floor":21},{"not_picked":["theDuelist:ObeliskTormentor","theDuelist:RainbowJar","theDuelist:SolemnStrike","theDuelist:UltraPolymerization"],"picked":"theDuelist:MagicCylinder","floor":24},{"not_picked":["theDuelist:TrapHole","theDuelist:ToonCannonSoldier","theDuelist:ToonKingdom","theDuelist:ToonWorld+1"],"picked":"SKIP","floor":26},{"not_picked":["theDuelist:Sangan+1","theDuelist:WormWarlord","theDuelist:Cloning","theDuelist:ScrapFactory","theDuelist:ClearKuriboh+1"],"picked":"SKIP","floor":30},{"not_picked":["theDuelist:MangaRyuRan","theDuelist:ToonBarrelDragon","theDuelist:FlyingSaucer+1","theDuelist:ToonMermaid"],"picked":"theDuelist:ToonAncientGear","floor":37},{"not_picked":["theDuelist:ToonDefense","theDuelist:FuryFire+1","theDuelist:SphereKuriboh","theDuelist:DestructPotion+1"],"picked":"theDuelist:FeatherShot+1","floor":40},{"not_picked":["Purity","Sadistic Nature","The Bomb"],"picked":"Apotheosis","floor":41},{"not_picked":["theDuelist:SpellShatteringArrow+1","theDuelist:MangaRyuRan","theDuelist:RedEyesToon+1","theDuelist:ToonMermaid+1","theDuelist:ToonSummonedSkull"],"picked":"SKIP","floor":48},{"not_picked":["theDuelist:SpellShatteringArrow+1","theDuelist:FlyingSaucer+1","theDuelist:RedEyesToon","theDuelist:CheerfulCoffin+1","theDuelist:MangaRyuRan+1"],"picked":"SKIP","floor":51},{"not_picked":["theDuelist:SpellShatteringArrow","theDuelist:ToonAncientGear","theDuelist:FlyingSaucer","theDuelist:CheerfulCoffin+1"],"picked":"theDuelist:ToonMagic","floor":53},{"not_picked":["theDuelist:ComicHand","theDuelist:ToonDefense+1","theDuelist:ToonSummonedSkull","theDuelist:GiantTrunade","theDuelist:SwordsConcealing"],"picked":"SKIP","floor":56},{"not_picked":["theDuelist:SpellShatteringArrow+1","theDuelist:MangaRyuRan","theDuelist:RedEyesToon+1","theDuelist:ToonBarrelDragon","theDuelist:AncientGearFist"],"picked":"SKIP","floor":57},{"not_picked":["theDuelist:ComicHand","theDuelist:ToonGoblin+1","theDuelist:BlueEyesToon+1","theDuelist:ToonBriefcase"],"picked":"theDuelist:ToonGeminiElf+1","floor":60},{"not_picked":["theDuelist:FeatherShot","theDuelist:SwordsConcealing+1","theDuelist:Metronome","theDuelist:OrbMetronome+1"],"picked":"theDuelist:MillenniumShield","floor":62},{"not_picked":["theDuelist:TrapHole","theDuelist:ToonBriefcase+1","theDuelist:ToonCannonSoldier+1","theDuelist:ToonWorld+1","theDuelist:ToonKingdom"],"picked":"SKIP","floor":65},{"not_picked":["theDuelist:ToonMermaid+1","theDuelist:ToonBarrelDragon+1","theDuelist:FlyingSaucer+1","theDuelist:ToonAncientGear+1","theDuelist:ToonMaskedSorcerer+1"],"picked":"SKIP","floor":71}],"player_experience":189094,"relics_obtained":[{"floor":7,"key":"theDuelist:MillenniumRod"},{"floor":11,"key":"Juzu Bracelet"},{"floor":12,"key":"hubris:MysteriousPyramids"},{"floor":13,"key":"Nunchaku"},{"floor":17,"key":"theDuelist:KaibaToken"},{"floor":20,"key":"Ancient Tea Set"},{"floor":27,"key":"theDuelist:MillenniumCoin"},{"floor":34,"key":"hubris:BallOfYels"},{"floor":35,"key":"Toy Ornithopter"},{"floor":37,"key":"Bag of Preparation"},{"floor":40,"key":"Dota2Spire:HandOfMidas"},{"floor":41,"key":"wanderingMiniBosses:CarrionFlame"},{"floor":56,"key":"Dota2Spire:MagicBottle"},{"floor":58,"key":"theDuelist:DuelistOrichalcum"},{"floor":60,"key":"theDuelist:MetronomeRelicD"},{"floor":61,"key":"Pear"},{"floor":71,"key":"Akabeko"}],"event_choices":[{"damage_healed":0,"gold_gain":0,"player_choice":"0 cards matched","damage_taken":0,"max_hp_gain":0,"max_hp_loss":0,"event_name":"Match and Keep!","floor":2,"gold_loss":0,"cards_obtained":[]},{"damage_healed":0,"gold_gain":0,"player_choice":"Got Potions","damage_taken":0,"max_hp_gain":0,"max_hp_loss":0,"event_name":"Lab","floor":5,"gold_loss":0},{"power_reward":4,"total_magic_score":37,"gold_gain":0,"duelist":true,"damage_taken":0,"relics_obtained":[],"points":9,"max_hp_gain":16,"max_hp_loss":0,"spent_points":{"magic":0,"greed":0,"war":0,"power":4,"hunger":4},"event_name":"Nameless Tomb","hunger_reward":4,"floor":15,"gold_loss":0,"cards_obtained":["theDuelist:Nameless:Power:AllyJustice"]},{"damage_healed":0,"gold_gain":0,"player_choice":"Upgraded","damage_taken":0,"max_hp_gain":0,"max_hp_loss":0,"event_name":"Upgrade Shrine","floor":19,"gold_loss":0,"cards_upgraded":["theDuelist:SwordsConcealing"]},{"damage_healed":0,"gold_gain":0,"player_choice":"Shed Blood","damage_taken":24,"max_hp_gain":5,"max_hp_loss":0,"event_name":"Forgotten Altar","floor":28,"gold_loss":0},{"damage_healed":0,"gold_gain":0,"player_choice":"Ignored","damage_taken":0,"max_hp_gain":0,"max_hp_loss":0,"event_name":"Vampires","floor":29,"gold_loss":0},{"damage_healed":0,"gold_gain":0,"cards_transformed":["theDuelist:ToonWorld"],"player_choice":"Transformed","damage_taken":0,"max_hp_gain":0,"max_hp_loss":0,"event_name":"Transmorgrifier","floor":32,"gold_loss":0,"cards_obtained":["theDuelist:ToonSummonedSkull"]},{"damage_healed":0,"gold_gain":0,"player_choice":"Leave","duelist":true,"damage_taken":0,"max_hp_gain":0,"max_hp_loss":0,"event_name":"Tomb of the Nameless","floor":33,"gold_loss":0},{"damage_healed":0,"gold_gain":0,"player_choice":"Ignored","damage_taken":0,"max_hp_gain":0,"max_hp_loss":0,"event_name":"Tomb of Lord Red Mask","floor":52,"gold_loss":0},{"damage_healed":0,"gold_gain":0,"player_choice":"Memory 1","damage_taken":0,"max_hp_gain":0,"max_hp_loss":0,"event_name":"SensoryStone","floor":55,"gold_loss":0},{"damage_healed":0,"gold_gain":0,"player_choice":"Leave","duelist":true,"damage_taken":0,"max_hp_gain":0,"max_hp_loss":0,"event_name":"Card Trader","floor":59,"gold_loss":0},{"damage_healed":0,"gold_gain":0,"player_choice":"Offering - offered Millennium Coin","duelist":true,"damage_taken":0,"max_hp_gain":0,"max_hp_loss":0,"event_name":"Tomb of the Nameless","floor":64,"gold_loss":0}],"is_beta":false,"boss_relics":[{"not_picked":["hubris:HollowSoul","hubris:GrandSneckoEye"],"picked":"Mark of Pain"},{"not_picked":["hubris:RunicObelisk","SacredBark"],"picked":"theDuelist:GamblerChip"},{"not_picked":["Philosopher\u0027s Stone","hubris:VirtuousBlindfold"],"picked":"Sozu"}],"items_purged_floors":[0,0,38,49,70],"is_endless":false,"potions_floor_spawned":[1,3,20,24,26,43,46,51,56,60,62],"ascension_level":4}}