{"host":"dug4t5o3sl9ppgxq","time":1613354949,"event":{"mods":["ATMod(∞¢Ë™Mod)","Act Like it!","Aspiration","BaseMod","BetterRewards","Card Forge","Colored Map","Colored Powertips","DNKmod","Downfall","FoggyMod","Friendly Minions","Gensokyo","Grow up Mod","Hallownest","Highlight Path","Lobotomy","LobotomyExtend","Marisa£®ÏF”Í°°ƒß¿Ì…≥£©","Minty Spire (QoL Compilation)","Reimu£®≤©¿ˆ¡È√Œ£©","Relic Filter Mod","Remilia£®¿Ÿ√◊¿Ú—«£©","Replay The Spire","Spicy Shops","StSLib","The Bug Knight","The Saiyan","Uncapped","Warlord Emblem","noobMod","°æπ¶ƒ‹Mod°øªÏ„Á÷Æª∑–ﬁ∏¥≤π∂°","°æπ¶ƒ‹Mod°ø¥œ√˜µƒ◊Ó÷’Boss","°æ“≈ŒÔø®≈∆°øREMEMod"],"gold_per_floor":[10010,10010,10010,10010,10010,10337,10337,10357,10426,10426,10426,10462,9678,9678,9678,9809,9809,9829,9013,9013,9013,8470,8470,8513,8513,8595,8636,8674,8689,8689,8728,8728,8856,8856,8869,8412,8412,8475,8494,8494,8519,8584,8584,8584,8618,8618,8661,8703,8703,8731,8731,8731,8731,8456,8516,8540],"floor_reached":57,"language":"ZHS","playtime":5001,"items_purged":[],"score":1389,"play_id":"533c6892-871d-4771-b569-5736c798ace0","local_time":"20210215100909","is_ascension_mode":false,"campfire_choices":[{"floor":7,"key":"RECALL"},{"floor":11,"key":"REST"},{"floor":15,"key":"DIG"},{"floor":23,"key":"REST"},{"floor":32,"key":"REST"},{"floor":40,"key":"REST"},{"floor":46,"key":"REST"},{"data":"FineLineFantasy:ReiMu","floor":49,"key":"SMITH"},{"floor":53,"key":"REST"}],"circlet_count":0,"master_deck":["NB:ReiMu+1","AT_DrawKnifeCut+1","CENSORED_ego+1","CollectionFlower2:ReiMu+1","CareerPray:ReiMu+1","TightArray:ReiMu+1","KamiRite:ReiMu+1","KamiSacrifice:ReiMu+1","KyokaiOfKami:ReiMu+1","SpringWay:ReiMu+1","PayForSelf:ReiMu+1","BlastKick2:ReiMu+1","FineLineFantasy:ReiMu+1","UniversalSpiritual:ReiMu+1","OrbThrow:ReiMu+1","TightArray:ReiMu+1","TightArray:ReiMu+1","Gathering:ReiMu+1","Dreaming:ReiMu+1","CareerPray:ReiMu+1","SpringWay:ReiMu+1","CareerPray:ReiMu+1","PrayRite:ReiMu+1","DependentForm:ReiMu+1","SpiritualOutbreak2:ReiMu+1","NineCharacters:ReiMu+1","Stagnation:ReiMu+1","TakeOff:ReiMu+1","SubAcupoint:ReiMu+1","PrayRite:ReiMu+1","SpiritualOutbreak2:ReiMu+1","OctopathBindingBorder2:ReiMu+1","FineLineFantasy:ReiMu+1","KamiRite:ReiMu+1"],"relics":["FlyPower:ReiMu","Hammer of Thor","Seething Fire","Anvil of the Gods","ice","AT_ATBox","aspiration:Nostalgia","bronze:BronzeCore","Shuriken","Old Coin","REME_LimitBreaker","Golden Idol","Omamori","TheAbacus","Lee\u0027s Waffle","aspiration:Lifesprig","Question Card","Replay:Baseball","Pandora\u0027s Box","CheatingSign:ReiMu","Quantum Egg","Lizard Tail","Medical Kit","REME_HourglassOfDeath","AT_ArchangelStaff","Membership Card","Darkstone Periapt","Bottled Lightning","KaguraBell:ReiMu","Letter Opener","Blue Doll","Nloth\u0027s Gift","Tiny Chest","Black Star","AT_ForceNature","InkBottle","Counterbalance","Blood Vial","Toy Ornithopter","AT_SunfireAegis","AT_EbonyIvory","Snack Pack","Replay:Bandana","AT_BladeRuinedKing","Onion Ring","Strange Spoon","Pet Ghost","Lantern"],"acts_visited":["Exordium","TheCity","TheBeyond","TheEnding"],"potions_floor_usage":[],"damage_taken":[{"damage":0,"enemies":"Small Slimes","floor":1,"turns":2},{"damage":10,"enemies":"Gremlin Nob","floor":6,"turns":4},{"damage":0,"enemies":"Jaw Worm","floor":8,"turns":3},{"damage":0,"enemies":"HollowMod:MossKnight","floor":12,"turns":3},{"damage":9,"enemies":"The Guardian","floor":16,"turns":7},{"damage":4,"enemies":"Chosen","floor":18,"turns":3},{"damage":18,"enemies":"Replay:Snechameleon","floor":24,"turns":4},{"damage":9,"enemies":"Slavers","floor":28,"turns":2},{"damage":5,"enemies":"2 Thieves","floor":29,"turns":2},{"damage":6,"enemies":"Book of Stabbing","floor":31,"turns":2},{"damage":6,"enemies":"Pondfish","floor":33,"turns":4},{"damage":5,"enemies":"Orb Walker","floor":35,"turns":2},{"damage":247,"enemies":"Mind Bloom Boss Battle","floor":38,"turns":3},{"damage":0,"enemies":"3 Darklings","floor":39,"turns":2},{"damage":9,"enemies":"2 Orb Walkers","floor":42,"turns":2},{"damage":0,"enemies":"R_Hoarder","floor":45,"turns":4},{"damage":12,"enemies":"Reptomancer","floor":47,"turns":3},{"damage":0,"enemies":"Sphere and 2 Shapes","floor":48,"turns":3},{"damage":35,"enemies":"Awakened One","floor":50,"turns":5},{"damage":86,"enemies":"Shield and Spear","floor":55,"turns":4},{"damage":1,"enemies":"The Heart","floor":56,"turns":4}],"seed_played":"2443962229235211640","potions_obtained":[{"floor":6,"key":"Toxic Potion"},{"floor":12,"key":"PowerPotion"},{"floor":16,"key":"DuplicationPotion"},{"floor":48,"key":"LiquidFlight:ReiMu"}],"is_trial":false,"path_per_floor":["M","?","?","T","?","E","R","M","T","?","R","E","$","?","R_BF","B",null,"M","$","T","?","$","R","E","?","T","?","E","M","?","E","R","B",null,"M","$","?","?","M","R","T","?","T","?","E","R","E","M","R_BF","B",null,null,"R","$","E","B",null],"character_chosen":"REIMU","items_purchased":["Omamori","TheAbacus","Lee\u0027s Waffle","aspiration:Lifesprig","Question Card","CheatingSign:ReiMu","Quantum Egg","Lizard Tail","UniversalSpiritual:ReiMu","OrbThrow:ReiMu","Medical Kit","AT_ArchangelStaff","Membership Card","Darkstone Periapt","Bottled Lightning","TightArray:ReiMu","Gathering:ReiMu","AT_ForceNature","InkBottle","NineCharacters:ReiMu","Panache","AT_BladeRuinedKing","Onion Ring","Strange Spoon"],"campfire_rested":6,"item_purchase_floors":[13,13,13,13,13,19,19,19,19,19,19,22,22,22,22,22,22,36,36,36,36,54,54,54],"current_hp_per_floor":[1020,1030,1040,1050,1060,1060,1070,1080,1090,825,1120,1130,1147,1157,1167,1168,1187,1193,1203,1213,1223,1233,1247,1239,1249,1259,950,951,956,966,970,1337,1341,1357,1362,1372,1382,1145,1155,1417,1427,1428,1438,1448,1460,1477,1475,1489,1499,1482,1492,1537,1547,1557,1485,1510],"gold":8540,"neow_bonus":"NOSTALGIA","is_daily":false,"chose_seed":false,"campfire_upgraded":1,"win_rate":0.0,"timestamp":1613354949,"path_taken":["M","?","?","?","?","E","R","?","T","?","R","E","$","?","R_BF","BOSS","M","$","?","?","$","R","E","?","T","?","E","?","?","E","R","BOSS","M","$","?","?","?","R","?","?","T","?","E","R","E","?","R_BF","BOSS","R","$","E","BOSS"],"items_purchased_type":["Relic","Relic","Relic","Relic","Relic","Relic","Relic","Relic","Card","Card","Relic","Relic","Relic","Relic","Relic","Card","Card","Relic","Relic","Card","Card","Relic","Relic","Relic"],"build_version":"2020-12-22","purchased_purges":0,"victory":true,"max_hp_per_floor":[1020,1030,1040,1050,1060,1070,1080,1090,1100,1110,1120,1130,1147,1157,1167,1177,1187,1197,1207,1217,1227,1237,1247,1257,1267,1277,1287,1297,1307,1317,1327,1337,1347,1357,1367,1377,1387,1397,1407,1417,1427,1437,1447,1457,1467,1477,1487,1497,1507,1517,1527,1537,1547,1557,1567,1587],"card_choices":[{"not_picked":["SpreadBorder2:ReiMu","MountainWay:ReiMu"],"picked":"CollectionFlower2:ReiMu","floor":1},{"not_picked":["RainPray2:ReiMu","CollectionFlower2:ReiMu"],"picked":"CareerPray:ReiMu","floor":6},{"not_picked":["Free:ReiMu","SpreadBorder2:ReiMu"],"picked":"TightArray:ReiMu","floor":8},{"not_picked":["SubAcupoint:ReiMu","OctopathSalyBorderN:ReiMu","RainPray2:ReiMu"],"picked":"SKIP","floor":12},{"not_picked":["Dreaming:ReiMu","CeremonyResonance:ReiMu","KyokaiOfKami:ReiMu"],"picked":"KamiRite:ReiMu","floor":16},{"not_picked":["Amulet:ReiMu","MountainWay:ReiMu","SafetyPray:ReiMu"],"picked":"FineLineFantasy:ReiMu","floor":18},{"not_picked":["CollectionFlower2:ReiMu","RainPray2:ReiMu+1","FoulBorder2:ReiMu"],"picked":"Dreaming:ReiMu","floor":24},{"not_picked":["Gathering:ReiMu","MountainWay:ReiMu","PrepareRite:ReiMu"],"picked":"CareerPray:ReiMu","floor":27},{"not_picked":["OrbThrow:ReiMu","AlertArray:ReiMu","FantasyMoon:ReiMu+1"],"picked":"SpringWay:ReiMu","floor":28},{"not_picked":["WonderfulDomain:ReiMu","SpreadBorder2:ReiMu","OctopathSalyBorderN:ReiMu"],"picked":"CareerPray:ReiMu+1","floor":29},{"not_picked":["YinYangSign:ReiMu+1","PhosphorusFlame:ReiMu","MountainWay:ReiMu"],"picked":"PrayRite:ReiMu","floor":31},{"not_picked":["BlastKick2:ReiMu","CeremonyResonance:ReiMu","Free:ReiMu"],"picked":"DependentForm:ReiMu","floor":33},{"not_picked":["SpringWay:ReiMu+1","Enchanting:ReiMu+1","Intuition:ReiMu"],"picked":"SpiritualOutbreak2:ReiMu","floor":35},{"not_picked":["ShadowOfCrow2:ReiMu","Conquer:ReiMu","CareerPray:ReiMu"],"picked":"SubAcupoint:ReiMu+1","floor":38},{"not_picked":["LearningPray:ReiMu","CareerPray:ReiMu","SpringWay:ReiMu"],"picked":"PrayRite:ReiMu","floor":39},{"not_picked":["RainPray2:ReiMu","SafetyPray:ReiMu+1","FantasyMoon:ReiMu+1"],"picked":"SpiritualOutbreak2:ReiMu+1","floor":42},{"not_picked":["MikOfLucky:ReiMu","CleanRite:ReiMu","SubAcupoint:ReiMu+1","PassingAway:ReiMu+1"],"picked":"SKIP","floor":45},{"not_picked":["Determination:ReiMu","HakureiPhantom:ReiMu","TakeOff:ReiMu+1"],"picked":"OctopathBindingBorder2:ReiMu+1","floor":47},{"not_picked":["Conquer:ReiMu","FoulBorder2:ReiMu","Intuition:ReiMu"],"picked":"FineLineFantasy:ReiMu","floor":48},{"not_picked":["SubcavityInstant:ReiMu","EmergencyTakeOff:ReiMu","CollectionFlower2:ReiMu"],"picked":"KamiRite:ReiMu","floor":55}],"player_experience":182734,"relics_obtained":[{"floor":6,"key":"Old Coin"},{"floor":9,"key":"REME_LimitBreaker"},{"floor":15,"key":"Replay:Baseball"},{"floor":20,"key":"REME_HourglassOfDeath"},{"floor":24,"key":"KaguraBell:ReiMu"},{"floor":26,"key":"Letter Opener"},{"floor":28,"key":"Blue Doll"},{"floor":31,"key":"Tiny Chest"},{"floor":38,"key":"Counterbalance"},{"floor":41,"key":"Blood Vial"},{"floor":43,"key":"Toy Ornithopter"},{"floor":45,"key":"AT_SunfireAegis"},{"floor":45,"key":"AT_EbonyIvory"},{"floor":47,"key":"Snack Pack"},{"floor":47,"key":"Replay:Bandana"},{"floor":55,"key":"Pet Ghost"},{"floor":55,"key":"Lantern"}],"event_choices":[{"cards_removed":["Defend_Lin:ReiMu"],"damage_healed":0,"gold_gain":0,"player_choice":"Forget","damage_taken":0,"max_hp_gain":0,"max_hp_loss":0,"event_name":"Living Wall","floor":3,"gold_loss":0},{"damage_healed":0,"gold_gain":0,"player_choice":"Box","damage_taken":0,"relics_obtained":["Shuriken"],"max_hp_gain":0,"max_hp_loss":0,"event_name":"Big Fish","floor":5,"gold_loss":0,"cards_obtained":["Regret"]},{"damage_healed":0,"gold_gain":0,"player_choice":"Take Damage","damage_taken":275,"relics_obtained":["Golden Idol"],"max_hp_gain":0,"max_hp_loss":0,"event_name":"Golden Idol","floor":10,"gold_loss":0},{"cards_removed":["Strike_Lin:ReiMu"],"damage_healed":0,"gold_gain":0,"player_choice":"Purged","damage_taken":0,"max_hp_gain":0,"max_hp_loss":0,"event_name":"Purifier","floor":14,"gold_loss":0},{"damage_healed":0,"gold_gain":0,"player_choice":"Ignored","damage_taken":0,"max_hp_gain":0,"max_hp_loss":0,"event_name":"Vampires","floor":21,"gold_loss":0},{"damage_healed":0,"gold_gain":0,"player_choice":"Traded Relic","damage_taken":0,"relics_obtained":["Nloth\u0027s Gift"],"max_hp_gain":0,"max_hp_loss":0,"event_name":"N\u0027loth","floor":30,"relics_lost":["REME_ComplimentaryCards"],"gold_loss":0},{"cards_removed":["Stagnation:ReiMu"],"damage_healed":0,"gold_gain":0,"player_choice":"Removed Skill","damage_taken":0,"max_hp_gain":0,"max_hp_loss":0,"event_name":"Falling","floor":37,"gold_loss":0},{"damage_healed":0,"gold_gain":0,"player_choice":"Fight","damage_taken":0,"max_hp_gain":0,"max_hp_loss":0,"event_name":"MindBloom","floor":38,"gold_loss":0},{"damage_healed":0,"gold_gain":0,"player_choice":"Fight","damage_taken":0,"max_hp_gain":0,"max_hp_loss":0,"event_name":"Mysterious Sphere","floor":42,"gold_loss":0},{"cards_removed":["Panache"],"damage_healed":0,"gold_gain":0,"player_choice":"Purged","damage_taken":0,"max_hp_gain":0,"max_hp_loss":0,"event_name":"Purifier","floor":44,"gold_loss":0}],"is_beta":false,"boss_relics":[{"not_picked":["Coffee Dripper","aspiration:DefectSkillbook"],"picked":"Pandora\u0027s Box"},{"not_picked":["aspiration:RunicSpoon","Replay:Ancient Bell"],"picked":"Black Star"}],"items_purged_floors":[],"is_endless":false,"potions_floor_spawned":[6,12,16,24,28,33,35,45,47,48,55],"ascension_level":0}}