{"host":"vyjryxuuuxkt43k4","time":1613399987,"event":{"mods":["AchievementEnabler","BaseMod","Colored Map","DeckTracker","Keyboard Shortcuts","Minty Spire (QoL Compilation)","Permanent Neow","Quick Restart","StSLib","SuperFastMode","everything is the same but u backflip on backflip"],"gold_per_floor":[119,119,133,158,123,123,159,159,210,210,223,223,223,246,246,342,342,356,406,406,240,240,240],"floor_reached":22,"language":"KOR","playtime":786,"items_purged":[],"score":364,"play_id":"68dbbe36-8ef4-466c-af90-92929ed9ed3f","local_time":"20210215233947","is_ascension_mode":true,"campfire_choices":[{"data":"Predator","floor":6,"key":"SMITH"},{"floor":8,"key":"REST"},{"data":"Night Terror","floor":12,"key":"SMITH"},{"floor":15,"key":"REST"}],"circlet_count":0,"master_deck":["AscendersBane","Survivor+1","Neutralize","Infinite Blades","Night Terror+1","Cloak And Dagger","Predator+1","Blade Dance","Crippling Poison","Dodge and Roll","Noxious Fumes","Venomology","Poisoned Stab","Backstab","Die Die Die","Expertise","Riddle With Holes","Grand Finale","Underhanded Strike","Flechettes","Prepared","Acrobatics+1","Backflip","Catalyst+1","Burst","Tools of the Trade"],"relics":["Ring of the Snake","Golden Idol","Ancient Tea Set","Blood Vial","Pandora\u0027s Box","Orrery"],"acts_visited":["Exordium","TheCity"],"potions_floor_usage":[16,16,18],"damage_taken":[{"damage":4,"enemies":"2 Louse","floor":1,"turns":4},{"damage":4,"enemies":"Small Slimes","floor":3,"turns":5},{"damage":2,"enemies":"Jaw Worm","floor":4,"turns":6},{"damage":46,"enemies":"Gremlin Nob","floor":7,"turns":5},{"damage":0,"enemies":"Blue Slaver","floor":11,"turns":2},{"damage":4,"enemies":"Looter","floor":14,"turns":3},{"damage":7,"enemies":"The Guardian","floor":16,"turns":11},{"damage":37,"enemies":"Shell Parasite","floor":18,"turns":6},{"damage":49,"enemies":"Chosen","floor":22,"turns":4}],"seed_played":"3284119819308908944","potions_obtained":[{"floor":11,"key":"Explosive Potion"},{"floor":14,"key":"CunningPotion"},{"floor":16,"key":"Fire Potion"},{"floor":18,"key":"SpeedPotion"}],"is_trial":false,"path_per_floor":["M","?","M","M","?","R","E","R","T","?","M","R","?","M","R","B",null,"M","?","?","$","M"],"character_chosen":"THE_SILENT","items_purchased":["Orrery"],"campfire_rested":2,"item_purchase_floors":[21],"current_hp_per_floor":[40,40,36,34,49,49,3,21,21,21,23,23,5,3,21,16,49,14,14,26,26,0,0],"gold":240,"neow_bonus":"TRANSFORM_TWO_CARDS","is_daily":false,"chose_seed":false,"campfire_upgraded":2,"win_rate":0.0,"timestamp":1613399987,"path_taken":["M","?","M","M","?","R","E","R","T","?","?","R","?","M","R","BOSS","M","?","?","$","M"],"items_purchased_type":["Relic"],"build_version":"2020-12-22","purchased_purges":0,"victory":false,"max_hp_per_floor":[66,60,60,60,60,60,60,60,60,60,60,60,60,60,60,60,60,60,60,60,60,60,60],"card_choices":[{"not_picked":["Acrobatics","Prepared"],"picked":"Cloak And Dagger","floor":1},{"not_picked":["Skewer","Blur"],"picked":"Predator","floor":3},{"not_picked":["Riddle With Holes","Prepared"],"picked":"Blade Dance","floor":4},{"not_picked":["Blur","PiercingWail"],"picked":"Crippling Poison","floor":7},{"not_picked":["Terror","Masterful Stab"],"picked":"Dodge and Roll","floor":11},{"not_picked":["Footwork","All Out Attack"],"picked":"Noxious Fumes","floor":14},{"not_picked":["Glass Knife","Night Terror"],"picked":"Venomology","floor":16},{"not_picked":["Backstab+1","Backflip"],"picked":"Prepared","floor":18},{"not_picked":["Phantasmal Killer","Quick Slash"],"picked":"Acrobatics+1","floor":21},{"not_picked":["Flying Knee","Caltrops"],"picked":"Backflip","floor":21},{"not_picked":["Concentrate","Backflip"],"picked":"Catalyst+1","floor":21},{"not_picked":["Dodge and Roll","Dagger Spray"],"picked":"Burst","floor":21},{"not_picked":["Blade Dance","Cloak And Dagger"],"picked":"Tools of the Trade","floor":21}],"player_experience":991962,"relics_obtained":[{"floor":7,"key":"Ancient Tea Set"},{"floor":9,"key":"Blood Vial"}],"event_choices":[{"damage_healed":0,"gold_gain":0,"player_choice":"Lose Max HP","damage_taken":0,"relics_obtained":["Golden Idol"],"max_hp_gain":0,"max_hp_loss":6,"event_name":"Golden Idol","floor":2,"gold_loss":0},{"damage_healed":15,"gold_gain":0,"player_choice":"Healed","damage_taken":0,"max_hp_gain":0,"max_hp_loss":0,"event_name":"The Cleric","floor":5,"gold_loss":35},{"damage_healed":0,"gold_gain":0,"player_choice":"Ignored","damage_taken":0,"max_hp_gain":0,"max_hp_loss":0,"event_name":"Liars Game","floor":10,"gold_loss":0},{"damage_healed":0,"gold_gain":0,"player_choice":"Entered Light","damage_taken":18,"max_hp_gain":0,"max_hp_loss":0,"event_name":"Shining Light","floor":13,"gold_loss":0,"cards_upgraded":["Survivor","Defend_G"]},{"damage_healed":0,"gold_gain":50,"player_choice":"Stole From Cult","damage_taken":0,"max_hp_gain":0,"max_hp_loss":0,"event_name":"Nest","floor":19,"gold_loss":0},{"damage_healed":12,"gold_gain":0,"player_choice":"Heal","damage_taken":0,"max_hp_gain":0,"max_hp_loss":0,"event_name":"The Library","floor":20,"gold_loss":0}],"is_beta":false,"boss_relics":[{"not_picked":["Sozu","WristBlade"],"picked":"Pandora\u0027s Box"}],"items_purged_floors":[],"is_endless":false,"potions_floor_spawned":[11,14,16,18],"killed_by":"Chosen","ascension_level":20}}