{"host":"43wsnxh97mgjl5zw","time":1613409718,"event":{"mods":["Aspiration","BaseMod","Colored Map","Colored Powertips","Downfall","Hubris","Minty Spire (QoL Compilation)","Quick Restart","Rare Cards Sparkle","Relic Sorter","Replay The Spire","StSLib"],"gold_per_floor":[118,88,101,118,118,146,111,111,111],"floor_reached":8,"language":"ENG","playtime":260,"items_purged":[],"score":112,"play_id":"131eca71-ef0b-4aa1-a5f5-3debf2037726","local_time":"20210215192158","is_ascension_mode":true,"campfire_choices":[],"circlet_count":0,"master_deck":["AscendersBane","Strike_R","Strike_R","Strike_R","Strike_R","Strike_R","Defend_R","Defend_R","Defend_R","Defend_R","Bash","Armaments","Ghostly Armor","Injury","Iron Wave+1"],"relics":["Burning Blood","NeowsBlessing","Molten Egg 2","ReplayFunnel"],"acts_visited":["Exordium"],"potions_floor_usage":[6,8],"damage_taken":[{"damage":0,"enemies":"Jaw Worm","floor":1,"turns":1},{"damage":0,"enemies":"Cultist","floor":3,"turns":1},{"damage":0,"enemies":"2 Louse","floor":4,"turns":1},{"damage":65,"enemies":"3 Sentries","floor":6,"turns":16},{"damage":38,"enemies":"Gremlin Nob","floor":8,"turns":3}],"seed_played":"1480126631333229262","potions_obtained":[{"floor":2,"key":"DuplicationPotion"},{"floor":2,"key":"SneckoOil"},{"floor":6,"key":"Slimebound:ThreeZeroPotion"}],"is_trial":false,"path_per_floor":["M","?","M","M","?","E","?","E"],"character_chosen":"IRONCLAD","items_purchased":[],"campfire_rested":0,"item_purchase_floors":[],"current_hp_per_floor":[74,74,75,75,75,16,34,0,0],"gold":111,"neow_bonus":"THREE_ENEMY_KILL","is_daily":false,"chose_seed":false,"campfire_upgraded":0,"win_rate":0.0,"timestamp":1613409718,"path_taken":["M","?","?","M","?","E","?","E"],"items_purchased_type":[],"build_version":"2020-12-22","purchased_purges":0,"victory":false,"max_hp_per_floor":[75,75,75,75,75,75,75,75,75],"card_choices":[{"not_picked":["Clash","hubris:CleavingFinish","Wild Strike"],"picked":"SKIP","floor":1},{"not_picked":["ReplayTheSpireMod:Strike From Hell","Body Slam"],"picked":"Armaments","floor":3},{"not_picked":["Headbutt","Sword Boomerang"],"picked":"Ghostly Armor","floor":4},{"not_picked":["Evolve","Anger+1"],"picked":"Iron Wave+1","floor":6}],"player_experience":1246203,"relics_obtained":[{"floor":6,"key":"ReplayFunnel"}],"event_choices":[{"damage_healed":0,"gold_gain":0,"player_choice":"Bought 2 Potions","damage_taken":0,"max_hp_gain":0,"max_hp_loss":0,"event_name":"The Woman in Blue","floor":2,"gold_loss":0},{"damage_healed":18,"gold_gain":0,"player_choice":"Healed","damage_taken":0,"max_hp_gain":0,"max_hp_loss":0,"event_name":"The Cleric","floor":7,"gold_loss":35}],"is_beta":false,"boss_relics":[],"items_purged_floors":[],"is_endless":false,"potions_floor_spawned":[3,4,6],"killed_by":"Gremlin Nob","ascension_level":20}}