{"host":"9viy3memdfgcf4vy","time":1613418290,"event":{"mods":["BaseMod","Colored Map","Downfall","Minty Spire (QoL Compilation)","StSLib"],"gold_per_floor":[0,150,169,185,202,235,284,134,150,0,35,35,52,79,98,175,175,125,144,144,144,155,105,105,140,90,103,138,155,181,206,224,224,224,224],"floor_reached":33,"language":"ENG","playtime":5701,"items_purged":[],"score":729,"play_id":"3be5b3fc-8fe1-4827-82e8-c6302fbc5b31","local_time":"20210215214450","is_ascension_mode":true,"campfire_choices":[{"data":"Slimebound:CorrosiveSpit","floor":1,"key":"SMITH"},{"floor":8,"key":"RECALL"},{"data":"Slimebound:HauntingLick","floor":10,"key":"SMITH"},{"data":"Slimebound:MassFeed","floor":18,"key":"SMITH"},{"data":"Slimebound:MegaLick","floor":23,"key":"SMITH"},{"data":"Slimebound:SamplingLick","floor":26,"key":"SMITH"}],"circlet_count":0,"master_deck":["AscendersBane","Slimebound:Strike_Slimebound","Slimebound:Strike_Slimebound","Slimebound:Tackle","Slimebound:Defend_Slimebound","Slimebound:Defend_Slimebound","Slimebound:Split","Slimebound:CorrosiveSpit+1","Doubt","Slimebound:MegaLick+1","Slimebound:Recollect","Slimebound:HauntingLick+1","Slimebound:Schlurp","Slimebound:MassFeed+1","downfall:Icky","Slimebound:SamplingLick+1","Slimebound:Prepare","Slimebound:LevelUp+1"],"relics":["Slimebound:AbsorbEndCombat","Slimebound:GreedOozeRelic","Slimebound:PotencyRelic","Slimebound:TarBlob","Slimebound:MaxSlimesRelic","Anchor","downfall:HeartBlessingBlue","downfall:HeartBlessingRed","Mercury Hourglass","Blue Candle","Smiling Mask","Cursed Key","Singing Bowl","Oddly Smooth Stone","Nunchaku","Red Mask","Dream Catcher"],"acts_visited":["Exordium","TheCity"],"potions_floor_usage":[16,30,33,33,33,33],"damage_taken":[{"damage":3,"enemies":"Small Slimes","floor":3,"turns":3},{"damage":6,"enemies":"2 Louse","floor":4,"turns":3},{"damage":2,"enemies":"Jaw Worm","floor":5,"turns":3},{"damage":25,"enemies":"3 Sentries","floor":6,"turns":6},{"damage":0,"enemies":"Exordium Thugs","floor":9,"turns":4},{"damage":23,"enemies":"Gremlin Nob","floor":11,"turns":4},{"damage":0,"enemies":"Exordium Wildlife","floor":13,"turns":3},{"damage":0,"enemies":"3 Sentries","floor":14,"turns":4},{"damage":0,"enemies":"Gremlin Gang","floor":15,"turns":3},{"damage":17,"enemies":"DF_ARCHETYPE_STREAMLINE","floor":16,"turns":8},{"damage":0,"enemies":"Spheric Guardian","floor":19,"turns":3},{"damage":0,"enemies":"Shell Parasite","floor":22,"turns":3},{"damage":35,"enemies":"Book of Stabbing","floor":25,"turns":5},{"damage":8,"enemies":"Shelled Parasite and Fungi","floor":27,"turns":4},{"damage":2,"enemies":"Gremlin Leader","floor":28,"turns":6},{"damage":15,"enemies":"Snake Plant","floor":29,"turns":3},{"damage":0,"enemies":"Masked Bandits","floor":30,"turns":4},{"damage":16,"enemies":"Slavers","floor":31,"turns":4},{"damage":1,"enemies":"Centurion and Healer","floor":32,"turns":5},{"damage":88,"enemies":"SI_MIRROR_ARCHETYPE","floor":33,"turns":12}],"seed_played":"-6817880338179043837","potions_obtained":[{"floor":4,"key":"SneckoOil"},{"floor":5,"key":"sneckomod:MuddlingPotion"},{"floor":11,"key":"PowerPotion"},{"floor":13,"key":"Ancient Potion"},{"floor":15,"key":"EntropicBrew"},{"floor":19,"key":"Ancient Potion"},{"floor":28,"key":"AttackPotion"},{"floor":32,"key":"Regen Potion"}],"is_trial":false,"path_per_floor":["R","?","M","M","M","E","T","R","M","R","E","?","M","E","M","B",null,"R","M","?","?","M","R","T","E","R","M","E","M","?","E","M","B"],"character_chosen":"SLIMEBOUND","items_purchased":[],"campfire_rested":0,"item_purchase_floors":[],"current_hp_per_floor":[53,53,54,50,52,35,35,45,51,51,34,29,33,37,43,34,60,60,64,64,64,73,73,73,46,46,48,56,45,55,55,68,0,0,0],"gold":224,"neow_bonus":"REMOVE_TWO","is_daily":false,"chose_seed":false,"campfire_upgraded":5,"win_rate":0.0,"timestamp":1613418290,"path_taken":["R","?","M","M","M","E","T","R","M","R","E","?","?","E","M","BOSS","R","M","?","?","?","R","T","E","R","M","E","M","?","E","M","BOSS"],"items_purchased_type":[],"build_version":"2020-12-22","purchased_purges":0,"victory":false,"max_hp_per_floor":[59,59,59,59,59,59,59,69,69,69,69,69,69,69,69,69,69,69,69,69,69,73,73,73,77,77,81,83,85,89,99,105,105,105,105],"card_choices":[{"not_picked":["Slimebound:ComboTackle","Slimebound:SplitMire","Slimebound:SplitBruiser"],"picked":"SKIP","floor":3},{"not_picked":["Slimebound:FormOfPuddle","Slimebound:Chomp"],"picked":"Slimebound:MegaLick","floor":4},{"not_picked":["Slimebound:ViciousTackle","Slimebound:GoopSpray"],"picked":"Slimebound:Recollect","floor":5},{"not_picked":["Slimebound:GoopTackle","Slimebound:ComboTackle","Slimebound:LeechingTouch"],"picked":"SKIP","floor":6},{"not_picked":["Slimebound:LeechingTouch","Slimebound:MegaLick"],"picked":"Slimebound:HauntingLick","floor":9},{"not_picked":["Slimebound:Dissolve","Slimebound:SplitMire","Slimebound:FlameTackle"],"picked":"SKIP","floor":11},{"not_picked":["Slimebound:SplitAcid","Slimebound:SplitBruiser"],"picked":"Slimebound:Schlurp","floor":13},{"not_picked":["Slimebound:FirmFortitude","Slimebound:DisruptingSlam","Slimebound:Dissolve"],"picked":"SKIP","floor":14},{"not_picked":["Slimebound:RollThrough","Slimebound:GoopTackle","Slimebound:SplitMire"],"picked":"SKIP","floor":15},{"not_picked":["Slimebound:OozeBath","Slimebound:MinionMaster"],"picked":"Slimebound:MassFeed","floor":16},{"not_picked":["Slimebound:ProtectTheBoss","Slimebound:Repurpose","Slimebound:Prepare"],"picked":"SKIP","floor":19},{"not_picked":["Slimebound:LivingWall","Slimebound:FinishingTackle+1","Slimebound:PressTheAttack+1"],"picked":"SKIP","floor":22},{"not_picked":["Slimebound:SlimeBrawl","Slimebound:FlameTackle"],"picked":"Slimebound:SamplingLick","floor":25},{"not_picked":["Slimebound:ViciousTackle","Slimebound:LivingWall"],"picked":"Slimebound:Prepare","floor":27},{"not_picked":["Slimebound:Darklings","Slimebound:DisruptingSlam","Slimebound:Recollect"],"picked":"Singing Bowl","floor":28},{"not_picked":["Slimebound:DisruptingSlam","Slimebound:PressTheAttack","Slimebound:HauntingLick"],"picked":"Singing Bowl","floor":29},{"not_picked":["Slimebound:FlameTackle","Slimebound:SamplingLick"],"picked":"Slimebound:LevelUp+1","floor":30},{"not_picked":["Slimebound:RejuvenatingLick","Slimebound:GoopTackle","Slimebound:Schlurp"],"picked":"Singing Bowl","floor":31},{"not_picked":["Slimebound:ViciousTackle+1","Slimebound:LeechingTouch","Slimebound:RollThrough"],"picked":"Singing Bowl","floor":32}],"player_experience":537083,"relics_obtained":[{"floor":6,"key":"Anchor"},{"floor":11,"key":"Mercury Hourglass"},{"floor":14,"key":"Smiling Mask"},{"floor":24,"key":"Singing Bowl"},{"floor":25,"key":"Oddly Smooth Stone"},{"floor":28,"key":"Nunchaku"},{"floor":30,"key":"Red Mask"},{"floor":31,"key":"Dream Catcher"}],"event_choices":[{"cards_removed":["Slimebound:Defend_Slimebound"],"damage_healed":0,"gold_gain":0,"player_choice":"Offered Basic","damage_taken":0,"max_hp_gain":0,"max_hp_loss":0,"event_name":"Bonfire Elementals","floor":21,"gold_loss":0},{"damage_healed":0,"gold_gain":0,"player_choice":"Fought Bandits","damage_taken":0,"max_hp_gain":0,"max_hp_loss":0,"event_name":"Masked Bandits","floor":30,"gold_loss":0}],"is_beta":false,"boss_relics":[{"not_picked":["Snecko Eye","Philosopher\u0027s Stone"],"picked":"Cursed Key"}],"items_purged_floors":[],"is_endless":false,"potions_floor_spawned":[4,5,11,13,15,19,25,28,32],"killed_by":"SI_MIRROR_ARCHETYPE","ascension_level":16}}