{"host":"af4pzp5tm7cfibaw","time":1613360946,"event":{"mods":["AchievementEnabler","BaseMod","BetterRewards","Highlight Path","Minty Spire (QoL Compilation)","StSLib","SuperFastMode"],"gold_per_floor":[109,128,128,48,58,87,87,107,160,4,24,24,53,73,73,175,175,194,119,43,55,82,82,100,100,100,15,45,45,56,73,73,73,73],"floor_reached":33,"language":"ENG","playtime":1412,"items_purged":["Strike_B"],"score":346,"play_id":"c6246b28-0640-4207-a58d-78eb3e087a86","local_time":"20210215164906","is_ascension_mode":true,"campfire_choices":[{"data":"Defragment","floor":7,"key":"SMITH"},{"data":"Machine Learning","floor":12,"key":"SMITH"},{"floor":15,"key":"REST"},{"floor":23,"key":"REST"},{"data":"Chaos","floor":25,"key":"SMITH"},{"floor":32,"key":"REST"}],"circlet_count":0,"master_deck":["Defend_B","Defend_B","Defend_B","Defend_B","Zap","Dualcast","Machine Learning+1","Coolheaded","Glacier","Self Repair","Defragment+1","Thunder Strike","Lockon","Self Repair","Turbo","Loop","Go for the Eyes","Meteor Strike","Capacitor","Chaos+1","Glacier","Skim","Cold Snap","Static Discharge","Storm+1"],"relics":["Cracked Core","Shuriken","DataDisk","Nunchaku","Philosopher\u0027s Stone","Anchor","Gremlin Horn","Strawberry","Regal Pillow"],"acts_visited":["Exordium","TheCity"],"potions_floor_usage":[6,6,6,11,13,14,24,24],"damage_taken":[{"damage":0,"enemies":"Jaw Worm","floor":1,"turns":3},{"damage":0,"enemies":"Cultist","floor":2,"turns":4},{"damage":3,"enemies":"Small Slimes","floor":5,"turns":5},{"damage":26,"enemies":"Gremlin Nob","floor":6,"turns":4},{"damage":9,"enemies":"Exordium Wildlife","floor":8,"turns":7},{"damage":0,"enemies":"2 Fungi Beasts","floor":11,"turns":4},{"damage":30,"enemies":"Lagavulin","floor":13,"turns":5},{"damage":2,"enemies":"3 Louse","floor":14,"turns":2},{"damage":28,"enemies":"Slime Boss","floor":16,"turns":7},{"damage":68,"enemies":"3 Byrds","floor":18,"turns":6},{"damage":6,"enemies":"Spheric Guardian","floor":21,"turns":7},{"damage":3,"enemies":"3 Cultists","floor":24,"turns":6},{"damage":35,"enemies":"Book of Stabbing","floor":28,"turns":7},{"damage":9,"enemies":"Centurion and Healer","floor":30,"turns":9},{"damage":15,"enemies":"Snake Plant","floor":31,"turns":5},{"damage":86,"enemies":"Champ","floor":33,"turns":7}],"seed_played":"-1900418314710489478","potions_obtained":[{"floor":2,"key":"EntropicBrew"},{"floor":8,"key":"Fire Potion"},{"floor":11,"key":"Fire Potion"},{"floor":16,"key":"SteroidPotion"},{"floor":18,"key":"DistilledChaos"},{"floor":21,"key":"SteroidPotion"},{"floor":28,"key":"FearPotion"}],"is_trial":false,"path_per_floor":["M","M","?","$","M","E","R","M","T","$","M","R","E","M","R","B",null,"M","?","$","M","T","R","M","R","T","?","E","?","M","M","R","B"],"character_chosen":"DEFECT","items_purchased":["Self Repair","Self Repair","Chaos"],"campfire_rested":3,"item_purchase_floors":[4,10,20],"current_hp_per_floor":[75,75,75,75,75,56,56,54,54,54,68,68,52,57,75,61,72,18,18,18,26,26,48,59,59,59,66,45,45,50,49,82,0,0],"gold":73,"neow_bonus":"ONE_RANDOM_RARE_CARD","is_daily":false,"chose_seed":false,"campfire_upgraded":3,"win_rate":0.0,"timestamp":1613360946,"path_taken":["M","M","?","$","M","E","R","M","T","$","M","R","E","?","R","BOSS","M","?","$","M","?","R","M","R","T","?","E","?","M","M","R","BOSS"],"items_purchased_type":["Card","Card","Card"],"build_version":"2020-12-22","purchased_purges":1,"victory":false,"max_hp_per_floor":[75,75,75,75,75,75,75,75,75,75,75,75,75,75,75,75,75,75,75,75,75,75,75,75,75,75,82,82,82,82,82,82,82,82],"card_choices":[{"not_picked":["Beam Cell","Redo"],"picked":"Coolheaded","floor":1},{"not_picked":["Leap","Chill"],"picked":"Glacier","floor":2},{"not_picked":["Beam Cell","Self Repair"],"picked":"Defragment","floor":5},{"not_picked":["Hyperbeam","Reprogram"],"picked":"Thunder Strike","floor":6},{"not_picked":["Darkness","FTL"],"picked":"Lockon","floor":8},{"not_picked":["Rebound","Conserve Battery"],"picked":"Turbo","floor":11},{"not_picked":["Stack","Turbo"],"picked":"Loop","floor":13},{"not_picked":["Auto Shields","Turbo"],"picked":"Go for the Eyes","floor":14},{"not_picked":["Core Surge","Biased Cognition"],"picked":"Meteor Strike","floor":16},{"not_picked":["Hello World","Coolheaded"],"picked":"Capacitor","floor":18},{"not_picked":["Barrage","Leap+1"],"picked":"Glacier","floor":21},{"not_picked":["Turbo","Tempest"],"picked":"Skim","floor":24},{"not_picked":["Hyperbeam","Barrage"],"picked":"Cold Snap","floor":28},{"not_picked":["Force Field+1","Barrage+1"],"picked":"Static Discharge","floor":30},{"not_picked":["Hologram","BootSequence"],"picked":"Storm+1","floor":31}],"player_experience":322601,"relics_obtained":[{"floor":6,"key":"Shuriken"},{"floor":9,"key":"DataDisk"},{"floor":13,"key":"Nunchaku"},{"floor":22,"key":"Anchor"},{"floor":26,"key":"Gremlin Horn"},{"floor":28,"key":"Regal Pillow"}],"event_choices":[{"cards_removed":["Strike_B"],"damage_healed":0,"gold_gain":0,"player_choice":"Offered Basic","damage_taken":0,"max_hp_gain":0,"max_hp_loss":0,"event_name":"Bonfire Elementals","floor":3,"gold_loss":0},{"cards_removed":["Strike_B"],"damage_healed":0,"gold_gain":0,"player_choice":"Gave Gold","damage_taken":0,"max_hp_gain":0,"max_hp_loss":0,"event_name":"Beggar","floor":19,"gold_loss":75},{"damage_healed":0,"gold_gain":0,"player_choice":"Obtained Relic","damage_taken":0,"relics_obtained":["Strawberry"],"max_hp_gain":0,"max_hp_loss":0,"event_name":"Addict","floor":27,"gold_loss":85},{"cards_removed":["Strike_B"],"damage_healed":0,"gold_gain":0,"player_choice":"Elegance","damage_taken":0,"max_hp_gain":0,"max_hp_loss":0,"event_name":"Back to Basics","floor":29,"gold_loss":0}],"is_beta":false,"boss_relics":[{"not_picked":["Sozu","SlaversCollar"],"picked":"Philosopher\u0027s Stone"}],"items_purged_floors":[10],"is_endless":false,"potions_floor_spawned":[2,8,11,16,18,21,28],"killed_by":"Champ","ascension_level":5}}