{"host":"1focbxb2e8qu7ccd","time":1613363402,"event":{"mods":["AchievementEnabler","BaseMod","Bestiary","Highlight Path","Minty Spire (QoL Compilation)","Relic Stats"],"gold_per_floor":[119,138,149,163,143,143,170,181,231,243,270,299,15,65,65,65,65],"floor_reached":16,"language":"ENG","playtime":880,"items_purged":["Strike_G"],"score":208,"play_id":"9a886a46-690c-4ff0-81f0-385f9f1e3822","local_time":"20210214233002","is_ascension_mode":true,"campfire_choices":[{"data":"A Thousand Cuts","floor":6.0,"key":"SMITH"},{"data":"Neutralize","floor":10,"key":"SMITH"},{"data":"Blade Dance","floor":15,"key":"SMITH"}],"circlet_count":0,"master_deck":["AscendersBane","Strike_G","Strike_G","Strike_G","Strike_G","Defend_G","Defend_G","Defend_G","Defend_G","Defend_G","Survivor","Neutralize+1","A Thousand Cuts+1","Endless Agony","Blade Dance+1","Dagger Spray","Dodge and Roll","Escape Plan","Skewer","Prepared"],"relics":["Ring of the Snake","Anchor","MawBank","Orichalcum"],"acts_visited":["Exordium"],"potions_floor_usage":[16],"damage_taken":[{"damage":4.0,"enemies":"Cultist","floor":1.0,"turns":6.0},{"damage":3.0,"enemies":"Small Slimes","floor":2.0,"turns":4.0},{"damage":2.0,"enemies":"Jaw Worm","floor":3.0,"turns":4.0},{"damage":9.0,"enemies":"Blue Slaver","floor":4.0,"turns":4.0},{"damage":12.0,"enemies":"Lagavulin","floor":7.0,"turns":7.0},{"damage":0,"enemies":"3 Louse","floor":8,"turns":2},{"damage":0,"enemies":"Lots of Slimes","floor":11,"turns":2},{"damage":0,"enemies":"Blue Slaver","floor":12,"turns":3},{"damage":15,"enemies":"Hexaghost","floor":16,"turns":9}],"seed_played":"7852158271678132143","potions_obtained":[{"floor":1.0,"key":"EssenceOfSteel"},{"floor":2.0,"key":"Dexterity Potion"},{"floor":3.0,"key":"CultistPotion"},{"floor":4.0,"key":"Fire Potion"}],"is_trial":false,"path_per_floor":["M","M","M","M","?","R","E","M","T","R","M","M","$","?","R","B"],"character_chosen":"THE_SILENT","items_purchased":["Orichalcum","Prepared"],"campfire_rested":0,"item_purchase_floors":[13,13],"current_hp_per_floor":[40,37,35,26,26,26,14,14,14,14,14,14,14,14,14,0,0],"gold":65,"neow_bonus":"THREE_RARE_CARDS","is_daily":false,"chose_seed":false,"campfire_upgraded":3,"win_rate":0.0,"timestamp":1613363402,"path_taken":["M","?","M","M","?","R","E","M","T","R","?","M","$","?","R","BOSS"],"items_purchased_type":["Relic","Card"],"build_version":"2020-12-22","purchased_purges":1,"victory":false,"max_hp_per_floor":[66,66,66,66,66,66,66,66,66,66,66,66,66,66,66,66,66],"relic_stats":{"counters":[9,41],"Orichalcum":[24],"MawBank":48,"obtain_stats":[{"Anchor":7,"Orichalcum":13,"MawBank":9,"Ring of the Snake":0},{"Anchor":5,"Orichalcum":8,"MawBank":6,"Ring of the Snake":0},{"Anchor":25,"Orichalcum":32,"MawBank":27,"Ring of the Snake":0}],"Ring of the Snake":[20]},"card_choices":[{"not_picked":["Doppelganger","Storm of Steel"],"picked":"A Thousand Cuts","floor":0.0},{"not_picked":["Slice","Leg Sweep"],"picked":"Endless Agony","floor":1.0},{"not_picked":["Noxious Fumes","Bane"],"picked":"Blade Dance","floor":2.0},{"not_picked":["Escape Plan","Dodge and Roll"],"picked":"Dagger Spray","floor":3.0},{"not_picked":["Poisoned Stab","Underhanded Strike","Flechettes"],"picked":"SKIP","floor":4.0},{"not_picked":["Slice","Backstab"],"picked":"Dodge and Roll","floor":7.0},{"not_picked":["Masterful Stab","Concentrate","Riddle With Holes"],"picked":"SKIP","floor":8},{"not_picked":["Eviscerate","Prepared"],"picked":"Escape Plan","floor":11},{"not_picked":["Bane","Endless Agony"],"picked":"Skewer","floor":12}],"player_experience":964155,"relics_obtained":[{"floor":7.0,"key":"Anchor"},{"floor":9,"key":"MawBank"}],"event_choices":[{"damage_healed":0.0,"max_hp_gain":0.0,"max_hp_loss":0.0,"gold_gain":0.0,"event_name":"The Woman in Blue","player_choice":"Bought 1 Potion","floor":5.0,"gold_loss":0.0,"damage_taken":0.0},{"damage_healed":0,"gold_gain":50,"player_choice":"Pray","damage_taken":0,"max_hp_gain":0,"max_hp_loss":0,"event_name":"Golden Shrine","floor":14,"gold_loss":0}],"is_beta":false,"boss_relics":[],"items_purged_floors":[13],"is_endless":false,"potions_floor_spawned":[1,2,3,4],"killed_by":"Hexaghost","ascension_level":20}}