{"host":"ptk1shuto3uimndw","time":1613398593,"event":{"mods":["AchievementEnabler","BaseMod","Bestiary","Colored Map","Colored Powertips","Curses Come First","Minty Spire (QoL Compilation)","Quick Restart","Rare Cards Sparkle","Relic Stats","StSLib","Uncapped"],"gold_per_floor":[116,116,127,127,146,146,146,174,197,220,238,238,257,289,289,394,394,410,425,436,436,452,452,452],"floor_reached":23,"language":"ENG","playtime":495,"items_purged":[],"score":431,"play_id":"99741468-0005-4eac-b10e-d088756ff52e","local_time":"20210215151633","is_ascension_mode":true,"campfire_choices":[{"data":"Eruption","floor":6.0,"key":"SMITH"},{"data":"ClearTheMind","floor":12.0,"key":"SMITH"},{"data":"Ragnarok","floor":15.0,"key":"SMITH"}],"circlet_count":0,"master_deck":["AscendersBane","Strike_P+1","Strike_P","Defend_P","Defend_P+1","Defend_P","Defend_P","Eruption+1","Vigilance","Tantrum","FlyingSleeves+1","ClearTheMind+1","WheelKick+1","ReachHeaven","Ragnarok+1","CutThroughFate","Blasphemy","ThirdEye","Halt+1","FearNoEvil"],"relics":["PureWater","NeowsBlessing","NlothsMask","Juzu Bracelet","Odd Mushroom","Whetstone","Black Star"],"acts_visited":["Exordium","TheCity"],"potions_floor_usage":[23,23],"damage_taken":[{"damage":0.0,"enemies":"2 Louse","floor":1.0,"turns":1.0},{"damage":0.0,"enemies":"Small Slimes","floor":3.0,"turns":1.0},{"damage":0.0,"enemies":"Cultist","floor":5.0,"turns":1.0},{"damage":0.0,"enemies":"Gremlin Nob","floor":8.0,"turns":2.0},{"damage":7.0,"enemies":"The Mushroom Lair","floor":10.0,"turns":3.0},{"damage":4.0,"enemies":"Looter","floor":11.0,"turns":3.0},{"damage":6.0,"enemies":"Lots of Slimes","floor":13.0,"turns":3.0},{"damage":15.0,"enemies":"Lagavulin","floor":14.0,"turns":5.0},{"damage":0.0,"enemies":"Slime Boss","floor":16.0,"turns":3.0},{"damage":4,"enemies":"3 Byrds","floor":18,"turns":4},{"damage":12,"enemies":"Shell Parasite","floor":19,"turns":2},{"damage":0,"enemies":"Snecko","floor":20,"turns":2},{"damage":19,"enemies":"Snake Plant","floor":22,"turns":3},{"damage":33,"enemies":"Book of Stabbing","floor":23,"turns":2}],"seed_played":"8118503841979448984","potions_obtained":[{"floor":3.0,"key":"PowerPotion"},{"floor":5.0,"key":"SteroidPotion"},{"floor":11.0,"key":"SneckoOil"},{"floor":16.0,"key":"SpeedPotion"},{"floor":20,"key":"SkillPotion"}],"is_trial":false,"path_per_floor":["M","?","M","?","M","R","?","E","T","?","M","R","M","E","R","B",null,"M","M","M","?","M","E"],"character_chosen":"WATCHER","items_purchased":[],"campfire_rested":0,"item_purchase_floors":[],"current_hp_per_floor":[65,65,65,65,65,65,51,51,51,44,40,40,34,19,19,19,59,55,43,43,43,24,0,0],"gold":452,"neow_bonus":"THREE_ENEMY_KILL","is_daily":false,"chose_seed":false,"campfire_upgraded":3,"win_rate":0.0,"timestamp":1613398593,"path_taken":["M","?","M","?","?","R","?","E","T","?","M","R","M","E","R","BOSS","M","M","M","?","M","E"],"items_purchased_type":[],"build_version":"2020-12-22","purchased_purges":0,"victory":false,"max_hp_per_floor":[72,72,72,72,72,72,72,72,72,72,72,72,72,72,72,72,72,72,72,72,72,72,72,72],"relic_stats":{"counters":[14,35],"Juzu Bracelet":0,"Black Star":0,"Whetstone":["WheelKick","FlyingSleeves"],"obtain_stats":[{"NeowsBlessing":0,"Juzu Bracelet":8,"Black Star":17,"Whetstone":14,"PureWater":0,"Odd Mushroom":10,"NlothsMask":4},{"NeowsBlessing":0,"Juzu Bracelet":4,"Black Star":9,"Whetstone":8,"PureWater":0,"Odd Mushroom":5,"NlothsMask":2},{"NeowsBlessing":0,"Juzu Bracelet":5,"Black Star":22,"Whetstone":19,"PureWater":0,"Odd Mushroom":8,"NlothsMask":2}]},"card_choices":[{"not_picked":["Crescendo","FollowUp"],"picked":"Tantrum","floor":1.0},{"not_picked":["Nirvana","Prostrate"],"picked":"FlyingSleeves","floor":3.0},{"not_picked":["Prostrate","Halt","Crescendo"],"picked":"SKIP","floor":5.0},{"not_picked":["Consecrate","Perseverance"],"picked":"ClearTheMind","floor":8.0},{"not_picked":["WindmillStrike","Halt"],"picked":"WheelKick","floor":10.0},{"not_picked":["Evaluate","EmptyFist"],"picked":"ReachHeaven","floor":11.0},{"not_picked":["Crescendo","Wallop"],"picked":"Ragnarok","floor":13.0},{"not_picked":["Perseverance","Halt"],"picked":"CutThroughFate","floor":14.0},{"not_picked":["Omniscience","Brilliance"],"picked":"Blasphemy","floor":16.0},{"not_picked":["Study","WheelKick"],"picked":"ThirdEye","floor":18},{"not_picked":["SashWhip","ThirdEye"],"picked":"Halt+1","floor":19},{"not_picked":["ThirdEye","Study"],"picked":"FearNoEvil","floor":20},{"not_picked":["FlyingSleeves","Halt","ThirdEye"],"picked":"SKIP","floor":22}],"player_experience":268094,"relics_obtained":[{"floor":8.0,"key":"Juzu Bracelet"},{"floor":10.0,"key":"Odd Mushroom"},{"floor":14.0,"key":"Whetstone"}],"event_choices":[{"cards_removed":["Strike_P"],"damage_healed":0.0,"max_hp_gain":0.0,"max_hp_loss":0.0,"gold_gain":0.0,"event_name":"Living Wall","player_choice":"Forget","floor":2.0,"gold_loss":0.0,"damage_taken":0.0},{"damage_healed":0.0,"max_hp_gain":0.0,"max_hp_loss":0.0,"gold_gain":0.0,"event_name":"FaceTrader","player_choice":"Trade","floor":4.0,"gold_loss":0.0,"damage_taken":0.0,"relics_obtained":["NlothsMask"]},{"damage_healed":0.0,"max_hp_gain":0.0,"max_hp_loss":0.0,"gold_gain":0.0,"event_name":"Shining Light","player_choice":"Entered Light","floor":7.0,"gold_loss":0.0,"damage_taken":14.0,"cards_upgraded":["Strike_P","Defend_P"]},{"damage_healed":0.0,"max_hp_gain":0.0,"max_hp_loss":0.0,"gold_gain":0.0,"event_name":"Mushrooms","player_choice":"Fought Mushrooms","floor":10.0,"gold_loss":0.0,"damage_taken":0.0},{"cards_removed":["Strike_P"],"damage_healed":0,"gold_gain":0,"player_choice":"Purged","damage_taken":0,"max_hp_gain":0,"max_hp_loss":0,"event_name":"Purifier","floor":21,"gold_loss":0}],"is_beta":false,"boss_relics":[{"not_picked":["SacredBark","Astrolabe"],"picked":"Black Star"}],"items_purged_floors":[],"is_endless":false,"potions_floor_spawned":[3,5,11,13,16,20,22],"killed_by":"Book of Stabbing","ascension_level":11}}