{"host":"27c1zwn2rxlukojz","time":1613396779,"event":{"mods":["BaseMod","Filter the Spire","Minty Spire (QoL Compilation)","Relic Stats","StSLib"],"gold_per_floor":[115,115,265,285,31,31,62,62,86,112,126,126,144,165,165,243,243,261,8,24,24,24,24,34,66,117,133,133,145,145,145],"floor_reached":30,"language":"DEU","playtime":1413,"items_purged":["Doubt"],"score":452,"play_id":"87289a7e-5d03-4281-8ca4-64e878142d6e","local_time":"20210215144619","is_ascension_mode":true,"campfire_choices":[{"data":"Blade Dance","floor":6.0,"key":"SMITH"},{"data":"Flying Knee","floor":8.0,"key":"SMITH"},{"floor":12.0,"key":"REST"},{"data":"Finisher","floor":15.0,"key":"SMITH"},{"data":"A Thousand Cuts","floor":23.0,"key":"SMITH"},{"floor":28,"key":"REST"}],"circlet_count":0,"master_deck":["AscendersBane","Strike_G","Strike_G","Defend_G","Defend_G","Defend_G","Defend_G","Survivor","Neutralize","Phantasmal Killer+1","Wraith Form v2+1","Phantasmal Killer+1","Prepared","Blade Dance+1","Flying Knee+1","Storm of Steel+1","Blade Dance+1","Finisher+1","Reflex+1","Burst+1","Quick Slash+1","Cloak And Dagger+1","A Thousand Cuts+1","Acrobatics+1","Bullet Time+1","Terror+1"],"relics":["Astrolabe","Strawberry","Bag of Preparation","Toxic Egg 2","Smiling Mask","Singing Bowl","Odd Mushroom","Black Star","Ninja Scroll","Ancient Tea Set","White Beast Statue","Orichalcum"],"acts_visited":["Exordium","TheCity"],"potions_floor_usage":[25],"damage_taken":[{"damage":7.0,"enemies":"Small Slimes","floor":1.0,"turns":6.0},{"damage":3.0,"enemies":"Jaw Worm","floor":4.0,"turns":4.0},{"damage":8.0,"enemies":"Lagavulin","floor":7.0,"turns":6.0},{"damage":26.0,"enemies":"3 Sentries","floor":10.0,"turns":9.0},{"damage":0.0,"enemies":"Cultist","floor":11.0,"turns":2.0},{"damage":16.0,"enemies":"Exordium Thugs","floor":13.0,"turns":3.0},{"damage":7.0,"enemies":"The Mushroom Lair","floor":14.0,"turns":4.0},{"damage":16.0,"enemies":"Slime Boss","floor":16.0,"turns":11.0},{"damage":4.0,"enemies":"2 Thieves","floor":18.0,"turns":4.0},{"damage":0.0,"enemies":"Chosen","floor":20.0,"turns":2.0},{"damage":21.0,"enemies":"Snake Plant","floor":24.0,"turns":4.0},{"damage":16,"enemies":"Slavers","floor":25,"turns":4},{"damage":4,"enemies":"Snecko","floor":27,"turns":3},{"damage":9,"enemies":"Shelled Parasite and Fungi","floor":29,"turns":2},{"damage":30,"enemies":"Gremlin Leader","floor":30,"turns":3}],"seed_played":"1957994026075485063","potions_obtained":[{"floor":4.0,"key":"SpeedPotion"},{"floor":11.0,"key":"EssenceOfSteel"},{"floor":16.0,"key":"PowerPotion"},{"floor":24.0,"key":"SpeedPotion"},{"floor":25,"key":"BlessingOfTheForge"},{"floor":29,"key":"Fire Potion"}],"is_trial":false,"path_per_floor":["M","?","?","M","$","R","E","R","T","E","M","R","M","?","R","B",null,"M","$","M","?","$","R","M","E","T","M","R","M","E"],"character_chosen":"THE_SILENT","items_purchased":["Bag of Preparation","Flying Knee","Ninja Scroll"],"campfire_rested":2,"item_purchase_floors":[5,5,19],"current_hp_per_floor":[52,54,54,51,51,51,43,43,43,17,17,38,24,17,17,1,57,53,53,53,53,53,53,32,16,16,14,37,28,0,0],"gold":145,"neow_bonus":"BOSS_RELIC","is_daily":false,"chose_seed":false,"campfire_upgraded":4,"win_rate":0.0,"timestamp":1613396779,"path_taken":["M","?","?","M","$","R","E","R","T","E","M","R","M","?","R","BOSS","M","$","M","?","?","R","M","E","T","M","R","?","E"],"items_purchased_type":["Relic","Card","Relic"],"build_version":"2020-12-22","purchased_purges":1,"victory":false,"max_hp_per_floor":[66,73,73,73,73,73,73,73,73,73,73,73,75,75,75,75,75,75,75,75,75,75,75,75,75,75,77,77,77,77,77],"relic_stats":{"Singing Bowl":4,"counters":[15,67],"Astrolabe":["Phantasmal Killer","Wraith Form v2","Phantasmal Killer"],"Bag of Preparation":[26],"Black Star":1,"Orichalcum":[18],"Smiling Mask":0,"obtain_stats":[{"Singing Bowl":10,"Astrolabe":0,"Bag of Preparation":5,"Odd Mushroom":14,"Orichalcum":26,"Smiling Mask":9,"Ancient Tea Set":25,"White Beast Statue":25,"Ninja Scroll":19,"Strawberry":2,"Black Star":17,"Toxic Egg 2":7,"Ring of the Snake":0},{"Singing Bowl":4,"Astrolabe":0,"Bag of Preparation":2,"Odd Mushroom":7,"Orichalcum":12,"Smiling Mask":3,"Ancient Tea Set":12,"White Beast Statue":12,"Ninja Scroll":9,"Strawberry":1,"Black Star":8,"Toxic Egg 2":3,"Ring of the Snake":0},{"Singing Bowl":25,"Astrolabe":0,"Bag of Preparation":10,"Odd Mushroom":34,"Orichalcum":59,"Smiling Mask":16,"Ancient Tea Set":59,"White Beast Statue":59,"Ninja Scroll":49,"Strawberry":6,"Black Star":45,"Toxic Egg 2":16,"Ring of the Snake":0}]},"card_choices":[{"not_picked":["Underhanded Strike","Predator"],"picked":"Prepared","floor":1.0},{"not_picked":["Footwork","Slice"],"picked":"Blade Dance","floor":4.0},{"not_picked":["Sucker Punch","Quick Slash"],"picked":"Storm of Steel+1","floor":7.0},{"not_picked":["PiercingWail+1","Slice"],"picked":"Blade Dance+1","floor":10.0},{"not_picked":["Well Laid Plans","Dagger Spray"],"picked":"Finisher","floor":11.0},{"not_picked":["Slice","Poisoned Stab","Backstab"],"picked":"Singing Bowl","floor":13.0},{"not_picked":["Flying Knee","Acrobatics+1"],"picked":"Reflex+1","floor":14.0},{"not_picked":["Storm of Steel+1","Die Die Die"],"picked":"Burst+1","floor":16.0},{"not_picked":["Dagger Throw","Prepared+1"],"picked":"Quick Slash+1","floor":18.0},{"not_picked":["Terror+1","Dagger Spray"],"picked":"Cloak And Dagger+1","floor":20.0},{"not_picked":["Flying Knee","Poisoned Stab"],"picked":"Acrobatics+1","floor":24.0},{"not_picked":["Dodge and Roll+1","Acrobatics+1"],"picked":"Bullet Time+1","floor":25},{"not_picked":["Caltrops","Bouncing Flask+1","Catalyst+1"],"picked":"Singing Bowl","floor":27},{"not_picked":["Setup+1","Flying Knee"],"picked":"Terror+1","floor":29}],"player_experience":3980456,"relics_obtained":[{"floor":7.0,"key":"Toxic Egg 2"},{"floor":9.0,"key":"Smiling Mask"},{"floor":10.0,"key":"Singing Bowl"},{"floor":14.0,"key":"Odd Mushroom"},{"floor":25,"key":"Ancient Tea Set"},{"floor":25,"key":"White Beast Statue"},{"floor":26,"key":"Orichalcum"}],"event_choices":[{"damage_healed":0.0,"max_hp_gain":0.0,"max_hp_loss":0.0,"gold_gain":0.0,"event_name":"Scrap Ooze","player_choice":"Success","floor":2.0,"gold_loss":0.0,"damage_taken":5.0,"relics_obtained":["Strawberry"]},{"damage_healed":0.0,"max_hp_gain":0.0,"max_hp_loss":0.0,"gold_gain":150.0,"event_name":"Liars Game","player_choice":"AGREE","floor":3.0,"gold_loss":0.0,"damage_taken":0.0,"cards_obtained":["Doubt"]},{"damage_healed":0.0,"max_hp_gain":0.0,"max_hp_loss":0.0,"gold_gain":0.0,"event_name":"Mushrooms","player_choice":"Fought Mushrooms","floor":14.0,"gold_loss":0.0,"damage_taken":0.0},{"damage_healed":0.0,"max_hp_gain":0.0,"max_hp_loss":0.0,"gold_gain":0.0,"cards_transformed":["Strike_G"],"event_name":"Transmorgrifier","player_choice":"Transformed","floor":21.0,"gold_loss":0.0,"damage_taken":0.0,"cards_obtained":["A Thousand Cuts"]}],"is_beta":false,"boss_relics":[{"not_picked":["Calling Bell","Sozu"],"picked":"Black Star"}],"items_purged_floors":[5],"is_endless":false,"potions_floor_spawned":[4,11,16,24,25,27,29],"killed_by":"Gremlin Leader","ascension_level":15}}