{"host":"2j7k79oxv8es4yqd","time":1613402407,"event":{"mods":["BaseMod","Minty Spire (QoL Compilation)","Permanent Neow","StSLib"],"gold_per_floor":[110,128,143,157,169,199,199,234,260,260,260,271,284,284,284,385,385,395,395,395,395,412,412,430,430,430,430,464,464,498,518,518,614,614,630,630,677,299,311,311,329,354,403,678,694,694,722,736,736,736,736,736,483,508,508,508],"floor_reached":55,"language":"ZHT","playtime":3020,"items_purged":["Defend_B+1"],"score":857,"play_id":"a14a9630-320c-4204-9042-252b32e6b98f","local_time":"20210215232007","is_ascension_mode":false,"campfire_choices":[{"data":"Buffer","floor":7,"key":"SMITH"},{"floor":10,"key":"RECALL"},{"data":"Skim","floor":15,"key":"SMITH"},{"data":"Machine Learning","floor":23,"key":"SMITH"},{"data":"Dualcast","floor":25,"key":"SMITH"},{"data":"Zap","floor":27,"key":"SMITH"},{"data":"Scrape","floor":32,"key":"SMITH"},{"data":"Scrape","floor":40,"key":"SMITH"},{"data":"Scrape","floor":46,"key":"SMITH"},{"data":"Buffer","floor":49,"key":"SMITH"},{"data":"Seek","floor":52,"key":"SMITH"}],"circlet_count":0,"master_deck":["Defend_B+1","Defend_B+1","Defend_B+1","Zap+1","Dualcast+1","Ball Lightning+1","Leap","Skim+1","Buffer+1","Seek+1","Machine Learning+1","FTL","Scrape+1","Gash","Gash+1","Gash","Gash+1","Hologram+1","Recycle+1","Buffer+1","Scrape+1","Scrape+1","Gash","Beam Cell+1","Buffer+1","Violence","Go for the Eyes+1"],"relics":["Sozu","Art of War","Bag of Preparation","Whetstone","Nuclear Battery","White Beast Statue","Red Mask","Boot","Astrolabe","Ginger","Omamori","Vajra","Bronze Scales","Nunchaku","DataDisk","Bag of Marbles"],"acts_visited":["Exordium","TheCity","TheBeyond","TheEnding"],"potions_floor_usage":[],"damage_taken":[{"damage":0,"enemies":"Cultist","floor":1,"turns":3},{"damage":2,"enemies":"Small Slimes","floor":2,"turns":4},{"damage":1,"enemies":"Jaw Worm","floor":3,"turns":3},{"damage":3,"enemies":"Blue Slaver","floor":4,"turns":4},{"damage":4,"enemies":"2 Fungi Beasts","floor":5,"turns":3},{"damage":13,"enemies":"3 Sentries","floor":6,"turns":6},{"damage":0,"enemies":"Lagavulin","floor":8,"turns":6},{"damage":0,"enemies":"Large Slime","floor":12,"turns":4},{"damage":1,"enemies":"Exordium Wildlife","floor":13,"turns":2},{"damage":16,"enemies":"Slime Boss","floor":16,"turns":6},{"damage":10,"enemies":"Spheric Guardian","floor":18,"turns":4},{"damage":0,"enemies":"Chosen","floor":22,"turns":3},{"damage":2,"enemies":"Snake Plant","floor":24,"turns":5},{"damage":5,"enemies":"Masked Bandits","floor":28,"turns":3},{"damage":11,"enemies":"Slavers","floor":30,"turns":5},{"damage":0,"enemies":"Sentry and Sphere","floor":31,"turns":3},{"damage":13,"enemies":"Automaton","floor":33,"turns":5},{"damage":0,"enemies":"Orb Walker","floor":35,"turns":3},{"damage":0,"enemies":"2 Orb Walkers","floor":37,"turns":3},{"damage":0,"enemies":"3 Darklings","floor":39,"turns":3},{"damage":0,"enemies":"Sphere and 2 Shapes","floor":41,"turns":3},{"damage":18,"enemies":"Reptomancer","floor":42,"turns":3},{"damage":0,"enemies":"Maw","floor":45,"turns":3},{"damage":0,"enemies":"Nemesis","floor":47,"turns":3},{"damage":0,"enemies":"3 Darklings","floor":48,"turns":3},{"damage":22,"enemies":"Awakened One","floor":50,"turns":6},{"damage":0,"enemies":"Shield and Spear","floor":54,"turns":3},{"damage":75,"enemies":"The Heart","floor":55,"turns":5}],"seed_played":"5239492612327639276","potions_obtained":[],"is_trial":false,"path_per_floor":["M","M","M","M","M","E","R","E","T","R","?","M","M","T","R","B",null,"M","?","?","?","M","R","M","R","T","R","?","?","E","M","R","B",null,"M","?","?","$","M","R","M","E","T","?","M","R","E","M","R","B",null,"R","$","E","B"],"character_chosen":"DEFECT","items_purchased":["Omamori","Scrape","Vajra","Violence"],"campfire_rested":0,"item_purchase_floors":[38,38,38,53],"current_hp_per_floor":[75,73,72,69,65,52,52,52,52,52,45,45,44,44,44,28,75,65,65,65,65,65,65,63,63,63,63,58,58,47,47,47,34,75,75,75,75,75,75,75,75,57,57,57,57,57,57,57,57,35,75,75,75,75,0,0],"gold":508,"neow_bonus":"BOSS_RELIC","is_daily":false,"chose_seed":false,"campfire_upgraded":10,"win_rate":0.0,"timestamp":1613402407,"path_taken":["M","?","M","M","M","E","R","E","T","R","?","M","M","?","R","BOSS","M","?","?","?","M","R","M","R","T","R","?","?","E","M","R","BOSS","M","?","?","?","M","R","M","E","T","?","?","R","E","M","R","BOSS","R","$","E","BOSS"],"items_purchased_type":["Relic","Card","Relic","Card"],"build_version":"2020-12-22","purchased_purges":1,"victory":false,"max_hp_per_floor":[75,75,75,75,75,75,75,75,75,75,75,75,75,75,75,75,75,75,75,75,75,75,75,75,75,75,75,75,75,75,75,75,75,75,75,75,75,75,75,75,75,75,75,75,75,75,75,75,75,75,75,75,75,75,75,75],"card_choices":[{"not_picked":["Turbo","Conserve Battery"],"picked":"Doom and Gloom","floor":1},{"not_picked":["Storm","Coolheaded"],"picked":"Ball Lightning","floor":2},{"not_picked":["Steam","Tempest"],"picked":"Leap","floor":3},{"not_picked":["Streamline","Redo"],"picked":"Skim","floor":4},{"not_picked":["Compile Driver","Turbo"],"picked":"Buffer","floor":5},{"not_picked":["Steam Power","Streamline"],"picked":"Seek","floor":6},{"not_picked":["Compile Driver","Steam","Cold Snap"],"picked":"SKIP","floor":8},{"not_picked":["Conserve Battery","Streamline","Rip and Tear"],"picked":"SKIP","floor":12},{"not_picked":["Beam Cell","Leap","Redo"],"picked":"SKIP","floor":13},{"not_picked":["All For One","Biased Cognition"],"picked":"Machine Learning","floor":16},{"not_picked":["Go for the Eyes","Auto Shields"],"picked":"FTL","floor":18},{"not_picked":["Stack","Conserve Battery"],"picked":"Gash","floor":22},{"not_picked":["Cold Snap","Rebound"],"picked":"Gash+1","floor":24},{"not_picked":["Conserve Battery","Leap"],"picked":"Gash","floor":30},{"not_picked":["Cold Snap+1","Auto Shields+1"],"picked":"Gash+1","floor":31},{"not_picked":["Ball Lightning","Chaos","Steam+1"],"picked":"SKIP","floor":35},{"not_picked":["Streamline","Ball Lightning+1"],"picked":"Scrape","floor":37},{"not_picked":["Amplify","Glacier+1"],"picked":"Gash","floor":39},{"not_picked":["Steam","Conserve Battery","Barrage"],"picked":"SKIP","floor":41},{"not_picked":["Coolheaded","Hologram"],"picked":"Beam Cell+1","floor":42},{"not_picked":["BootSequence+1","Compile Driver+1","Self Repair"],"picked":"SKIP","floor":45},{"not_picked":["Streamline","Self Repair+1","Beam Cell"],"picked":"SKIP","floor":47},{"not_picked":["Compile Driver","Heatsinks"],"picked":"Buffer","floor":48},{"not_picked":["Streamline","Genetic Algorithm+1"],"picked":"Go for the Eyes+1","floor":54}],"player_experience":547558,"relics_obtained":[{"floor":6,"key":"Art of War"},{"floor":8,"key":"Bag of Preparation"},{"floor":9,"key":"Whetstone"},{"floor":26,"key":"White Beast Statue"},{"floor":28,"key":"Red Mask"},{"floor":30,"key":"Boot"},{"floor":37,"key":"Ginger"},{"floor":42,"key":"Bronze Scales"},{"floor":43,"key":"Nunchaku"},{"floor":47,"key":"DataDisk"},{"floor":54,"key":"Bag of Marbles"}],"event_choices":[{"cards_removed":["Strike_B"],"damage_healed":0,"gold_gain":0,"player_choice":"Card Removal","damage_taken":7,"max_hp_gain":0,"max_hp_loss":0,"event_name":"Golden Wing","floor":11,"gold_loss":0},{"damage_healed":0,"gold_gain":0,"player_choice":"Ignored","damage_taken":0,"max_hp_gain":0,"max_hp_loss":0,"event_name":"Ghosts","floor":19,"gold_loss":0},{"damage_healed":0,"gold_gain":0,"player_choice":"Ignored","damage_taken":0,"max_hp_gain":0,"max_hp_loss":0,"event_name":"Vampires","floor":20,"gold_loss":0},{"damage_healed":0,"gold_gain":0,"player_choice":"Read","damage_taken":0,"max_hp_gain":0,"max_hp_loss":0,"event_name":"The Library","floor":21,"gold_loss":0,"cards_obtained":["Scrape"]},{"damage_healed":0,"gold_gain":0,"player_choice":"Fought Bandits","damage_taken":0,"max_hp_gain":0,"max_hp_loss":0,"event_name":"Masked Bandits","floor":28,"gold_loss":0},{"damage_healed":0,"gold_gain":0,"player_choice":"Simplicity","damage_taken":0,"max_hp_gain":0,"max_hp_loss":0,"event_name":"Back to Basics","floor":29,"gold_loss":0,"cards_upgraded":["Strike_B","Strike_B","Defend_B","Defend_B","Defend_B","Defend_B"]},{"cards_removed":["Doom and Gloom"],"damage_healed":0,"gold_gain":0,"player_choice":"Removed Attack","damage_taken":0,"max_hp_gain":0,"max_hp_loss":0,"event_name":"Falling","floor":36,"gold_loss":0},{"damage_healed":0,"gold_gain":0,"player_choice":"Fight","damage_taken":0,"max_hp_gain":0,"max_hp_loss":0,"event_name":"Mysterious Sphere","floor":37,"gold_loss":0},{"damage_healed":0,"gold_gain":275,"player_choice":"Desecrate","damage_taken":0,"max_hp_gain":0,"max_hp_loss":0,"event_name":"Golden Shrine","floor":44,"gold_loss":0,"cards_obtained":["Regret"]}],"is_beta":false,"boss_relics":[{"not_picked":["Tiny House","Black Star"],"picked":"Nuclear Battery"},{"not_picked":["Busted Crown","Runic Dome"],"picked":"Astrolabe"}],"items_purged_floors":[53],"is_endless":false,"potions_floor_spawned":[2,4,8,12,16,22,28,30,31,33,35,37,39,41,42,45,47,48,54],"killed_by":"The Heart","ascension_level":0}}