{"host":"lg1lbglystyxcosi","time":1613370876,"event":{"mods":["AchievementEnabler","BaseMod","Better Third Choice","BetterRewards","Colored Powertips","Minty Spire (QoL Compilation)","Quick Restart","Shop Mod","StSLib","The Cursed","¡¾ÒÅÎï¿¨ÅÆ¡¿REMEMod"],"gold_per_floor":[117,56,74,1,1,34,34,34,34,34,44,4,24,34,34,129,129,144,157,62,62,62,62,62,62,62,73,73,108,108,125,125,220,220,233,157,171,171,191,191,141,141,141,141,161,181,236,236,236,236],"floor_reached":51,"language":"ZHS","playtime":2785,"items_purged":["TheCursedMod:Strike_TheCursed","TheCursedMod:Defend_TheCursed+1"],"score":663,"play_id":"62fc2bbe-6e93-47eb-819b-8f616921a197","local_time":"20210215143436","is_ascension_mode":false,"campfire_choices":[{"floor":10.0,"key":"REST"},{"data":"TheCursedMod:DemonicPact","floor":15.0,"key":"SMITH"},{"data":"REME_HeartOfCthun","floor":23.0,"key":"SMITH"},{"floor":32.0,"key":"REST"},{"data":"Apotheosis","floor":40.0,"key":"SMITH"},{"data":"TheCursedMod:VoidForm","floor":42.0,"key":"SMITH"},{"data":"TheCursedMod:CursedBlade","floor":44.0,"key":"SMITH"},{"data":"REME_EyeOfCthun","floor":49,"key":"SMITH"}],"circlet_count":0,"master_deck":["TheCursedMod:Strike_TheCursed+1","TheCursedMod:Strike_TheCursed+1","TheCursedMod:Defend_TheCursed+1","TheCursedMod:Defend_TheCursed+1","TheCursedMod:Defend_TheCursed+1","TheCursedMod:CursedWand","TheCursedMod:CleanUpWorkshop+1","TheCursedMod:Dregs","TheCursedMod:DemonicPact+1","TheCursedMod:CursedBlade+1","TheCursedMod:CursedBlade","TheCursedMod:RapidMovement","TheCursedMod:BlessingInDisguise","TheCursedMod:WearCloak","TheCursedMod:CursedRelics","REME_MawOfCthun","REME_HeartOfCthun+1","Shame","TheCursedMod:HellfireBreathing","REME_EyeOfCthun+1","TheCursedMod:VoidForm+1","Apotheosis+1","Enlightenment+1","TheCursedMod:LuckyCharm","Doubt"],"relics":["TheCursedMod:BlackMagic101","REME_ComplimentaryCards","Eternal Feather","Membership Card","Turnip","Vajra","Art of War","Bottled Flame","REME_LowDesire","Juzu Bracelet","Orichalcum","Pantograph","Prayer Wheel","Pear","InkBottle","REME_HourglassOfDeath","TheCursedMod:FourLeafCloverCharm","Lantern","Mummified Hand","Du-Vu Doll"],"acts_visited":["Exordium","TheCity","TheBeyond"],"potions_floor_usage":[47],"damage_taken":[{"damage":0.0,"enemies":"Small Slimes","floor":1.0,"turns":3.0},{"damage":6.0,"enemies":"Jaw Worm","floor":3.0,"turns":4.0},{"damage":10.0,"enemies":"Lagavulin","floor":6.0,"turns":9.0},{"damage":0.0,"enemies":"Cultist","floor":11.0,"turns":3.0},{"damage":0.0,"enemies":"Looter","floor":13.0,"turns":3.0},{"damage":0.0,"enemies":"2 Fungi Beasts","floor":14.0,"turns":2.0},{"damage":22.0,"enemies":"The Guardian","floor":16.0,"turns":21.0},{"damage":10.0,"enemies":"2 Thieves","floor":18.0,"turns":4.0},{"damage":0.0,"enemies":"Chosen","floor":19.0,"turns":7.0},{"damage":0.0,"enemies":"Snake Plant","floor":27.0,"turns":5.0},{"damage":14.0,"enemies":"Book of Stabbing","floor":29.0,"turns":7.0},{"damage":12.0,"enemies":"Cultist and Chosen","floor":31.0,"turns":7.0},{"damage":25.0,"enemies":"Collector","floor":33.0,"turns":9.0},{"damage":33.0,"enemies":"Orb Walker","floor":35.0,"turns":5.0},{"damage":6.0,"enemies":"3 Shapes","floor":37.0,"turns":2.0},{"damage":12.0,"enemies":"Writhing Mass","floor":39.0,"turns":7.0},{"damage":20.0,"enemies":"Sphere and 2 Shapes","floor":45.0,"turns":4.0},{"damage":11.0,"enemies":"Spire Growth","floor":46.0,"turns":4.0},{"damage":21,"enemies":"2 Orb Walkers","floor":47,"turns":3},{"damage":72,"enemies":"Donu and Deca","floor":50,"turns":7}],"seed_played":"5348486091342219084","potions_obtained":[{"floor":3.0,"key":"FairyPotion"},{"floor":6.0,"key":"FearPotion"},{"floor":13.0,"key":"EssenceOfSteel"},{"floor":16.0,"key":"DistilledChaos"},{"floor":29.0,"key":"Fruit Juice"},{"floor":39.0,"key":"SteroidPotion"}],"is_trial":false,"path_per_floor":["M","$","M","$","?","E","?","?","T","R","M","$","M","M","R","B",null,"M","M","$","?","?","R","?","?","T","M","?","E","T","M","R","B",null,"M","$","M","?","M","R","$","R","T","R","M","M","?","?","R","B",null],"character_chosen":"THE_CURSED","items_purchased":["Eternal Feather","TheCursedMod:CursedBlade","Membership Card","TheCursedMod:RapidMovement","Vajra","TheCursedMod:BlessingInDisguise","REME_HeartOfCthun","Lantern"],"campfire_rested":2,"item_purchase_floors":[0,0,0,2,4,12,20,36],"current_hp_per_floor":[51,51,45,45,30,20,13,38,38,66,66,66,66,66,75,53,75,65,65,65,65,51,60,60,60,70,70,70,56,56,44,83,70,95,62,62,56,56,44,56,56,68,68,80,60,49,28,95,95,23],"gold":236,"neow_bonus":"","is_daily":false,"chose_seed":false,"campfire_upgraded":6,"win_rate":0.0,"timestamp":1613370876,"path_taken":["M","$","M","$","?","E","?","?","T","R","M","?","M","?","R","BOSS","M","M","$","?","?","R","?","?","T","M","?","E","?","M","R","BOSS","M","$","M","?","M","R","$","R","T","R","M","M","?","?","R","BOSS"],"items_purchased_type":["Relic","Card","Relic","Card","Relic","Card","Card","Relic"],"build_version":"2020-12-22","purchased_purges":2,"victory":true,"max_hp_per_floor":[75,75,75,75,75,75,75,75,75,75,75,75,75,75,75,75,75,75,75,75,75,80,80,80,80,90,90,90,90,90,90,90,95,95,95,95,95,95,95,95,95,95,95,95,95,95,95,95,95,95],"card_choices":[{"not_picked":["TheCursedMod:FleshFromBone","TheCursedMod:CircleOfCorruption"],"picked":"TheCursedMod:CursedBlade","floor":1.0},{"not_picked":["TheCursedMod:CursedShiv","TheCursedMod:CircleOfFlame","TheCursedMod:Obscuration"],"picked":"SKIP","floor":3.0},{"not_picked":["TheCursedMod:HellsGateOpen","TheCursedMod:TacticalStrike","TheCursedMod:CursedSpellbook"],"picked":"SKIP","floor":6.0},{"not_picked":["TheCursedMod:CircleOfFlame","TheCursedMod:CircleOfFocus","TheCursedMod:WearCloak"],"picked":"SKIP","floor":11.0},{"not_picked":["TheCursedMod:Wield","TheCursedMod:CursedShiv","TheCursedMod:CursedStaff"],"picked":"SKIP","floor":13.0},{"not_picked":["TheCursedMod:TroublousMinions","TheCursedMod:SpitefulPray"],"picked":"TheCursedMod:WearCloak","floor":14.0},{"not_picked":["TheCursedMod:AntiAging","TheCursedMod:ManaCirculation"],"picked":"TheCursedMod:CursedRelics","floor":16.0},{"not_picked":["TheCursedMod:ManaBullet","TheCursedMod:SurpriseAttack","TheCursedMod:RapidMovement+1"],"picked":"REME_MawOfCthun","floor":18.0},{"not_picked":["TheCursedMod:TacticalStrike","TheCursedMod:SurpriseAttack","TheCursedMod:DemonicPact","Jack Of All Trades+1"],"picked":"SKIP","floor":19.0},{"not_picked":["TheCursedMod:CircleOfFlame","TheCursedMod:Stretching","Mind Blast"],"picked":"TheCursedMod:HellfireBreathing","floor":27.0},{"not_picked":["TheCursedMod:Obscuration+1","TheCursedMod:SpitefulStrike+1","TheCursedMod:CursedBlade","Madness"],"picked":"SKIP","floor":27.0},{"not_picked":["TheCursedMod:Stigma","TheCursedMod:SoulCrush","TheCursedMod:CircleOfWindfury"],"picked":"REME_EyeOfCthun","floor":29.0},{"not_picked":["TheCursedMod:SurpriseAttack+1","TheCursedMod:CursedAmulet+1","Finesse"],"picked":"TheCursedMod:VoidForm","floor":31.0},{"not_picked":["TheCursedMod:ReleasedStrength+1","TheCursedMod:CursedArmor+1","TheCursedMod:SurpriseAttack","Deep Breath"],"picked":"SKIP","floor":31.0},{"not_picked":["TheCursedMod:SpitefulStrike+1","TheCursedMod:CursedShiv+1","TheCursedMod:RavingStaff","Mayhem"],"picked":"SKIP","floor":35.0},{"not_picked":["TheCursedMod:AntiAging","TheCursedMod:SpitefulStrike+1","TheCursedMod:RapidMovement","Finesse+1"],"picked":"SKIP","floor":35.0},{"not_picked":["TheCursedMod:RapidMovement","TheCursedMod:ReleasedStrength","TheCursedMod:ReleasedKnowledge+1","Blind"],"picked":"SKIP","floor":37.0},{"not_picked":["TheCursedMod:SurpriseAttack","TheCursedMod:SpreadPlague","TheCursedMod:BlessingInDisguise+1","Panacea+1"],"picked":"SKIP","floor":37.0},{"not_picked":["REME_EyeOfCthun","Enlightenment"],"picked":"Apotheosis","floor":38.0},{"not_picked":["TheCursedMod:SmokeScreen+1","TheCursedMod:CursedAmulet+1","TheCursedMod:DoubleShield"],"picked":"Enlightenment+1","floor":39.0},{"not_picked":["TheCursedMod:VitalStrike+1","TheCursedMod:CursedShiv","TheCursedMod:SmokeScreen+1","Purity+1"],"picked":"SKIP","floor":39.0},{"not_picked":["TheCursedMod:Torture","TheCursedMod:TroublousMinions+1","TheCursedMod:SpitefulStrike+1","Chrysalis"],"picked":"SKIP","floor":45.0},{"not_picked":["TheCursedMod:DarkBarrier","TheCursedMod:CursedBlade+1","TheCursedMod:CircleOfFlame+1","REME_FirmDetermination"],"picked":"SKIP","floor":45.0},{"not_picked":["TheCursedMod:SurpriseAttack","TheCursedMod:Wield","Secret Technique"],"picked":"TheCursedMod:LuckyCharm","floor":46.0},{"not_picked":["TheCursedMod:CursedMace+1","TheCursedMod:RapidMovement","TheCursedMod:Stigma+1","Dramatic Entrance+1"],"picked":"SKIP","floor":46.0}],"player_experience":264979,"relics_obtained":[{"floor":6.0,"key":"Art of War"},{"floor":9.0,"key":"Bottled Flame"},{"floor":17.0,"key":"Juzu Bracelet"},{"floor":17.0,"key":"Orichalcum"},{"floor":26.0,"key":"Pear"},{"floor":29.0,"key":"InkBottle"},{"floor":30.0,"key":"REME_HourglassOfDeath"},{"floor":43.0,"key":"Mummified Hand"},{"floor":47,"key":"Du-Vu Doll"}],"event_choices":[{"damage_healed":45.0,"max_hp_gain":0.0,"max_hp_loss":75.0,"gold_gain":0.0,"event_name":"betterThird:BetterShining","player_choice":"Upgrade","floor":5.0,"gold_loss":0.0,"damage_taken":15.0,"cards_upgraded":["TheCursedMod:Defend_TheCursed","TheCursedMod:CleanUpWorkshop"]},{"cards_removed":["TheCursedMod:Strike_TheCursed"],"damage_healed":0.0,"max_hp_gain":0.0,"max_hp_loss":0.0,"gold_gain":0.0,"event_name":"Golden Wing","player_choice":"Card Removal","floor":7.0,"gold_loss":0.0,"damage_taken":7.0},{"damage_healed":25.0,"max_hp_gain":0.0,"max_hp_loss":0.0,"gold_gain":0.0,"event_name":"Big Fish","player_choice":"Banana","floor":8.0,"gold_loss":0.0,"damage_taken":0.0},{"damage_healed":0.0,"max_hp_gain":0.0,"max_hp_loss":0.0,"gold_gain":0.0,"event_name":"Addict","player_choice":"Stole Relic","floor":21.0,"gold_loss":0.0,"damage_taken":0.0,"relics_obtained":["Pantograph"],"cards_obtained":["Shame"]},{"damage_healed":0.0,"max_hp_gain":5.0,"max_hp_loss":0.0,"gold_gain":0.0,"event_name":"Forgotten Altar","player_choice":"Shed Blood","floor":22.0,"gold_loss":0.0,"damage_taken":19.0},{"damage_healed":0.0,"max_hp_gain":0.0,"max_hp_loss":0.0,"gold_gain":0.0,"event_name":"The Mausoleum","player_choice":"Opened","floor":24.0,"gold_loss":0.0,"damage_taken":0.0,"relics_obtained":["Prayer Wheel"]},{"damage_healed":0.0,"max_hp_gain":0.0,"max_hp_loss":0.0,"gold_gain":0.0,"event_name":"Vampires","player_choice":"Ignored","floor":25.0,"gold_loss":0.0,"damage_taken":0.0},{"damage_healed":0.0,"max_hp_gain":0.0,"max_hp_loss":5.0,"gold_gain":0.0,"event_name":"betterThird:BetterWriting","player_choice":"Simplicity","floor":28.0,"gold_loss":0.0,"damage_taken":0.0},{"damage_healed":0.0,"max_hp_gain":0.0,"max_hp_loss":0.0,"gold_gain":0.0,"event_name":"SensoryStone","player_choice":"Memory 1","floor":38.0,"gold_loss":0.0,"damage_taken":0.0},{"damage_healed":0,"gold_gain":0,"player_choice":"Fight","damage_taken":0,"max_hp_gain":0,"max_hp_loss":0,"event_name":"Mysterious Sphere","floor":47,"gold_loss":0},{"damage_healed":67,"gold_gain":0,"player_choice":"Heal","damage_taken":0,"max_hp_gain":0,"max_hp_loss":0,"event_name":"MindBloom","floor":48,"gold_loss":0,"cards_obtained":["Doubt"]}],"is_beta":false,"boss_relics":[{"not_picked":["Velvet Choker","Philosopher\u0027s Stone"],"picked":"REME_LowDesire"},{"not_picked":["SlaversCollar","Coffee Dripper"],"picked":"TheCursedMod:FourLeafCloverCharm"}],"items_purged_floors":[2,41],"is_endless":false,"potions_floor_spawned":[3,6,13,14,16,18,29,39],"ascension_level":0}}