{"host":"mq3ujo75gqb6jwby","time":1613380960,"event":{"mods":["BaseMod","BetterRewards","Colored Map","Downfall","Minty Spire (QoL Compilation)","Permanent Neow","Quick Restart","Relic Stats","StSLib","everything is the same but u backflip on backflip"],"gold_per_floor":[99,111,131,143,143,174,228,228,228,228,228,228],"floor_reached":10,"language":"ENG","playtime":632,"items_purged":[],"score":73,"play_id":"0b1ca670-916b-4d92-97ce-2354614c2231","local_time":"20210215102240","is_ascension_mode":true,"campfire_choices":[{"data":"Guardian:TwinSlam","floor":1,"key":"SMITH"}],"circlet_count":0,"master_deck":["Guardian:Strike_Guardian","Guardian:Strike_Guardian+1","Guardian:Strike_Guardian","Guardian:Defend_Guardian","Guardian:Defend_Guardian+1","Guardian:Defend_Guardian","Guardian:CurlUp+1","Guardian:TwinSlam+1","Guardian:PrismaticBarrier","Guardian:Gem_White","Guardian:Gem_Cyan","Guardian:Gem_Crimson","Guardian:Gem_Blue","downfall:Malfunctioning"],"relics":["Guardian:ModeShifter","downfall:BrokenWingStatue","Vajra","Guardian:PickAxe"],"acts_visited":["Exordium"],"potions_floor_usage":[8],"damage_taken":[{"damage":4,"enemies":"Small Slimes","floor":2,"turns":3},{"damage":7,"enemies":"Jaw Worm","floor":3,"turns":4},{"damage":1,"enemies":"Cultist","floor":4,"turns":4},{"damage":42,"enemies":"3 Sentries","floor":6,"turns":12},{"damage":7,"enemies":"3 Sentries","floor":8,"turns":6},{"damage":20,"enemies":"Lagavulin","floor":10,"turns":7}],"seed_played":"-2373046386963762184","potions_obtained":[{"floor":3,"key":"Guardian:AcceleratePotion"},{"floor":6,"key":"Regen Potion"}],"is_trial":false,"path_per_floor":["R","M","M","M","?","E","T","?","?","E"],"character_chosen":"GUARDIAN","items_purchased":[],"campfire_rested":0,"item_purchase_floors":[],"current_hp_per_floor":[72,68,61,60,60,18,18,20,20,0,0,0],"gold":228,"neow_bonus":"REMOVE_TWO","is_daily":false,"chose_seed":false,"campfire_upgraded":1,"win_rate":0.0,"timestamp":1613380960,"path_taken":["R","M","M","M","?","E","T","?","?","E"],"items_purchased_type":[],"build_version":"2020-12-22","purchased_purges":0,"victory":false,"max_hp_per_floor":[72,72,72,72,72,72,72,72,72,72,72,72],"relic_stats":{"counters":[6,36],"obtain_stats":[{"Guardian:PickAxe":8,"downfall:BrokenWingStatue":5,"Guardian:ModeShifter":0,"Vajra":6},{"Guardian:PickAxe":5,"downfall:BrokenWingStatue":3,"Guardian:ModeShifter":0,"Vajra":4},{"Guardian:PickAxe":29,"downfall:BrokenWingStatue":11,"Guardian:ModeShifter":0,"Vajra":23}]},"card_choices":[{"not_picked":["Guardian:RollAttack","Guardian:Gem_Red"],"picked":"Guardian:PrismaticBarrier","floor":2},{"not_picked":["Guardian:PrimingBeam","Guardian:Suspension"],"picked":"Guardian:Gem_White","floor":3},{"not_picked":["Guardian:CrystalBeam","Guardian:WalkerClaw","Guardian:Repulse"],"picked":"SKIP","floor":4},{"not_picked":["Guardian:DecasProtection","Guardian:Suspension"],"picked":"Guardian:Gem_Cyan","floor":6}],"player_experience":765178,"relics_obtained":[{"floor":6,"key":"Vajra"}],"event_choices":[],"is_beta":false,"boss_relics":[],"items_purged_floors":[],"is_endless":false,"potions_floor_spawned":[3,6],"killed_by":"Lagavulin","ascension_level":2}}