{"host":"8t5dkgm85abdp22d","time":1613374144,"event":{"mods":["Act Like it!","BaseMod","Colored Powertips","Gensokyo","Hallownest","Lobotomy","LobotomyExtend","Luminous","Marisa£®ÏF”Í°°ƒß¿Ì…≥£©","Minty Spire (QoL Compilation)","Prisma Mod","Reimu£®≤©¿ˆ¡È√Œ£©","Reliquary","Ryuuou¡˙Õı","SIMod","StSLib","The Bug Knight","TheWitcher","UnlockEverythingMod","Waifu the Spire","Yakumo Yukari mod","°æ“≈ŒÔø®≈∆°øREMEMod"],"gold_per_floor":[120,120,134,144,158,186,186,197,197,105,105,123,123,123,123,223,223,242,242,259,276,45,59,59,92,92,92,92,118,143,162,162,266,266,279,279,298,309,320,320,352,352,352,368,386,386,414,414,414,414,414],"floor_reached":52,"language":"ZHS","playtime":1697,"items_purged":["SpecialBullet"],"score":830,"play_id":"5bebe5b4-b672-450b-a73f-a9a1e1fdae7e","local_time":"20210215152904","is_ascension_mode":true,"campfire_choices":[{"data":"LifeForTheDareDevil","floor":24,"key":"SMITH"},{"data":"Twilight","floor":49,"key":"SMITH"}],"circlet_count":0,"master_deck":["SpecialBullet","SpecialBullet","SpecialBullet","SpecialBullet","SpecialBullet","SpecialBullet","InformationCode","TrainingCode","ExtractionCode","ScreamingWedge","Logging","Penitence","CENSORED_ego","Twilight+1","SecurityCode","Adoration","WristCuter","Diffraction+1","LifeForTheDareDevil+1","Soda+1","Twilight","DisciplinaryCode","CENSORED_ego","Christmas+1"],"relics":["REME_ComplimentaryCards","Sozu","LetterFromLob","reliquary:PurpleTingedLeaf","Oddly Smooth Stone","RedLine:ReiMu","Ice Cream","Orichalcum","WingedGreaves","reliquary:BallBearing","Tiny Chest","reliquary:SilkGlove","REME_ChargedStone","Hallownest:HeavyBlowRelic","Tea:ReiMu","reliquary:TridentHead","Smiling Mask","Bag of Preparation"],"acts_visited":["Exordium","Exordium","Gensokyo:Gensokyoer"],"potions_floor_usage":[],"damage_taken":[{"damage":0.0,"enemies":"Cultist","floor":1.0,"turns":2.0},{"damage":11.0,"enemies":"Jaw Worm","floor":3.0,"turns":2.0},{"damage":10.0,"enemies":"Small Slimes","floor":4.0,"turns":2.0},{"damage":12.0,"enemies":"Blue Slaver","floor":5.0,"turns":3.0},{"damage":18.0,"enemies":"3 Sentries","floor":6.0,"turns":8.0},{"damage":2.0,"enemies":"Exordium Wildlife","floor":8.0,"turns":4.0},{"damage":1.0,"enemies":"Large Slime","floor":12.0,"turns":4.0},{"damage":24.0,"enemies":"Slime Boss","floor":16.0,"turns":6.0},{"damage":0.0,"enemies":"Gensokyo:2_Gloops","floor":18.0,"turns":3.0},{"damage":4,"enemies":"Gensokyo:CosmicMonolith","floor":20,"turns":3},{"damage":27,"enemies":"Gensokyo:3_Gloops","floor":21,"turns":7},{"damage":10,"enemies":"Gensokyo:Wraith","floor":23,"turns":3},{"damage":6,"enemies":"Gensokyo:Tenshi","floor":25,"turns":2},{"damage":0,"enemies":"Gensokyo:Koishi","floor":29,"turns":3},{"damage":6,"enemies":"Gensokyo:Tenshi","floor":30,"turns":2},{"damage":0,"enemies":"Gensokyo:Chomper_and_Gloop","floor":31,"turns":3},{"damage":14,"enemies":"Gensokyo:Kaguya","floor":33,"turns":5},{"damage":3,"enemies":"Hallownest:2_Littles","floor":35,"turns":3},{"damage":3,"enemies":"Hallownest:3_Siblings","floor":37,"turns":3},{"damage":15,"enemies":"Hallownest:monsterPrimalAspid","floor":38,"turns":3},{"damage":0,"enemies":"Hallownest:Shield_Sturdy","floor":39,"turns":3},{"damage":4,"enemies":"Hallownest:StalkingDevout","floor":41,"turns":3},{"damage":0,"enemies":"Hallownest:Xero_Hu_Marmu","floor":44,"turns":3},{"damage":7,"enemies":"Hallownest:monsterPrimalAspid","floor":45,"turns":2},{"damage":24,"enemies":"Hallownest:eliteCollector","floor":47,"turns":5},{"damage":6,"enemies":"Hallownest:Radiance","floor":50,"turns":6}],"seed_played":"3832107228219125975","potions_obtained":[],"is_trial":false,"path_per_floor":["M","?","M","M","M","E","R","M","T","?","R","M","R","$","R","B",null,"M","?","M","M","$","M","R","E","T","R","R","E","E","M","R","B",null,"M","?","M","M","M","R","E","R","T","M","M","R","E","T","R","B",null,null],"character_chosen":"Angela","items_purchased":["Orichalcum"],"campfire_rested":0,"item_purchase_floors":[22],"current_hp_per_floor":[70,70,59,49,37,19,19,17,17,17,17,25,25,25,25,10,70,70,70,70,51,51,50,50,45,45,45,45,46,41,43,43,33,70,68,68,68,56,59,59,59,59,59,64,57,57,38,38,38,38,38],"gold":414,"neow_bonus":"BOSS_RELIC","is_daily":false,"chose_seed":false,"campfire_upgraded":2,"win_rate":0.0,"timestamp":1613374144,"path_taken":["M","?","?","M","M","E","R","M","T","?","R","M","R","$","R","BOSS","M","?","M","?","$","M","R","E","T","R","R","E","E","M","R","BOSS","M","?","?","?","M","R","E","R","T","M","M","R","E","?","R","BOSS"],"items_purchased_type":["Relic"],"build_version":"2020-12-22","purchased_purges":1,"victory":true,"max_hp_per_floor":[70,70,70,70,70,70,70,70,70,70,70,70,70,70,70,70,70,70,70,70,70,70,70,70,70,70,70,70,70,70,70,70,70,70,70,70,70,70,70,70,70,70,70,70,70,70,70,70,70,70,70],"card_choices":[{"not_picked":["Pleasure","MagicBullet"],"picked":"SKIP","floor":1.0},{"not_picked":["ShedSkin","BlueScar"],"picked":"SKIP","floor":1.0},{"not_picked":["Horn"],"picked":"Logging","floor":3.0},{"not_picked":["Beak","SomewhereSpear"],"picked":"SKIP","floor":3.0},{"not_picked":["Gaze"],"picked":"Penitence","floor":4.0},{"not_picked":["Loneliness","TodaysExpression"],"picked":"SKIP","floor":4.0},{"not_picked":["Lantern","ShedSkin"],"picked":"SKIP","floor":5.0},{"not_picked":["Lantern","Regret_ego"],"picked":"SKIP","floor":5.0},{"not_picked":["Ecstasy"],"picked":"CENSORED_ego","floor":6.0},{"not_picked":["RapturousDream"],"picked":"Twilight","floor":6.0},{"not_picked":["SomewhereSpear","Soda"],"picked":"SKIP","floor":8.0},{"not_picked":["Penitence","Harvest"],"picked":"SKIP","floor":8.0},{"not_picked":["ShedSkin","Heaven"],"picked":"SKIP","floor":12.0},{"not_picked":["RedEyes","ShedSkin"],"picked":"SKIP","floor":12.0},{"not_picked":["DaCapo"],"picked":"Adoration","floor":16.0},{"not_picked":["Gaze","TodaysExpression"],"picked":"SKIP","floor":18.0},{"not_picked":["GrinderMk4","CUTE+1"],"picked":"SKIP","floor":18.0},{"not_picked":["Horn"],"picked":"WristCuter","floor":20},{"not_picked":["Noise","CUTE"],"picked":"SKIP","floor":20},{"not_picked":["Penitence"],"picked":"Diffraction+1","floor":21},{"not_picked":["Lantern+1","Diffraction"],"picked":"SKIP","floor":21},{"not_picked":["BloodyDesire","FourthMatchFlame+1"],"picked":"LifeForTheDareDevil","floor":23},{"not_picked":["Tough","Ecstasy","CherryBlossom"],"picked":"SKIP","floor":25},{"not_picked":["Harvest","Noise+1","Horn"],"picked":"SKIP","floor":29},{"not_picked":["Lantern","TheSmile"],"picked":"Soda+1","floor":30},{"not_picked":["Lamp","Noise","SolemnVow"],"picked":"SKIP","floor":31},{"not_picked":["TheSmile","Pinks"],"picked":"Twilight","floor":33},{"not_picked":["Loneliness+1","Noise+1","Hypocrisy"],"picked":"SKIP","floor":35},{"not_picked":["CherryBlossom","WristCuter","Beak"],"picked":"SKIP","floor":37},{"not_picked":["TheSmile","SomewhereSpear","BloodyDesire+1"],"picked":"SKIP","floor":38},{"not_picked":["Beak","Regret_ego","RedEyes"],"picked":"SKIP","floor":38},{"not_picked":["CherryBlossom+1","TodaysExpression","BloodyDesire"],"picked":"SKIP","floor":39},{"not_picked":["CherryBlossom+1","TodaysExpression","BloodyDesire"],"picked":"SKIP","floor":39},{"not_picked":["CherryBlossom+1","Harmony"],"picked":"Christmas+1","floor":41},{"not_picked":["FourthMatchFlame+1","Penitence+1","TheSmile"],"picked":"SKIP","floor":44},{"not_picked":["Lantern+1","Amita+1","Noise+1"],"picked":"SKIP","floor":45},{"not_picked":["Hornet","Gaze+1","Regret_ego"],"picked":"SKIP","floor":47},{"not_picked":["RedEyes","Galaxy","TodaysExpression+1"],"picked":"SKIP","floor":47}],"player_experience":168462,"relics_obtained":[{"floor":1.0,"key":"LetterFromLob"},{"floor":6.0,"key":"reliquary:FerryPass"},{"floor":9.0,"key":"reliquary:PurpleTingedLeaf"},{"floor":21,"key":"Ice Cream"},{"floor":25,"key":"WingedGreaves"},{"floor":26,"key":"reliquary:BallBearing"},{"floor":29,"key":"Tiny Chest"},{"floor":30,"key":"reliquary:SilkGlove"},{"floor":41,"key":"Tea:ReiMu"},{"floor":43,"key":"reliquary:TridentHead"},{"floor":47,"key":"Smiling Mask"},{"floor":48,"key":"Bag of Preparation"}],"event_choices":[{"damage_healed":0.0,"max_hp_gain":0.0,"max_hp_loss":0.0,"gold_gain":0.0,"cards_transformed":["SpecialBullet"],"event_name":"Transmorgrifier","player_choice":"Transformed","floor":2.0,"gold_loss":0.0,"damage_taken":0.0,"cards_obtained":["ScreamingWedge"]},{"damage_healed":0.0,"max_hp_gain":0.0,"max_hp_loss":0.0,"gold_gain":0.0,"event_name":"WeMeetAgain","player_choice":"Paid Gold","floor":10.0,"gold_loss":92.0,"damage_taken":0.0,"relics_obtained":["Oddly Smooth Stone"]}],"is_beta":false,"boss_relics":[{"not_picked":["Astrolabe","REME_DuelDisc"],"picked":"RedLine:ReiMu"},{"not_picked":["Snecko Eye","Tiny House"],"picked":"REME_ChargedStone"}],"items_purged_floors":[22],"is_endless":false,"potions_floor_spawned":[1,3,5,12,20,23,25,31,35,37,41,44,45],"ascension_level":1}}