{"host":"0mhttqdumuceah7q","time":1613391925,"event":{"mods":["AchievementEnabler","BaseMod","Colored Map","DeckTracker","Minty Spire (QoL Compilation)","Permanent Neow"],"gold_per_floor":[109,119,137,137,150,150,175,175,200,0,0,0,18,44,44,146,146,157,176,40,57,67,67,87,121,144,162,192,192,211,245,245,346,346,362,379,12,12,12,39,39,70,70,292,292,292,306,65,65,65],"floor_reached":51,"language":"KOR","playtime":2457,"items_purged":["Strike_G","Defend_G","Expertise","Flechettes"],"score":780,"play_id":"a526dcf4-86b1-4ca6-9497-9decdd6f35d6","local_time":"20210215212525","is_ascension_mode":false,"campfire_choices":[{"data":"Cloak And Dagger","floor":6,"key":"SMITH"},{"data":"Blade Dance","floor":8,"key":"SMITH"},{"floor":15,"key":"REST"},{"data":"A Thousand Cuts","floor":23,"key":"SMITH"},{"data":"A Thousand Cuts","floor":29,"key":"SMITH"},{"floor":32,"key":"REST"},{"data":"Panache","floor":41,"key":"SMITH"},{"data":"Caltrops","floor":46,"key":"SMITH"},{"floor":49,"key":"REST"}],"circlet_count":0,"master_deck":["Survivor+1","Neutralize","Blade Dance","Blade Dance+1","Cloak And Dagger+1","Calculated Gamble","A Thousand Cuts+1","Endless Agony","Finisher","Venomology","A Thousand Cuts+1","Endless Agony+1","Panache+1","Dagger Spray+1","Footwork","Blur+1","PiercingWail","Slice","Doppelganger","Unload","Caltrops+1","Backflip","Poisoned Stab","Noxious Fumes","Escape Plan+1","Madness","Madness","Prepared+1","Bandage Up","Bandage Up","Finesse","Outmaneuver+1","Terror"],"relics":["Ring of the Snake","Pocketwatch","Toy Ornithopter","Juzu Bracelet","Membership Card","FaceOfCleric","Potion Belt","Runic Pyramid","Anchor","Snake Skull","Akabeko","Red Mask","Pandora\u0027s Box","Peace Pipe","Lee\u0027s Waffle","War Paint","MealTicket","InkBottle","Kunai"],"acts_visited":["Exordium","TheCity","TheBeyond"],"potions_floor_usage":[7,7,16,19,22,24,24,25,25,28,28,28,33,36,40,42,42,42,42,50,50,50],"damage_taken":[{"damage":0,"enemies":"Jaw Worm","floor":1,"turns":3},{"damage":0,"enemies":"Small Slimes","floor":2,"turns":3},{"damage":1,"enemies":"Cultist","floor":3,"turns":3},{"damage":11,"enemies":"Gremlin Gang","floor":5,"turns":4},{"damage":8,"enemies":"Gremlin Nob","floor":7,"turns":3},{"damage":0,"enemies":"Large Slime","floor":13,"turns":3},{"damage":25,"enemies":"3 Sentries","floor":14,"turns":4},{"damage":20,"enemies":"Slime Boss","floor":16,"turns":8},{"damage":3,"enemies":"3 Byrds","floor":18,"turns":3},{"damage":1,"enemies":"Shell Parasite","floor":19,"turns":2},{"damage":17,"enemies":"Snake Plant","floor":21,"turns":3},{"damage":31,"enemies":"Shelled Parasite and Fungi","floor":22,"turns":4},{"damage":0,"enemies":"3 Cultists","floor":24,"turns":2},{"damage":10,"enemies":"Book of Stabbing","floor":25,"turns":3},{"damage":2,"enemies":"Snecko","floor":27,"turns":3},{"damage":22,"enemies":"Slavers","floor":28,"turns":3},{"damage":0,"enemies":"Centurion and Healer","floor":30,"turns":3},{"damage":6,"enemies":"Masked Bandits","floor":31,"turns":3},{"damage":53,"enemies":"Automaton","floor":33,"turns":8},{"damage":14,"enemies":"3 Shapes","floor":35,"turns":4},{"damage":0,"enemies":"3 Darklings","floor":36,"turns":2},{"damage":30,"enemies":"Giant Head","floor":40,"turns":7},{"damage":57,"enemies":"Nemesis","floor":42,"turns":5},{"damage":21,"enemies":"Writhing Mass","floor":47,"turns":5},{"damage":69,"enemies":"Donu and Deca","floor":50,"turns":6}],"seed_played":"-519222430329227297","potions_obtained":[{"floor":2,"key":"GamblersBrew"},{"floor":3,"key":"Strength Potion"},{"floor":16,"key":"LiquidMemories"},{"floor":21,"key":"Dexterity Potion"},{"floor":22,"key":"DistilledChaos"},{"floor":24,"key":"FearPotion"},{"floor":25,"key":"ColorlessPotion"},{"floor":35,"key":"Regen Potion"},{"floor":36,"key":"CultistPotion"}],"is_trial":false,"path_per_floor":["M","M","M","?","M","R","E","R","T","$","?","?","M","E","R","B",null,"M","M","$","M","M","R","M","E","T","M","E","R","M","?","R","B",null,"M","M","$","?","?","E","R","E","T","?","?","R","M","$","R","B",null],"character_chosen":"THE_SILENT","items_purchased":["Membership Card","Endless Agony","Panache","Peace Pipe","Lee\u0027s Waffle","War Paint","Kunai","Terror"],"campfire_rested":3,"item_purchase_floors":[10,10,20,37,37,37,48,48],"current_hp_per_floor":[49,49,48,48,37,37,29,29,29,29,29,29,30,6,27,13,73,71,75,75,59,34,34,45,46,46,45,39,39,40,35,59,12,84,71,77,93,81,81,57,57,33,33,33,23,23,11,26,54,9],"gold":65,"neow_bonus":"ONE_RARE_RELIC","is_daily":false,"chose_seed":false,"campfire_upgraded":6,"win_rate":0.0,"timestamp":1613391925,"path_taken":["M","M","M","?","M","R","E","R","T","$","?","?","M","E","R","BOSS","M","M","$","M","M","R","M","E","T","M","E","R","M","?","R","BOSS","M","M","$","?","?","E","R","E","T","?","?","R","M","$","R","BOSS"],"items_purchased_type":["Relic","Card","Card","Relic","Relic","Relic","Relic","Card"],"build_version":"2020-12-22","purchased_purges":4,"victory":true,"max_hp_per_floor":[70,70,70,70,70,70,70,70,70,70,70,70,71,72,72,73,73,74,75,75,76,77,77,78,79,79,80,81,81,82,83,83,84,84,85,86,93,93,93,94,94,95,95,95,95,95,96,96,96,97],"card_choices":[{"not_picked":["Poisoned Stab","Acrobatics"],"picked":"Blade Dance","floor":1},{"not_picked":["Flying Knee","Noxious Fumes"],"picked":"Blade Dance","floor":2},{"not_picked":["Underhanded Strike","Expertise"],"picked":"Cloak And Dagger","floor":3},{"not_picked":["Bane","Leg Sweep"],"picked":"Flechettes","floor":5},{"not_picked":["Footwork","Choke"],"picked":"A Thousand Cuts","floor":7},{"not_picked":["Dodge and Roll","Caltrops"],"picked":"Finisher","floor":13},{"not_picked":["Deadly Poison","Flying Knee"],"picked":"Venomology","floor":14},{"not_picked":["Malaise","Glass Knife"],"picked":"A Thousand Cuts","floor":16},{"not_picked":["Dash","Caltrops"],"picked":"Endless Agony+1","floor":18},{"not_picked":["Dagger Throw","Poisoned Stab+1","Catalyst"],"picked":"SKIP","floor":19},{"not_picked":["Noxious Fumes","Dodge and Roll","Underhanded Strike+1"],"picked":"SKIP","floor":21},{"not_picked":["Sucker Punch","Poisoned Stab","Predator+1"],"picked":"SKIP","floor":22},{"not_picked":["Dodge and Roll","Underhanded Strike"],"picked":"Dagger Spray+1","floor":24},{"not_picked":["Dagger Throw+1","Dodge and Roll"],"picked":"Footwork","floor":25},{"not_picked":["A Thousand Cuts","Dagger Spray"],"picked":"Blur","floor":27},{"not_picked":["Sucker Punch","Poisoned Stab","Quick Slash"],"picked":"SKIP","floor":28},{"not_picked":["Slice","Outmaneuver"],"picked":"PiercingWail","floor":30},{"not_picked":["Dagger Spray+1","Backflip+1","Poisoned Stab"],"picked":"SKIP","floor":35},{"not_picked":["Quick Slash","Cloak And Dagger"],"picked":"Escape Plan+1","floor":36},{"not_picked":["Backflip+1","Venomology"],"picked":"Prepared+1","floor":40},{"not_picked":["Eviscerate+1","Outmaneuver","Prepared+1"],"picked":"SKIP","floor":42},{"not_picked":["Jack Of All Trades","PanicButton"],"picked":"Bandage Up","floor":45},{"not_picked":["Thinking Ahead","Magnetism"],"picked":"Bandage Up","floor":45},{"not_picked":["PanicButton","Impatience"],"picked":"Finesse","floor":45},{"not_picked":["Poisoned Stab+1","Deadly Poison+1"],"picked":"Outmaneuver+1","floor":47}],"player_experience":92258,"relics_obtained":[{"floor":7,"key":"Toy Ornithopter"},{"floor":9,"key":"Juzu Bracelet"},{"floor":14,"key":"Potion Belt"},{"floor":25,"key":"Anchor"},{"floor":26,"key":"Snake Skull"},{"floor":28,"key":"Akabeko"},{"floor":31,"key":"Red Mask"},{"floor":42,"key":"MealTicket"},{"floor":43,"key":"InkBottle"}],"event_choices":[{"damage_healed":0,"gold_gain":0,"cards_transformed":["Strike_G"],"player_choice":"Change","damage_taken":0,"max_hp_gain":0,"max_hp_loss":0,"event_name":"Living Wall","floor":4,"gold_loss":0,"cards_obtained":["Calculated Gamble"]},{"damage_healed":0,"gold_gain":0,"player_choice":"Trade","damage_taken":0,"relics_obtained":["FaceOfCleric"],"max_hp_gain":0,"max_hp_loss":0,"event_name":"FaceTrader","floor":11,"gold_loss":0},{"damage_healed":0,"gold_gain":0,"player_choice":"1 cards matched","damage_taken":0,"max_hp_gain":0,"max_hp_loss":0,"event_name":"Match and Keep!","floor":12,"gold_loss":0,"cards_obtained":["Expertise"]},{"damage_healed":0,"gold_gain":0,"player_choice":"Fought Bandits","damage_taken":0,"max_hp_gain":0,"max_hp_loss":0,"event_name":"Masked Bandits","floor":31,"gold_loss":0},{"damage_healed":0,"gold_gain":0,"player_choice":"Embrace Madness","damage_taken":12,"max_hp_gain":0,"max_hp_loss":0,"event_name":"Winding Halls","floor":38,"gold_loss":0,"cards_obtained":["Madness","Madness"]},{"damage_healed":0,"gold_gain":0,"player_choice":"Ignored","damage_taken":0,"max_hp_gain":0,"max_hp_loss":0,"event_name":"SecretPortal","floor":39,"gold_loss":0},{"damage_healed":0,"gold_gain":222,"player_choice":"Wore Mask","damage_taken":0,"max_hp_gain":0,"max_hp_loss":0,"event_name":"Tomb of Lord Red Mask","floor":44,"gold_loss":0},{"damage_healed":0,"gold_gain":0,"player_choice":"Memory 3","damage_taken":10,"max_hp_gain":0,"max_hp_loss":0,"event_name":"SensoryStone","floor":45,"gold_loss":0}],"is_beta":false,"boss_relics":[{"not_picked":["Snecko Eye","Velvet Choker"],"picked":"Runic Pyramid"},{"not_picked":["Ring of the Serpent","Cursed Key"],"picked":"Pandora\u0027s Box"}],"items_purged_floors":[10,20,37,48],"is_endless":false,"potions_floor_spawned":[2,3,16,21,22,24,25,35,36],"ascension_level":0}}