{"host":"h5fgmkg3q5qe8ocv","time":1613431204,"event":{"mods":["AchievementEnabler","BaseMod","Colored Map","Minty Spire (QoL Compilation)"],"gold_per_floor":[111,131,142,153,172,102,121,140,192,192,157,184,197,228,228,330,330,342,342,359,370,387,387,238,256,305,71,90,122,137,137,137,238,238,250,303,303,73,85,85,85,118,118,137,187,187,187,206,206,206],"floor_reached":51,"language":"ENG","playtime":5747,"items_purged":["Backflip"],"score":713,"play_id":"1a560a49-007e-4815-86cb-5182693ff028","local_time":"20210216002004","is_ascension_mode":false,"campfire_choices":[{"data":"Noxious Fumes","floor":10,"key":"SMITH"},{"data":"Dodge and Roll","floor":15,"key":"SMITH"},{"data":"Leg Sweep","floor":23,"key":"SMITH"},{"data":"Well Laid Plans","floor":32,"key":"SMITH"},{"data":"After Image","floor":40,"key":"SMITH"},{"data":"Poisoned Stab","floor":49,"key":"SMITH"}],"circlet_count":0,"master_deck":["Defend_G","Defend_G","Defend_G","Defend_G","Defend_G","Neutralize","Poisoned Stab","Poisoned Stab+1","Deflect","Terror","Noxious Fumes+1","Leg Sweep+1","Dodge and Roll+1","Deflect","Envenom","Acrobatics+1","Bite","Bite","Bite","Bite","Bite","Infinite Blades","Dodge and Roll+1","Well Laid Plans+1","Outmaneuver+1","After Image+1","Backflip+1","Deflect+1","Footwork+1","Bane+1"],"relics":["Ring of the Snake","Oddly Smooth Stone","PreservedInsect","Happy Flower","Coffee Dripper","DollysMirror","Centennial Puzzle","TheAbacus","Ninja Scroll","WristBlade","Prayer Wheel","Omamori","Vajra","Meat on the Bone","Mango"],"acts_visited":["Exordium","TheCity","TheBeyond"],"potions_floor_usage":[5,8,16,16,50,50,50],"damage_taken":[{"damage":2,"enemies":"Cultist","floor":1,"turns":4},{"damage":0,"enemies":"Small Slimes","floor":2,"turns":2},{"damage":1,"enemies":"2 Louse","floor":3,"turns":3},{"damage":6,"enemies":"Looter","floor":4,"turns":3},{"damage":5,"enemies":"Exordium Thugs","floor":5,"turns":4},{"damage":7,"enemies":"Large Slime","floor":7,"turns":5},{"damage":17,"enemies":"Lots of Slimes","floor":8,"turns":4},{"damage":4,"enemies":"3 Sentries","floor":12,"turns":7},{"damage":2,"enemies":"2 Fungi Beasts","floor":13,"turns":4},{"damage":2,"enemies":"Lagavulin","floor":14,"turns":6},{"damage":25,"enemies":"The Guardian","floor":16,"turns":12},{"damage":7,"enemies":"Spheric Guardian","floor":18,"turns":6},{"damage":0,"enemies":"Shell Parasite","floor":20,"turns":8},{"damage":0,"enemies":"Centurion and Healer","floor":21,"turns":7},{"damage":2,"enemies":"3 Cultists","floor":22,"turns":6},{"damage":10,"enemies":"Snake Plant","floor":25,"turns":5},{"damage":5,"enemies":"Snecko","floor":28,"turns":5},{"damage":0,"enemies":"Gremlin Leader","floor":29,"turns":8},{"damage":1,"enemies":"Centurion and Healer","floor":30,"turns":7},{"damage":46,"enemies":"Champ","floor":33,"turns":14},{"damage":1,"enemies":"Orb Walker","floor":35,"turns":4},{"damage":15,"enemies":"2 Orb Walkers","floor":36,"turns":7},{"damage":2,"enemies":"3 Darklings","floor":39,"turns":6},{"damage":12,"enemies":"Giant Head","floor":42,"turns":8},{"damage":10,"enemies":"Spire Growth","floor":44,"turns":5},{"damage":2,"enemies":"Mind Bloom Boss Battle","floor":45,"turns":7},{"damage":10,"enemies":"4 Shapes","floor":48,"turns":6},{"damage":27,"enemies":"Time Eater","floor":50,"turns":14}],"seed_played":"-6036786246453603840","potions_obtained":[{"floor":1,"key":"AttackPotion"},{"floor":2,"key":"Ancient Potion"},{"floor":4,"key":"DuplicationPotion"},{"floor":13,"key":"EssenceOfSteel"},{"floor":14,"key":"Dexterity Potion"},{"floor":22,"key":"Dexterity Potion"},{"floor":25,"key":"FairyPotion"},{"floor":28,"key":"Dexterity Potion"}],"is_trial":false,"path_per_floor":["M","M","M","M","M","$","M","M","T","R","?","E","M","E","R","B",null,"M","?","M","M","M","R","$","M","T","$","M","E","M","?","R","B",null,"M","?","?","$","M","R","?","E","T","M","?","?","?","M","R","B",null],"character_chosen":"THE_SILENT","items_purchased":["Noxious Fumes","DollysMirror","Well Laid Plans","TheAbacus","Omamori"],"campfire_rested":0,"item_purchase_floors":[6,24,27,27,38],"current_hp_per_floor":[75,75,74,68,63,63,56,39,39,39,58,54,52,50,50,25,77,70,53,53,53,53,53,53,49,49,49,53,53,53,53,53,19,53,53,46,46,46,53,53,53,47,47,45,67,67,67,63,63,60],"gold":206,"neow_bonus":"TEN_PERCENT_HP_BONUS","is_daily":false,"chose_seed":false,"campfire_upgraded":6,"win_rate":0.0,"timestamp":1613431204,"path_taken":["M","M","?","M","M","$","M","M","T","R","?","E","M","E","R","BOSS","M","?","M","M","M","R","$","M","T","$","M","E","M","?","R","BOSS","M","?","?","$","M","R","?","E","T","?","?","?","?","?","R","BOSS"],"items_purchased_type":["Card","Relic","Card","Relic","Relic"],"build_version":"2020-12-22","purchased_purges":1,"victory":true,"max_hp_per_floor":[77,77,77,77,77,77,77,77,77,77,77,77,77,77,77,77,77,77,53,53,53,53,53,53,53,53,53,53,53,53,53,53,53,53,53,53,53,53,53,53,53,53,53,53,67,67,67,67,67,67],"card_choices":[{"not_picked":["All Out Attack","Acrobatics"],"picked":"Poisoned Stab","floor":1},{"not_picked":["Flying Knee","Acrobatics"],"picked":"Poisoned Stab","floor":2},{"not_picked":["Acrobatics","Dagger Throw"],"picked":"Deflect","floor":3},{"not_picked":["PiercingWail","Choke"],"picked":"Terror","floor":4},{"not_picked":["Poisoned Stab","Acrobatics","Skewer"],"picked":"SKIP","floor":5},{"not_picked":["Poisoned Stab","Finisher"],"picked":"Leg Sweep","floor":7},{"not_picked":["Glass Knife","Dagger Throw"],"picked":"Dodge and Roll","floor":8},{"not_picked":["Sucker Punch","PiercingWail","Distraction"],"picked":"SKIP","floor":12},{"not_picked":["Poisoned Stab","Dagger Throw"],"picked":"Deflect","floor":13},{"not_picked":["Poisoned Stab","Slice","Eviscerate"],"picked":"SKIP","floor":14},{"not_picked":["Die Die Die","Night Terror"],"picked":"Envenom","floor":16},{"not_picked":["Dagger Throw","Infinite Blades"],"picked":"Acrobatics+1","floor":18},{"not_picked":["Predator","Outmaneuver","Escape Plan"],"picked":"SKIP","floor":20},{"not_picked":["Blade Dance","Finisher"],"picked":"Dash","floor":21},{"not_picked":["Tactician","Deadly Poison"],"picked":"Infinite Blades","floor":22},{"not_picked":["Dodge and Roll","Blade Dance","Dagger Spray"],"picked":"SKIP","floor":25},{"not_picked":["Predator","Prepared","Riddle With Holes"],"picked":"SKIP","floor":28},{"not_picked":["Endless Agony","Poisoned Stab"],"picked":"Backflip","floor":29},{"not_picked":["Dagger Throw","Dash"],"picked":"Outmaneuver+1","floor":30},{"not_picked":["Venomology","Adrenaline"],"picked":"After Image","floor":33},{"not_picked":["Acrobatics","Calculated Gamble+1","Quick Slash+1"],"picked":"SKIP","floor":35},{"not_picked":["Well Laid Plans+1","Acrobatics+1"],"picked":"Backflip+1","floor":36},{"not_picked":["Blade Dance","Escape Plan","Backstab+1"],"picked":"SKIP","floor":39},{"not_picked":["Calculated Gamble","Tactician","Envenom"],"picked":"SKIP","floor":39},{"not_picked":["Blade Dance","Escape Plan","Backstab+1"],"picked":"SKIP","floor":39},{"not_picked":["Calculated Gamble","Tactician","Envenom"],"picked":"SKIP","floor":39},{"not_picked":["Leg Sweep","Slice","Acrobatics"],"picked":"SKIP","floor":42},{"not_picked":["Masterful Stab","Backflip+1"],"picked":"Deflect+1","floor":44},{"not_picked":["Dagger Spray+1","Infinite Blades","Finisher+1"],"picked":"SKIP","floor":44},{"not_picked":["Deadly Poison+1","Outmaneuver+1"],"picked":"Footwork+1","floor":45},{"not_picked":["Acrobatics+1","Blade Dance+1"],"picked":"Bane+1","floor":48},{"not_picked":["Doppelganger","Slice","Sucker Punch"],"picked":"SKIP","floor":48}],"player_experience":29907,"relics_obtained":[{"floor":9,"key":"Oddly Smooth Stone"},{"floor":12,"key":"PreservedInsect"},{"floor":14,"key":"Happy Flower"},{"floor":26,"key":"Centennial Puzzle"},{"floor":29,"key":"Ninja Scroll"},{"floor":36,"key":"Prayer Wheel"},{"floor":42,"key":"Vajra"},{"floor":43,"key":"Meat on the Bone"},{"floor":45,"key":"Mango"}],"event_choices":[{"damage_healed":19,"gold_gain":0,"player_choice":"Healed","damage_taken":0,"max_hp_gain":0,"max_hp_loss":0,"event_name":"The Cleric","floor":11,"gold_loss":35},{"damage_healed":0,"gold_gain":0,"player_choice":"Became a vampire","damage_taken":0,"max_hp_gain":0,"max_hp_loss":24,"event_name":"Vampires","floor":19,"gold_loss":0,"cards_obtained":["Bite","Bite","Bite","Bite","Bite"]},{"cards_removed":["Survivor"],"damage_healed":0,"gold_gain":0,"player_choice":"Offered Basic","damage_taken":0,"max_hp_gain":0,"max_hp_loss":0,"event_name":"Bonfire Elementals","floor":31,"gold_loss":0},{"damage_healed":0,"gold_gain":0,"player_choice":"Fight","damage_taken":0,"max_hp_gain":0,"max_hp_loss":0,"event_name":"Mysterious Sphere","floor":36,"gold_loss":0},{"damage_healed":0,"gold_gain":0,"player_choice":"Ignored","damage_taken":0,"max_hp_gain":0,"max_hp_loss":0,"event_name":"Tomb of Lord Red Mask","floor":37,"gold_loss":0},{"damage_healed":0,"gold_gain":0,"player_choice":"Bought 0 Potions","damage_taken":0,"max_hp_gain":0,"max_hp_loss":0,"event_name":"The Woman in Blue","floor":41,"gold_loss":0},{"damage_healed":0,"gold_gain":0,"player_choice":"Fight","damage_taken":0,"max_hp_gain":0,"max_hp_loss":0,"event_name":"MindBloom","floor":45,"gold_loss":0},{"cards_removed":["Dash"],"damage_healed":0,"gold_gain":0,"player_choice":"Removed Attack","damage_taken":0,"max_hp_gain":0,"max_hp_loss":0,"event_name":"Falling","floor":46,"gold_loss":0},{"damage_healed":0,"gold_gain":0,"player_choice":"Got Potions","damage_taken":0,"max_hp_gain":0,"max_hp_loss":0,"event_name":"Lab","floor":47,"gold_loss":0}],"is_beta":false,"boss_relics":[{"not_picked":["Sozu","Snecko Eye"],"picked":"Coffee Dripper"},{"not_picked":["Philosopher\u0027s Stone","Black Star"],"picked":"WristBlade"}],"items_purged_floors":[38],"is_endless":false,"potions_floor_spawned":[1,2,4,13,14,22,25,28,30,39,44,48],"ascension_level":0}}