{"host":"idjwbq71yrpkph1r","time":1613415654,"event":{"mods":["AchievementEnabler","Alarm Clock","BaseMod","Block Reminder","Colored Map","Colored Powertips","Curses Come First","Displayed Cursed Tome","Hermit","Minty Spire (QoL Compilation)","Monster B Gone","Rare Cards Sparkle","Relic Stats","StSLib","everything is the same but u backflip on backflip"],"gold_per_floor":[115,115,190,202,217,217,228,238,238,257,204,204,224,241,241,337,337,355,355,355,342,362,362,362],"floor_reached":23,"language":"ENG","playtime":816,"items_purged":[],"score":187,"play_id":"19f23ff0-8bd7-4018-a11d-cb4ff987f415","local_time":"20210215200054","is_ascension_mode":false,"campfire_choices":[{"floor":6,"key":"REST"},{"floor":15,"key":"REST"}],"circlet_count":0,"master_deck":["Strike_G","Strike_G","Strike_G","Strike_G","Strike_G","Defend_G+1","Defend_G","Defend_G","Defend_G+1","Defend_G","Survivor","Neutralize","Poisoned Stab","Bane","Envenom+1","Dagger Spray","Bane","Bane","Blade Dance","Bullet Time","Acrobatics","RitualDagger","Footwork"],"relics":["Fusion Hammer"],"acts_visited":["Exordium","TheCity"],"potions_floor_usage":[18,23,23],"damage_taken":[{"damage":0,"enemies":"2 Louse","floor":1,"turns":4},{"damage":0,"enemies":"Small Slimes","floor":4,"turns":4},{"damage":0,"enemies":"Jaw Worm","floor":5,"turns":4},{"damage":7,"enemies":"Red Slaver","floor":7,"turns":4},{"damage":7,"enemies":"Exordium Thugs","floor":8,"turns":4},{"damage":12,"enemies":"Exordium Wildlife","floor":10,"turns":4},{"damage":0,"enemies":"3 Louse","floor":13,"turns":4},{"damage":1,"enemies":"Red Slaver","floor":14,"turns":3},{"damage":28,"enemies":"The Guardian","floor":16,"turns":9},{"damage":16,"enemies":"Chosen","floor":18,"turns":5},{"damage":20,"enemies":"2 Thieves","floor":21,"turns":4},{"damage":13,"enemies":"Chosen and Byrds","floor":22,"turns":5},{"damage":27,"enemies":"Slavers","floor":23,"turns":3}],"seed_played":"3044372214634177967","potions_obtained":[{"floor":5,"key":"Poison Potion"},{"floor":7,"key":"Ancient Potion"},{"floor":8,"key":"Regen Potion"},{"floor":13,"key":"Strength Potion"},{"floor":14,"key":"CultistPotion"}],"is_trial":false,"path_per_floor":["M","?","?","M","M","R","M","M","T","M","$","T","M","M","R","B",null,"M","?","?","M","M","E"],"character_chosen":"THE_SILENT","items_purchased":["Bane"],"campfire_rested":2,"item_purchase_floors":[11],"current_hp_per_floor":[70,56,45,45,45,66,59,52,52,40,40,40,40,39,60,32,70,54,48,48,28,15,0,0],"gold":362,"neow_bonus":"BOSS_RELIC","is_daily":false,"chose_seed":false,"campfire_upgraded":0,"win_rate":0.0,"timestamp":1613415654,"path_taken":["M","?","?","M","?","R","M","M","T","M","?","?","M","M","R","BOSS","M","?","?","?","M","E"],"items_purchased_type":["Card"],"build_version":"2020-12-22","purchased_purges":0,"victory":false,"max_hp_per_floor":[70,70,70,70,70,70,70,70,70,70,70,70,70,70,70,70,70,70,70,70,70,70,70,70],"relic_stats":{"counters":[13,57],"obtain_stats":[{"Fusion Hammer":0,"Ring of the Snake":0},{"Fusion Hammer":0,"Ring of the Snake":0},{"Fusion Hammer":0,"Ring of the Snake":0}]},"card_choices":[{"not_picked":["Underhanded Strike","Deadly Poison"],"picked":"Poisoned Stab","floor":1},{"not_picked":["Quick Slash","Dagger Throw","Cloak And Dagger"],"picked":"SKIP","floor":4},{"not_picked":["Prepared","Deadly Poison"],"picked":"Bane","floor":5},{"not_picked":["Prepared","Cloak And Dagger"],"picked":"Envenom","floor":7},{"not_picked":["Sucker Punch","Tactician","Cloak And Dagger"],"picked":"SKIP","floor":8},{"not_picked":["Die Die Die","Slice"],"picked":"Dagger Spray","floor":10},{"not_picked":["Prepared","Accuracy"],"picked":"Bane","floor":13},{"not_picked":["Terror","Heel Hook"],"picked":"Blade Dance","floor":14},{"not_picked":["Tools of the Trade","Grand Finale"],"picked":"Bullet Time","floor":16},{"not_picked":["Slice","Skewer"],"picked":"Acrobatics","floor":18},{"not_picked":["Setup","Noxious Fumes"],"picked":"Footwork","floor":21},{"not_picked":["Outmaneuver","Concentrate","Underhanded Strike"],"picked":"SKIP","floor":22}],"player_experience":361044,"relics_obtained":[],"event_choices":[{"damage_healed":0,"gold_gain":0,"player_choice":"Entered Light","damage_taken":14,"max_hp_gain":0,"max_hp_loss":0,"event_name":"Shining Light","floor":2,"gold_loss":0,"cards_upgraded":["Defend_G","Defend_G"]},{"damage_healed":0,"gold_gain":75,"player_choice":"Gather Gold","damage_taken":11,"max_hp_gain":0,"max_hp_loss":0,"event_name":"World of Goop","floor":3,"gold_loss":0},{"damage_healed":0,"gold_gain":0,"player_choice":"Joined the Cult","damage_taken":6,"max_hp_gain":0,"max_hp_loss":0,"event_name":"Nest","floor":19,"gold_loss":0,"cards_obtained":["RitualDagger"]},{"damage_healed":0,"gold_gain":0,"player_choice":"Forge","damage_taken":0,"max_hp_gain":0,"max_hp_loss":0,"event_name":"Accursed Blacksmith","floor":20,"gold_loss":0,"cards_upgraded":["Envenom"]}],"is_beta":false,"boss_relics":[{"not_picked":["Pandora\u0027s Box","Philosopher\u0027s Stone","Runic Pyramid"]}],"items_purged_floors":[],"is_endless":false,"potions_floor_spawned":[5,7,8,13,14],"killed_by":"Slavers","ascension_level":0}}