{"host":"7qdnj56gqvs5vt6s","time":1613410454,"event":{"mods":["BaseMod","Colored Map","Hermit","Hubris","Minty Spire (QoL Compilation)","Replay The Spire","StSLib"],"gold_per_floor":[117,117,136,136,136,136,154,165,211,228,228,247,276,295,295,400,400,417,36,54,54,64,64,96,114,114,140,140,140,158,158,158,261,261,275,275,288,188,188,188,188,188],"floor_reached":41,"language":"ENG","playtime":2997,"items_purged":["Parasite","hermit:Gambit"],"score":454,"play_id":"4584187c-0d1e-40b9-8287-fc3afcbc236f","local_time":"20210215093414","is_ascension_mode":true,"campfire_choices":[{"data":"hermit:Maintenance","floor":6,"key":"SMITH"},{"data":"hermit:Shortfuse","floor":11,"key":"SMITH"},{"floor":15,"key":"REST"},{"floor":23,"key":"REST"},{"floor":28,"key":"REST"},{"floor":32,"key":"REST"},{"data":"hermit:Strike_Hermit","floor":40,"key":"SMITH"}],"circlet_count":0,"master_deck":["hermit:Strike_Hermit","hermit:Strike_Hermit","hermit:Strike_Hermit","hermit:Strike_Hermit+1","hermit:Defend_Hermit","hermit:Defend_Hermit","hermit:Defend_Hermit","hermit:Defend_Hermit","hermit:Maintenance+1","hermit:Shortfuse+1","hermit:Shortfuse","hermit:Coalescence+1","hermit:Shortfuse","hermit:Snipe","hermit:Maintenance+1","Writhe"],"relics":["hermit:Momento","hubris:Icosahedron","hubris:Towel","Happy Flower","Regal Pillow","Kintsugi","Bag of Preparation","hubris:EmptyBottle","Spirit Poop","Pet Ghost","Simple Rune","Centennial Puzzle","Replay:Bronze Core"],"acts_visited":["Exordium","TheCity","TheBeyond"],"potions_floor_usage":[8,8,8,13,16,16,24,27,27,30,30,30,33,33,33,33,33,33],"damage_taken":[{"damage":0,"enemies":"2 Louse","floor":1,"turns":3},{"damage":6,"enemies":"Cultist","floor":3,"turns":3},{"damage":0,"enemies":"Small Slimes","floor":7,"turns":3},{"damage":19,"enemies":"Gremlin Gang","floor":8,"turns":4},{"damage":0,"enemies":"Blue Slaver","floor":10,"turns":3},{"damage":1,"enemies":"3 Louse","floor":12,"turns":4},{"damage":30,"enemies":"Gremlin Nob","floor":13,"turns":6},{"damage":14,"enemies":"Exordium Thugs","floor":14,"turns":3},{"damage":31,"enemies":"The Guardian","floor":16,"turns":10},{"damage":22,"enemies":"Spheric Guardian","floor":18,"turns":6},{"damage":16,"enemies":"3 Byrds","floor":20,"turns":7},{"damage":1,"enemies":"Snecko","floor":22,"turns":7},{"damage":28,"enemies":"Book of Stabbing","floor":24,"turns":5},{"damage":18,"enemies":"Centurion and Healer","floor":25,"turns":9},{"damage":19,"enemies":"Slavers","floor":27,"turns":6},{"damage":18,"enemies":"Cultist and Chosen","floor":30,"turns":10},{"damage":38,"enemies":"Champ","floor":33,"turns":9},{"damage":15,"enemies":"3 Darklings","floor":35,"turns":8},{"damage":28,"enemies":"3 Shapes","floor":37,"turns":4},{"damage":47,"enemies":"Writhing Mass","floor":41,"turns":6}],"seed_played":"4636725158394313365","potions_obtained":[{"floor":3,"key":"hermit:Tonic"},{"floor":5,"key":"EntropicBrew"},{"floor":5,"key":"LiquidBronze"},{"floor":13,"key":"SteroidPotion"},{"floor":22,"key":"Fire Potion"},{"floor":25,"key":"PowerPotion"},{"floor":27,"key":"ColorlessPotion"},{"floor":30,"key":"Fire Potion"},{"floor":33,"key":"hermit:BlackBile"},{"floor":37,"key":"Toxic Potion"}],"is_trial":false,"path_per_floor":["M","?","M","?","?","R","M","M","T","M","R","M","E","M","R","B",null,"M","$","M","?","M","R","E","M","T","E","R","$","M","?","R","B",null,"M","?","M","$","?","R","M"],"character_chosen":"HERMIT","items_purchased":["Bag of Preparation","hubris:EmptyBottle"],"campfire_rested":4,"item_purchase_floors":[19,19],"current_hp_per_floor":[75,75,69,69,69,69,69,50,50,50,50,49,19,5,42,11,75,53,53,37,37,36,72,44,26,26,7,43,43,25,25,61,23,72,57,57,29,29,47,47,0,0],"gold":188,"neow_bonus":"RANDOM_EVENT","is_daily":false,"chose_seed":false,"campfire_upgraded":3,"win_rate":0.0,"timestamp":1613410454,"path_taken":["M","?","M","?","?","R","M","M","T","M","R","M","E","?","R","BOSS","M","$","M","?","?","R","E","?","T","E","R","$","?","?","R","BOSS","M","?","M","?","?","R","M"],"items_purchased_type":["Relic","Relic"],"build_version":"2020-12-22","purchased_purges":2,"victory":false,"max_hp_per_floor":[75,75,75,75,75,75,75,75,75,75,75,75,75,75,75,75,75,75,72,72,72,72,72,72,72,72,72,72,72,72,72,72,72,72,72,72,72,72,72,72,72,72],"card_choices":[{"not_picked":["hermit:Coalescence","hermit:Manifest"],"picked":"hermit:Shortfuse","floor":1},{"not_picked":["hermit:CalledShot","hermit:Desperado","hermit:Roulette"],"picked":"SKIP","floor":3},{"not_picked":["hermit:Gestalt","hermit:Brawl"],"picked":"hermit:Glare","floor":7},{"not_picked":["hermit:Scavenge","hermit:HoleUp","hermit:Misfire"],"picked":"SKIP","floor":8},{"not_picked":["hermit:HoleUp","hermit:Vantage"],"picked":"hermit:Coalescence","floor":10},{"not_picked":["hermit:Headshot","hermit:BodyArmor"],"picked":"hermit:Shortfuse","floor":12},{"not_picked":["hermit:BigShot","hermit:Ricochet"],"picked":"hermit:Shortfuse","floor":13},{"not_picked":["hermit:Feint","hermit:ItchyTrigger","hermit:Roulette"],"picked":"SKIP","floor":14},{"not_picked":["hermit:Spite","hermit:TrackingShot","hermit:Desperado+1"],"picked":"SKIP","floor":18},{"not_picked":["hermit:Vantage+1","hermit:Manifest"],"picked":"hermit:Coalescence+1","floor":20},{"not_picked":["hermit:Headshot+1","hermit:CursedWeapon"],"picked":"hermit:Shortfuse","floor":22},{"not_picked":["hermit:BigShot+1","hermit:ShadowCloak+1","hermit:Dissolve"],"picked":"SKIP","floor":24},{"not_picked":["hermit:Vantage","hermit:WideOpen"],"picked":"hermit:Snipe","floor":25},{"not_picked":["hermit:Manifest+1","hermit:Horror","hermit:Magnum"],"picked":"SKIP","floor":27},{"not_picked":["hermit:Headshot","hermit:Ricochet","hermit:LowProfile+1"],"picked":"SKIP","floor":30},{"not_picked":["hermit:FinalCanter","hermit:EternalForm"],"picked":"hermit:Gambit","floor":33},{"not_picked":["hermit:Feint","hermit:ItchyTrigger","hermit:Misfire+1"],"picked":"SKIP","floor":35},{"not_picked":["hermit:Roulette+1","hermit:TakeCover","hermit:Vantage+1"],"picked":"SKIP","floor":37}],"player_experience":68423,"relics_obtained":[{"floor":9,"key":"Happy Flower"},{"floor":13,"key":"Regal Pillow"},{"floor":24,"key":"Pet Ghost"},{"floor":26,"key":"Simple Rune"},{"floor":27,"key":"Centennial Puzzle"}],"event_choices":[{"damage_healed":0,"gold_gain":0,"player_choice":"Got Potions","damage_taken":0,"max_hp_gain":0,"max_hp_loss":0,"event_name":"Lab","floor":5,"gold_loss":0},{"cards_removed":["Replay:Hysterical Blindness"],"damage_healed":0,"gold_gain":0,"player_choice":"Offered Curse","damage_taken":0,"relics_obtained":["Spirit Poop"],"max_hp_gain":0,"max_hp_loss":0,"event_name":"Bonfire Elementals","floor":21,"gold_loss":0},{"damage_healed":0,"gold_gain":0,"player_choice":"Ignored","damage_taken":0,"max_hp_gain":0,"max_hp_loss":0,"event_name":"Ghosts","floor":31,"gold_loss":0},{"damage_healed":0,"gold_gain":0,"player_choice":"Copied","damage_taken":0,"max_hp_gain":0,"max_hp_loss":0,"event_name":"Duplicator","floor":36,"gold_loss":0,"cards_obtained":["hermit:Maintenance"]},{"damage_healed":18,"gold_gain":0,"player_choice":"Writhe","damage_taken":0,"max_hp_gain":0,"max_hp_loss":0,"event_name":"Winding Halls","floor":39,"gold_loss":0,"cards_obtained":["Writhe"]}],"is_beta":false,"boss_relics":[{"not_picked":["hermit:ClaspedLocket","Replay:Grab Bag"],"picked":"Kintsugi"},{"not_picked":["Tiny House","Replay:Wanted Poster"],"picked":"Replay:Bronze Core"}],"items_purged_floors":[19,38],"is_endless":false,"potions_floor_spawned":[3,7,13,22,25,27,30,33,37],"killed_by":"Writhing Mass","ascension_level":1}}