{"host":"7qjyzxi5zjrbio0h","time":1613409137,"event":{"mods":["AchievementEnabler","BaseMod","Downfall","Hermit","Minty Spire (QoL Compilation)","StSLib"],"gold_per_floor":[118,118,218,230,240,240,267,277,302,302,319,348,366,376,376,473,523,540,553,210,310,322,349,349,401,401,401,413,424,435,435,435,531,531,550,550,550,563,292,322,322,355,355,375,375,385,397,397,397,397],"floor_reached":51,"language":"ENG","playtime":3206,"items_purged":["Glass Knife"],"score":821,"play_id":"d5beabec-cbb1-4406-8ce9-3a189e0cccea","local_time":"20210215121217","is_ascension_mode":false,"campfire_choices":[{"data":"Noxious Fumes","floor":6,"key":"SMITH"},{"data":"Deadly Poison","floor":10,"key":"SMITH"},{"floor":15,"key":"REST"},{"floor":24,"key":"DIG"},{"floor":27,"key":"DIG"},{"floor":32,"key":"REST"},{"floor":49,"key":"REST"}],"circlet_count":0,"master_deck":["Strike_G+1","Strike_G+1","Strike_G+1","Defend_G","Defend_G","Defend_G","Defend_G","Defend_G","Survivor","Neutralize","Deadly Poison+1","Acrobatics","Noxious Fumes+1","Prepared","Deadly Poison","Catalyst","Bullet Time","Adrenaline","Deadly Poison","Crippling Poison","Dodge and Roll+1","Deadly Poison+1","Catalyst+1","Escape Plan+1","Catalyst","Burst","Escape Plan","Transmutation","Catalyst","Catalyst+1","Calculated Gamble+1"],"relics":["Ring of the Snake","Snake Skull","Centennial Puzzle","Tiny Chest","Tiny House","Shovel","Orichalcum","Peace Pipe","Bag of Preparation","Paper Crane","Du-Vu Doll","SlaversCollar","Frozen Egg 2","TwistedFunnel","Dream Catcher","Whetstone","Sundial","Toxic Egg 2"],"acts_visited":["Exordium","TheCity","TheBeyond"],"potions_floor_usage":[8,12,16,16,18,28,29,50],"damage_taken":[{"damage":2,"enemies":"Small Slimes","floor":1,"turns":4},{"damage":0,"enemies":"Jaw Worm","floor":4,"turns":4},{"damage":1,"enemies":"Cultist","floor":5,"turns":4},{"damage":20,"enemies":"3 Sentries","floor":7,"turns":8},{"damage":0,"enemies":"Gremlin Gang","floor":8,"turns":4},{"damage":4,"enemies":"Red Slaver","floor":11,"turns":4},{"damage":8,"enemies":"Lagavulin","floor":12,"turns":5},{"damage":3,"enemies":"Exordium Wildlife","floor":13,"turns":3},{"damage":3,"enemies":"Gremlin Gang","floor":14,"turns":5},{"damage":25,"enemies":"Slime Boss","floor":16,"turns":10},{"damage":0,"enemies":"Chosen","floor":18,"turns":4},{"damage":5,"enemies":"Shell Parasite","floor":19,"turns":5},{"damage":15,"enemies":"Sentry and Sphere","floor":22,"turns":4},{"damage":12,"enemies":"3 Cultists","floor":28,"turns":4},{"damage":4,"enemies":"Centurion and Healer","floor":29,"turns":3},{"damage":2,"enemies":"Snecko","floor":30,"turns":3},{"damage":8,"enemies":"Champ","floor":33,"turns":4},{"damage":0,"enemies":"Orb Walker","floor":35,"turns":2},{"damage":2,"enemies":"3 Shapes","floor":38,"turns":5},{"damage":0,"enemies":"Nemesis","floor":40,"turns":5},{"damage":4,"enemies":"Giant Head","floor":42,"turns":2},{"damage":6,"enemies":"Transient","floor":44,"turns":4},{"damage":9,"enemies":"Writhing Mass","floor":46,"turns":2},{"damage":6,"enemies":"4 Shapes","floor":47,"turns":3},{"damage":27,"enemies":"Donu and Deca","floor":50,"turns":6}],"seed_played":"5520142429660716102","potions_obtained":[{"floor":1,"key":"Energy Potion"},{"floor":5,"key":"Swift Potion"},{"floor":7,"key":"AttackPotion"},{"floor":12,"key":"Weak Potion"},{"floor":13,"key":"Energy Potion"},{"floor":17,"key":"SkillPotion"},{"floor":18,"key":"hexamod:SoulburnPotion"},{"floor":22,"key":"Fruit Juice"},{"floor":29,"key":"SteroidPotion"},{"floor":30,"key":"Ancient Potion"},{"floor":38,"key":"SkillPotion"}],"is_trial":false,"path_per_floor":["M","?","?","M","M","R","E","M","T","R","M","E","M","M","R","B",null,"M","M","$","?","M","T","R","T","T","R","M","M","M","?","R","B",null,"M","T","?","M","$","E","?","E","T","M","T","M","M","?","R","B",null],"character_chosen":"THE_SILENT","items_purchased":["Crippling Poison","Shovel","Catalyst","TwistedFunnel"],"campfire_rested":3,"item_purchase_floors":[20,20,39,39],"current_hp_per_floor":[68,68,68,68,67,67,47,47,47,47,43,35,32,29,50,25,75,75,70,70,70,55,55,55,55,55,55,48,44,42,42,66,58,80,80,80,75,73,73,73,73,69,69,63,63,54,48,48,70,43],"gold":397,"neow_bonus":"THREE_CARDS","is_daily":false,"chose_seed":false,"campfire_upgraded":2,"win_rate":0.0,"timestamp":1613409137,"path_taken":["M","?","?","?","M","R","E","M","T","R","M","E","M","M","R","BOSS","M","?","?","?","M","?","R","?","T","R","M","?","M","?","R","BOSS","M","?","?","M","?","E","?","E","T","M","?","?","M","?","R","BOSS"],"items_purchased_type":["Card","Relic","Card","Relic"],"build_version":"2020-12-22","purchased_purges":1,"victory":true,"max_hp_per_floor":[70,70,70,70,70,70,70,70,70,70,70,70,70,70,70,70,75,75,75,75,75,75,75,75,75,75,75,80,80,80,80,80,80,80,80,80,80,80,80,80,76,76,76,76,76,76,76,76,76,76],"card_choices":[{"not_picked":["Riddle With Holes","Prepared"],"picked":"Deadly Poison","floor":0},{"not_picked":["All Out Attack","Distraction"],"picked":"Acrobatics","floor":1},{"not_picked":["Terror","Deadly Poison"],"picked":"Noxious Fumes","floor":4},{"not_picked":["Escape Plan","Cloak And Dagger"],"picked":"Prepared","floor":5},{"not_picked":["Well Laid Plans","Flechettes","Backflip"],"picked":"SKIP","floor":7},{"not_picked":["Cloak And Dagger","Well Laid Plans","Acrobatics"],"picked":"SKIP","floor":8},{"not_picked":["Leg Sweep","Blade Dance"],"picked":"Deadly Poison","floor":11},{"not_picked":["Dagger Spray","Prepared","Backflip"],"picked":"SKIP","floor":12},{"not_picked":["Prepared","Sucker Punch"],"picked":"Catalyst","floor":13},{"not_picked":["PiercingWail","Acrobatics"],"picked":"Bullet Time","floor":14},{"not_picked":["Tools of the Trade","After Image"],"picked":"Adrenaline","floor":16},{"not_picked":["Riddle With Holes","Acrobatics"],"picked":"Deadly Poison","floor":17},{"not_picked":["Dagger Throw","Slice","Dagger Spray"],"picked":"SKIP","floor":18},{"not_picked":["Dodge and Roll","Caltrops","Blade Dance"],"picked":"SKIP","floor":19},{"not_picked":["Sucker Punch","Quick Slash"],"picked":"Dodge and Roll+1","floor":22},{"not_picked":["Heel Hook+1","Dash"],"picked":"Deadly Poison+1","floor":28},{"not_picked":["Calculated Gamble+1","Prepared"],"picked":"Catalyst+1","floor":29},{"not_picked":["Caltrops+1","Flechettes"],"picked":"Escape Plan+1","floor":30},{"not_picked":["Phantasmal Killer","Storm of Steel"],"picked":"Burst","floor":33},{"not_picked":["Masterful Stab","Dash"],"picked":"Escape Plan","floor":35},{"not_picked":["Enlightenment","Discovery"],"picked":"Transmutation","floor":37},{"not_picked":["Deflect+1","Poisoned Stab","Finisher+1"],"picked":"SKIP","floor":38},{"not_picked":["Backflip+1","Endless Agony","Deflect"],"picked":"SKIP","floor":40},{"not_picked":["Poisoned Stab","Dagger Spray+1","Flying Knee+1"],"picked":"SKIP","floor":42},{"not_picked":["Flying Knee","Endless Agony","Dodge and Roll"],"picked":"SKIP","floor":44},{"not_picked":["Noxious Fumes+1","Deflect+1"],"picked":"Catalyst+1","floor":46},{"not_picked":["Finisher","All Out Attack","Backstab+1"],"picked":"SKIP","floor":47},{"not_picked":["Deadly Poison+1","Outmaneuver+1"],"picked":"Calculated Gamble+1","floor":49}],"player_experience":53824,"relics_obtained":[{"floor":7,"key":"Snake Skull"},{"floor":9,"key":"Centennial Puzzle"},{"floor":12,"key":"Tiny Chest"},{"floor":23,"key":"Orichalcum"},{"floor":24,"key":"Peace Pipe"},{"floor":25,"key":"Bag of Preparation"},{"floor":26,"key":"Paper Crane"},{"floor":27,"key":"Du-Vu Doll"},{"floor":36,"key":"Frozen Egg 2"},{"floor":40,"key":"Dream Catcher"},{"floor":42,"key":"Whetstone"},{"floor":43,"key":"Sundial"},{"floor":45,"key":"Toxic Egg 2"}],"event_choices":[{"damage_healed":0,"gold_gain":0,"player_choice":"Ignored","damage_taken":0,"max_hp_gain":0,"max_hp_loss":0,"event_name":"Golden Idol","floor":2,"gold_loss":0},{"damage_healed":0,"gold_gain":100,"player_choice":"Pray","damage_taken":0,"max_hp_gain":0,"max_hp_loss":0,"event_name":"Golden Shrine","floor":3,"gold_loss":0},{"damage_healed":0,"gold_gain":100,"player_choice":"Pray","damage_taken":0,"max_hp_gain":0,"max_hp_loss":0,"event_name":"Golden Shrine","floor":21,"gold_loss":0},{"damage_healed":0,"gold_gain":0,"cards_transformed":["Strike_G","Strike_G"],"player_choice":"Became Test Subject","damage_taken":0,"max_hp_gain":0,"max_hp_loss":0,"event_name":"Drug Dealer","floor":31,"gold_loss":0,"cards_obtained":["Catalyst","Glass Knife"]},{"damage_healed":0,"gold_gain":0,"player_choice":"Memory 2","damage_taken":5,"max_hp_gain":0,"max_hp_loss":0,"event_name":"SensoryStone","floor":37,"gold_loss":0},{"damage_healed":0,"gold_gain":0,"player_choice":"Max HP","damage_taken":0,"max_hp_gain":0,"max_hp_loss":4,"event_name":"Winding Halls","floor":41,"gold_loss":0},{"damage_healed":0,"gold_gain":0,"player_choice":"Ignored","damage_taken":0,"max_hp_gain":0,"max_hp_loss":0,"event_name":"Tomb of Lord Red Mask","floor":48,"gold_loss":0}],"is_beta":false,"boss_relics":[{"not_picked":["Snecko Eye","Philosopher\u0027s Stone"],"picked":"Tiny House"},{"not_picked":["WristBlade","Busted Crown"],"picked":"SlaversCollar"}],"items_purged_floors":[39],"is_endless":false,"potions_floor_spawned":[1,5,7,12,13,18,22,29,30,38,40,47],"ascension_level":0}}