{"host":"kg61lsvem4dxoat8","time":1613407818,"event":{"mods":["AchievementEnabler","BaseMod","Better Altar","Better Match","Better Sensory Stone","Better Skull","Block Reminder","Highlight Path","Minty Spire (QoL Compilation)","Quick Restart","Rare Cards Sparkle","Relic Sorter","Relic Stats","StSLib","Synergy Search","slay the spire mod where everything is the same but ironclad has a cowboy hat"],"gold_per_floor":[114,127,127,67,79,112,137,149,161,173,173],"floor_reached":10,"language":"ENG","playtime":163,"items_purged":["Strike_R"],"score":102,"play_id":"c6521d16-234a-4ef0-bd01-acad9c0eaef6","local_time":"20210216005018","is_ascension_mode":true,"campfire_choices":[],"circlet_count":0,"master_deck":["AscendersBane","Strike_R","Strike_R","Strike_R","Strike_R","Defend_R","Defend_R","Defend_R","Defend_R","Bash","Rampage","Ghostly Armor","Whirlwind","Infernal Blade"],"relics":["Burning Blood","NeowsBlessing","The Courier","MawBank","Pear"],"acts_visited":["Exordium"],"potions_floor_usage":[6,6],"damage_taken":[{"damage":0,"enemies":"Cultist","floor":1,"turns":1},{"damage":0,"enemies":"Jaw Worm","floor":2,"turns":1},{"damage":0,"enemies":"Small Slimes","floor":5,"turns":1},{"damage":24,"enemies":"Gremlin Nob","floor":6,"turns":4},{"damage":48,"enemies":"Gremlin Gang","floor":7,"turns":5},{"damage":0,"enemies":"Lagavulin","floor":10,"turns":1}],"seed_played":"3879262367426921460","potions_obtained":[{"floor":1,"key":"HeartOfIron"},{"floor":2,"key":"BloodPotion"},{"floor":5,"key":"AttackPotion"}],"is_trial":false,"path_per_floor":["M","M","?","$","M","E","M","$","T","E"],"character_chosen":"IRONCLAD","items_purchased":[],"campfire_rested":0,"item_purchase_floors":[],"current_hp_per_floor":[78,80,80,80,80,78,36,36,46,46,46],"gold":173,"neow_bonus":"THREE_ENEMY_KILL","is_daily":false,"chose_seed":false,"campfire_upgraded":0,"win_rate":0.0,"timestamp":1613407818,"path_taken":["M","?","?","$","?","E","M","$","T","E"],"items_purchased_type":[],"build_version":"2020-12-22","purchased_purges":1,"victory":false,"max_hp_per_floor":[80,80,80,80,80,80,80,80,90,90,90],"relic_stats":{"counters":[6,13],"MawBank":48,"obtain_stats":[{"Pear":9,"NeowsBlessing":0,"The Courier":3,"MawBank":6,"Burning Blood":0},{"Pear":5,"NeowsBlessing":0,"The Courier":2,"MawBank":4,"Burning Blood":0},{"Pear":12,"NeowsBlessing":0,"The Courier":2,"MawBank":7,"Burning Blood":0}],"Burning Blood":20},"card_choices":[{"not_picked":["Cleave","True Grit"],"picked":"Rampage","floor":1},{"not_picked":["Warcry","Seeing Red"],"picked":"Ghostly Armor","floor":2},{"not_picked":["Cleave","Perfected Strike"],"picked":"Whirlwind","floor":5},{"not_picked":["Shockwave","Disarm","Brutality"],"picked":"SKIP","floor":6},{"not_picked":["Armaments","Evolve"],"picked":"Infernal Blade","floor":7}],"player_experience":1544210,"relics_obtained":[{"floor":6,"key":"MawBank"},{"floor":9,"key":"Pear"}],"event_choices":[{"damage_healed":0,"gold_gain":0,"player_choice":"Gave Potion","damage_taken":0,"relics_obtained":["The Courier"],"max_hp_gain":0,"max_hp_loss":0,"event_name":"WeMeetAgain","floor":3,"gold_loss":0}],"is_beta":false,"boss_relics":[],"items_purged_floors":[4],"is_endless":false,"potions_floor_spawned":[1,2,5],"killed_by":"Lagavulin","ascension_level":10}}