{"host":"d52brwsy6af8zvaq","time":1613409975,"event":{"mods":["AchievementEnabler","BaseMod","Bestiary","Highlight Path","Minty Spire (QoL Compilation)","Quick Restart","Relic Stats","ojb\u0027s Better Paths Mod"],"gold_per_floor":[113,130,11,27,27,27,46,73,96,124,142,161,161,177,177,249,249,261,277,277,149,166,166,208,208,242,263,301,301,320,337,337,337,337],"floor_reached":33,"language":"ENG","playtime":4013,"items_purged":["Strike_B","Strike_B"],"score":602,"play_id":"fcc7636b-6eb5-488e-ac5e-f9decf42465a","local_time":"20210215102615","is_ascension_mode":true,"campfire_choices":[{"data":"Barrage","floor":6.0,"key":"SMITH"},{"data":"Static Discharge","floor":13.0,"key":"SMITH"},{"data":"Dualcast","floor":15.0,"key":"SMITH"},{"data":"Glacier","floor":23.0,"key":"SMITH"},{"data":"Storm","floor":25.0,"key":"SMITH"},{"floor":29.0,"key":"REST"},{"data":"Glacier","floor":32,"key":"SMITH"}],"circlet_count":0,"master_deck":["AscendersBane","Strike_B","Strike_B","Defend_B","Defend_B","Defend_B","Defend_B","Zap+1","Dualcast+1","Barrage+1","Cold Snap","Static Discharge+1","Machine Learning","BootSequence","Doom and Gloom","Undo","Leap","Glacier+1","Core Surge","Compile Driver","White Noise","Storm+1","Injury","Hologram+1","Glacier+1","Recycle+1"],"relics":["Cracked Core","Centennial Puzzle","Bag of Marbles","Strawberry","Cursed Key","CeramicFish","DataDisk","Happy Flower"],"acts_visited":["Exordium","TheCity"],"potions_floor_usage":[30,33],"damage_taken":[{"damage":8.0,"enemies":"Small Slimes","floor":1.0,"turns":3.0},{"damage":14.0,"enemies":"Jaw Worm","floor":2.0,"turns":4.0},{"damage":3.0,"enemies":"2 Louse","floor":4.0,"turns":3.0},{"damage":4.0,"enemies":"Exordium Thugs","floor":7.0,"turns":4.0},{"damage":6.0,"enemies":"Lagavulin","floor":8.0,"turns":7.0},{"damage":8.0,"enemies":"Gremlin Nob","floor":10.0,"turns":3.0},{"damage":0.0,"enemies":"2 Fungi Beasts","floor":11.0,"turns":2.0},{"damage":0.0,"enemies":"Large Slime","floor":12.0,"turns":4.0},{"damage":0.0,"enemies":"Blue Slaver","floor":14.0,"turns":3.0},{"damage":10.0,"enemies":"The Guardian","floor":16.0,"turns":11.0},{"damage":6.0,"enemies":"Chosen","floor":18.0,"turns":4.0},{"damage":5.0,"enemies":"2 Thieves","floor":19.0,"turns":4.0},{"damage":7.0,"enemies":"Centurion and Healer","floor":22.0,"turns":8.0},{"damage":16.0,"enemies":"Slavers","floor":24.0,"turns":5.0},{"damage":0.0,"enemies":"3 Cultists","floor":27.0,"turns":2.0},{"damage":7.0,"enemies":"Book of Stabbing","floor":28.0,"turns":5.0},{"damage":11,"enemies":"Shelled Parasite and Fungi","floor":30,"turns":4},{"damage":3,"enemies":"Cultist and Chosen","floor":31,"turns":6},{"damage":50,"enemies":"Automaton","floor":33,"turns":10}],"seed_played":"7151348084957824294","potions_obtained":[{"floor":4.0,"key":"Regen Potion"},{"floor":7.0,"key":"Fire Potion"},{"floor":8.0,"key":"FocusPotion"},{"floor":16.0,"key":"Block Potion"},{"floor":24.0,"key":"Energy Potion"},{"floor":27.0,"key":"DistilledChaos"},{"floor":28.0,"key":"DuplicationPotion"},{"floor":31,"key":"ColorlessPotion"}],"is_trial":false,"path_per_floor":["M","M","$","M","?","R","M","E","T","E","M","M","R","M","R","B",null,"M","M","?","$","M","R","E","R","T","M","E","R","M","M","R","B"],"character_chosen":"DEFECT","items_purchased":["Static Discharge","Compile Driver"],"campfire_rested":1,"item_purchase_floors":[3,21],"current_hp_per_floor":[63,49,49,46,46,46,42,51,51,50,50,50,50,50,50,40,74,68,63,63,63,56,56,40,40,40,40,33,58,47,44,44,0,0],"gold":337,"neow_bonus":"TEN_PERCENT_HP_BONUS","is_daily":false,"chose_seed":false,"campfire_upgraded":6,"win_rate":0.0,"timestamp":1613409975,"path_taken":["M","M","$","M","?","R","M","E","T","E","M","M","R","M","R","BOSS","M","M","?","$","M","R","E","R","T","M","E","R","M","M","R","BOSS"],"items_purchased_type":["Card","Card"],"build_version":"2020-12-22","purchased_purges":2,"victory":false,"max_hp_per_floor":[78,78,78,78,78,78,78,78,78,85,85,85,85,85,85,85,85,85,85,85,85,85,85,85,85,85,85,85,85,85,85,85,85,85],"relic_stats":{"Centennial Puzzle":[30],"Happy Flower":[6],"counters":[19,92],"CeramicFish":45,"Cursed Key":1,"obtain_stats":[{"Centennial Puzzle":8,"DataDisk":26,"Happy Flower":28,"Strawberry":10,"CeramicFish":24,"Bag of Marbles":9,"Cracked Core":0,"Cursed Key":17},{"Centennial Puzzle":5,"DataDisk":14,"Happy Flower":16,"Strawberry":6,"CeramicFish":14,"Bag of Marbles":5,"Cracked Core":0,"Cursed Key":10},{"Centennial Puzzle":21,"DataDisk":65,"Happy Flower":72,"Strawberry":24,"CeramicFish":65,"Bag of Marbles":21,"Cracked Core":0,"Cursed Key":44}]},"card_choices":[{"not_picked":["Hologram","Aggregate"],"picked":"Barrage","floor":1.0},{"not_picked":["Beam Cell","Lockon"],"picked":"Cold Snap","floor":2.0},{"not_picked":["Beam Cell","Auto Shields"],"picked":"Machine Learning","floor":4.0},{"not_picked":["Sweeping Beam","Hologram"],"picked":"BootSequence","floor":7.0},{"not_picked":["Streamline","Machine Learning"],"picked":"Doom and Gloom","floor":8.0},{"not_picked":["Turbo","Coolheaded"],"picked":"Undo","floor":10.0},{"not_picked":["Go for the Eyes","Redo"],"picked":"Leap","floor":11.0},{"not_picked":["Machine Learning","Storm","Gash"],"picked":"SKIP","floor":12.0},{"not_picked":["Beam Cell","Capacitor"],"picked":"Glacier","floor":14.0},{"not_picked":["Rainbow","Reboot"],"picked":"Core Surge","floor":16.0},{"not_picked":["Sweeping Beam","Barrage","Darkness"],"picked":"SKIP","floor":18.0},{"not_picked":["Rebound","Recycle","Go for the Eyes"],"picked":"SKIP","floor":19.0},{"not_picked":["Doom and Gloom","All For One"],"picked":"White Noise","floor":22.0},{"not_picked":["Leap","Ball Lightning"],"picked":"Storm","floor":24.0},{"not_picked":["Chaos","Ball Lightning"],"picked":"Hologram+1","floor":27.0},{"not_picked":["Doom and Gloom","Rebound"],"picked":"Glacier","floor":28.0},{"not_picked":["Lockon+1","Sweeping Beam+1"],"picked":"Recycle+1","floor":30},{"not_picked":["Stack","Rebound","Sweeping Beam"],"picked":"SKIP","floor":31}],"player_experience":2271261,"relics_obtained":[{"floor":8.0,"key":"Centennial Puzzle"},{"floor":9.0,"key":"Bag of Marbles"},{"floor":10.0,"key":"Strawberry"},{"floor":24.0,"key":"CeramicFish"},{"floor":26.0,"key":"DataDisk"},{"floor":28.0,"key":"Happy Flower"}],"event_choices":[{"damage_healed":0.0,"max_hp_gain":0.0,"max_hp_loss":0.0,"gold_gain":0.0,"event_name":"Living Wall","player_choice":"Grow","floor":5.0,"gold_loss":0.0,"damage_taken":0.0,"cards_upgraded":["Zap"]},{"damage_healed":0.0,"max_hp_gain":0.0,"max_hp_loss":0.0,"gold_gain":0.0,"event_name":"Vampires","player_choice":"Ignored","floor":20.0,"gold_loss":0.0,"damage_taken":0.0}],"is_beta":false,"boss_relics":[{"not_picked":["SacredBark","Black Star"],"picked":"Cursed Key"}],"items_purged_floors":[3,21],"is_endless":false,"potions_floor_spawned":[4,7,8,11,16,18,24,27,28,31],"killed_by":"Automaton","ascension_level":20}}