{"host":"clf2hd4adhiiw0zf","time":1613353602,"event":{"mods":["AchievementEnabler","BaseMod","Beaked The Cultist","Bestiary","Dark Map","Downfall","Gremlin Mod","Hermit","Jorbs\u0027s Wanderer Trilogy","Marisa????????","Minty Spire (QoL Compilation)","Shop Mod","StSLib","The Cursed","Wide Potions"],"gold_per_floor":[99,112,124,141,441,452,498,508,521,539,574,587,487,587,600,600,600,600],"floor_reached":16,"language":"ENG","playtime":521,"items_purged":[],"score":184,"play_id":"7ee6f043-1a0d-4911-a770-da00f650c581","local_time":"20210214184642","is_ascension_mode":true,"campfire_choices":[{"floor":1,"key":"RECALL"},{"data":"champ:Improvising","floor":13,"key":"SMITH"}],"circlet_count":0,"master_deck":["AscendersBane","champ:Strike","champ:Strike","champ:Strike","champ:Strike","champ:Defend","champ:Defend","champ:Defend","champ:Defend","champ:Execute","champ:Taunt","champ:BerserkerStyle","champ:RecklessLeap","champ:PreciseThrust","downfall:Icky","downfall:Icky","champ:EnchantShield","champ:Duel","champ:BringItOn","champ:DefensiveShout","champ:TornadoPunch","champ:Improvising+1","champ:PreemptiveStrike"],"relics":["Coffee Dripper","bronze:BronzeIdol","champ:DefensiveTrainingManual","downfall:HeartBlessingRed"],"acts_visited":["Exordium"],"potions_floor_usage":[9,10,16],"damage_taken":[{"damage":20,"enemies":"Cultist","floor":2,"turns":3},{"damage":33,"enemies":"Jaw Worm","floor":3,"turns":4},{"damage":10,"enemies":"2 Louse","floor":4,"turns":2},{"damage":38,"enemies":"Red Slaver","floor":6,"turns":3},{"damage":51,"enemies":"Large Slime","floor":8,"turns":6},{"damage":51,"enemies":"Lots of Slimes","floor":9,"turns":5},{"damage":1,"enemies":"3 Louse","floor":10,"turns":2},{"damage":31,"enemies":"Lagavulin","floor":11,"turns":7},{"damage":16,"enemies":"Large Slime","floor":12,"turns":5},{"damage":10,"enemies":"Blue Slaver","floor":15,"turns":3},{"damage":30,"enemies":"DF_ARCHETYPE_STREAMLINE","floor":16,"turns":5}],"seed_played":"-519447917336983169","potions_obtained":[{"floor":3,"key":"Regen Potion"},{"floor":9,"key":"Explosive Potion"},{"floor":11,"key":"DuplicationPotion"}],"is_trial":false,"path_per_floor":["R","M","M","M","?","M","T","M","M","M","E","M","R","?","M","B"],"character_chosen":"THE_CHAMP","items_purchased":[],"campfire_rested":0,"item_purchase_floors":[],"current_hp_per_floor":[73,73,60,60,60,47,47,36,33,32,17,17,17,17,17,0,0,0],"gold":600,"neow_bonus":"BOSS_RELIC","is_daily":false,"chose_seed":false,"campfire_upgraded":1,"win_rate":0.0,"timestamp":1613353602,"path_taken":["R","M","?","?","?","M","T","M","M","M","E","M","R","?","M","BOSS"],"items_purchased_type":[],"build_version":"2020-12-22","purchased_purges":0,"victory":false,"max_hp_per_floor":[81,81,81,81,81,81,81,81,81,81,81,81,81,81,81,81,81,81],"card_choices":[{"not_picked":["champ:ShieldSigil","champ:Circumvent"],"picked":"champ:BerserkerStyle","floor":2},{"not_picked":["champ:EnragedBash","champ:FlashCut"],"picked":"champ:RecklessLeap","floor":3},{"not_picked":["champ:SetATrap","champ:RecklessLeap"],"picked":"champ:PreciseThrust","floor":4},{"not_picked":["champ:BladeFlurry","champ:DefensiveShout"],"picked":"champ:EnchantShield","floor":6},{"not_picked":["champ:ShieldSlam","champ:TornadoPunch"],"picked":"champ:Duel","floor":8},{"not_picked":["champ:Circumvent","champ:PreemptiveStrike"],"picked":"champ:BringItOn","floor":9},{"not_picked":["champ:Backstep","champ:EnragedBash"],"picked":"champ:DefensiveShout","floor":10},{"not_picked":["champ:StanceDance","champ:CrownThrow"],"picked":"champ:TornadoPunch","floor":11},{"not_picked":["champ:BerserkerStyle","champ:BladeFlurry"],"picked":"champ:Improvising","floor":12},{"not_picked":["champ:Parry","champ:TornadoPunch"],"picked":"champ:PreemptiveStrike","floor":15}],"player_experience":295441,"relics_obtained":[{"floor":7,"key":"bronze:BronzeIdol"},{"floor":11,"key":"champ:DefensiveTrainingManual"}],"event_choices":[],"is_beta":false,"boss_relics":[],"items_purged_floors":[],"is_endless":false,"potions_floor_spawned":[3,6,9,11],"killed_by":"DF_ARCHETYPE_STREAMLINE","ascension_level":14}}