{"host":"zyn2zcp8fez1ptuq","time":1613352940,"event":{"mods":["BaseMod","BetterRewards","Bossed Relics","Downfall","Hermit","Hubris","Infinite Spire","Minty Spire (QoL Compilation)","Replay The Spire","Robot Space Explorer","Shade Mod","Shop Mod","StSLib","The Animator","The Cursed","The Jungle","The Marked","The Necromancer"],"gold_per_floor":[117,131,131,149,166,200,200,220,271,271,285,285,300,319,319,421,421,440,440,491,491,491,491,518,518,518,538,25,25,57,75,75,179,179,193,205,60,79,79,79,108,124,124,141,160,175,175,115,115,217,217,230,230,230,230,130,130,130,130,156,168,168,174,182,192,192,303,303,295,295,297,297,29,40,60,72,84,96,128,140,149,161,173,285,297,325,33,17,17],"floor_reached":88,"language":"ENG","playtime":5893,"items_purged":["Strike_R","Strike_R","Strike_R","Defend_R","Defend_R","Bash","ReplayTheSpireMod:Strike From Hell"],"score":1402,"play_id":"a0bdc1fb-048d-4b5a-853e-5f2ffa929087","local_time":"20210214203540","is_ascension_mode":false,"campfire_choices":[{"data":"Inflame","floor":10.0,"key":"SMITH"},{"data":"Whirlwind","floor":12.0,"key":"SMITH"},{"data":"ReplayTheSpireMod:Muscle Training","floor":15.0,"key":"SMITH"},{"floor":23.0,"key":"REST"},{"floor":25.0,"key":"RECALL"},{"floor":32.0,"key":"REST"},{"data":"Anger","floor":40.0,"key":"SMITH"},{"data":"infinitespire:NeuralNetwork","floor":49.0,"key":"SMITH"},{"data":"Fire Breathing","floor":57.0,"key":"SMITH"},{"data":"infinitespire:Oblivion","floor":59.0,"key":"SMITH"},{"floor":62.0,"key":"DIG"},{"floor":66.0,"key":"DIG"},{"floor":76,"key":"DIG"},{"floor":80,"key":"DIG"},{"floor":83,"key":"DIG"}],"circlet_count":0,"master_deck":["Flex","ReplayTheSpireMod:Muscle Training+1","Pommel Strike","Inflame+1","ReplayTheSpireMod:Stacked+1","Whirlwind+1","Iron Wave","Wild Strike","Limit Break+1","Fire Breathing","hubris:InfiniteBlow+168","Flame Barrier+1","hubris:InfiniteBlow+168","Rupture","Fire Breathing+1","Metallicize","Anger+1","Offering+1","hubris:SharpeningStone+1","Replay:Undeath\u0027s Touch","Intimidate+1","Armaments+1","Madness+1","Madness+1","Flex+1","Intimidate+1","Flex+1","hubris:ReadiedAction+1","infinitespire:NeuralNetwork+1","Limit Break+1","Bloodletting+1","infinitespire:Oblivion+1","Ghostly Armor+1","Armaments+1","Barricade","Evolve","Demonic Infusion+1","Pommel Strike+1","Replay:Undeath\u0027s Touch","Metallicize","infinitespire:Collect+1"],"relics":["Burning Blood","hubris:IronBody","hubris:ChampionShield","Ring of Chaos","Toxic Egg 2","infinitespire:PuzzleCube","Nunchaku","Guide Book","Bird Faced Urn","StoneCalendar","Runic Dome","Toy Ornithopter","Lantern","Black Blood","Bronze Scales","Ooze Armor","Golden Idol","Shovel","Art of War","King of Hearts","MealTicket","Busted Crown","Blue Candle","Chemical X","MawBank","infinitespire:Lucky Rock","Replay:Accelerometer","Empty Cage","Gambling Chip","infinitespire:Midas Blood","hubris:ScarierMask","Gremlin Food"],"acts_visited":["Exordium","TheCity","TheBeyond","Exordium","Exordium","TheBeyond"],"potions_floor_usage":[79,84,88],"damage_taken":[{"damage":2.0,"enemies":"Small Slimes","floor":1.0,"turns":3.0},{"damage":6.0,"enemies":"Jaw Worm","floor":2.0,"turns":4.0},{"damage":4.0,"enemies":"infinitespire:Voidling","floor":4.0,"turns":3.0},{"damage":13.0,"enemies":"Looter","floor":5.0,"turns":4.0},{"damage":19.0,"enemies":"Replay:BlueRogue","floor":6.0,"turns":7.0},{"damage":14.0,"enemies":"3 Louse","floor":8.0,"turns":4.0},{"damage":7.0,"enemies":"Blue Slaver","floor":11.0,"turns":4.0},{"damage":0.0,"enemies":"2 Fungi Beasts","floor":13.0,"turns":2.0},{"damage":14.0,"enemies":"Large Slime","floor":14.0,"turns":4.0},{"damage":12.0,"enemies":"Fading Forest","floor":16.0,"turns":11.0},{"damage":1.0,"enemies":"3 Byrds","floor":18.0,"turns":4.0},{"damage":0.0,"enemies":"Replay:Snechameleon","floor":24.0,"turns":1.0},{"damage":0.0,"enemies":"Chosen","floor":27.0,"turns":1.0},{"damage":41.0,"enemies":"Slavers","floor":30.0,"turns":5.0},{"damage":5.0,"enemies":"Centurion and Healer","floor":31.0,"turns":3.0},{"damage":0.0,"enemies":"Automaton","floor":33.0,"turns":2.0},{"damage":31.0,"enemies":"3 Darklings","floor":35.0,"turns":3.0},{"damage":4.0,"enemies":"3 Shapes","floor":36.0,"turns":2.0},{"damage":10.0,"enemies":"Sphere and 2 Shapes","floor":38.0,"turns":5.0},{"damage":0.0,"enemies":"Nightmare","floor":41.0,"turns":1.0},{"damage":13.0,"enemies":"Transient","floor":42.0,"turns":5.0},{"damage":0.0,"enemies":"Spire Growth","floor":44.0,"turns":1.0},{"damage":6.0,"enemies":"Writhing Mass","floor":45.0,"turns":1.0},{"damage":15.0,"enemies":"4 Shapes","floor":46.0,"turns":6.0},{"damage":15.0,"enemies":"Replay:Hell Engine","floor":50.0,"turns":3.0},{"damage":6.0,"enemies":"Cultist","floor":52.0,"turns":1.0},{"damage":5.0,"enemies":"2 Louse","floor":53.0,"turns":3.0},{"damage":13.0,"enemies":"Jaw Worm","floor":61.0,"turns":2.0},{"damage":15.0,"enemies":"Exordium Thugs","floor":63.0,"turns":3.0},{"damage":11.0,"enemies":"2 Fungi Beasts","floor":64.0,"turns":2.0},{"damage":18.0,"enemies":"Lots of Slimes","floor":65.0,"turns":2.0},{"damage":0.0,"enemies":"Fading Forest","floor":67.0,"turns":3.0},{"damage":17.0,"enemies":"theJungle:GiantWrat","floor":69.0,"turns":5.0},{"damage":14.0,"enemies":"theJungle:MUSHROOMGANG","floor":70.0,"turns":3.0},{"damage":70.0,"enemies":"theJungle:2_Flameangoes","floor":71.0,"turns":3.0},{"damage":4.0,"enemies":"theJungle:MamaSnecko","floor":74.0,"turns":4.0},{"damage":23,"enemies":"Snake Plant","floor":75,"turns":3},{"damage":0,"enemies":"theJungle:SlimyTreeVines","floor":79,"turns":2},{"damage":6,"enemies":"theJungle:Snecko_Cultist_And_Trap","floor":81,"turns":4},{"damage":12,"enemies":"theJungle:QueenSpyder","floor":84,"turns":5},{"damage":20,"enemies":"Orb Walker","floor":86,"turns":2},{"damage":27,"enemies":"infinitespire:Three Voidlings","floor":88,"turns":3},{"damage":152,"enemies":"Nightmare_Alpha","floor":88,"turns":6}],"seed_played":"-6511335057559209487","potions_obtained":[{"floor":1.0,"key":"LiquidBronze"},{"floor":8.0,"key":"ElixirPotion"},{"floor":14.0,"key":"ColorlessPotion"},{"floor":16.0,"key":"hexamod:SoulburnPotion"},{"floor":20.0,"key":"Explosive Potion"},{"floor":30.0,"key":"Milkshake"},{"floor":33.0,"key":"PowerPotion"},{"floor":42.0,"key":"Explosive Potion"},{"floor":44.0,"key":"Swift Potion"},{"floor":46.0,"key":"Elixir"},{"floor":55.0,"key":"LiquidBronze"},{"floor":55.0,"key":"Slimebound:ThreeZeroPotion"},{"floor":61.0,"key":"Energy Potion"},{"floor":65.0,"key":"hexamod:SoulburnPotion"},{"floor":69.0,"key":"AttackPotion"},{"floor":70.0,"key":"Guardian:BlockOnCardUsePotion"},{"floor":79,"key":"Elixir"},{"floor":84,"key":"DuplicationPotion"},{"floor":86,"key":"Elixir"}],"is_trial":false,"path_per_floor":["M","M","?","M","M","E","?","M","T","R","M","R","M","M","R","B",null,"M","?","?","AVR","?","R","E","R","T","M","$","?","E","M","R","B",null,"M","M","$","M","?","R","NM","M","T","M","M","M","AVR","?","R","B",null,"M","M","?","?","$","R","AVR","R","T","M","R","M","M","M","R","B",null,"M","M","M","?","$","E","M","R","T","AVR","M","R","M","?","R","B",null,"M","$","?"],"character_chosen":"IRONCLAD","items_purchased":["Guide Book","Bird Faced Urn","Fire Breathing","Intimidate+1","Chemical X","Gremlin Food"],"campfire_rested":2,"item_purchase_floors":[28,28,28,37,73,87],"current_hp_per_floor":[88,88,91,91,84,71,71,63,63,63,62,62,68,60,60,76,91,91,68,32,32,32,59,65,65,65,71,71,71,38,41,68,76,91,66,70,70,76,65,65,71,79,79,85,91,87,87,87,87,91,91,91,91,69,69,69,69,69,69,69,80,80,91,91,91,91,91,91,91,91,42,37,52,79,78,78,78,78,91,91,91,91,91,91,91,89,91,0,0],"gold":17,"neow_bonus":"TEN_PERCENT_HP_BONUS","is_daily":false,"chose_seed":false,"campfire_upgraded":7,"win_rate":0.0,"timestamp":1613352940,"path_taken":["M","M","?","M","M","E","?","M","T","R","M","R","M","?","R","BOSS","M","?","?","AVR","?","R","E","R","T","M","$","?","E","M","R","BOSS","M","M","$","M","?","R","NM","M","T","M","M","M","AVR","?","R","BOSS","M","?","?","?","$","R","AVR","R","T","?","R","M","M","M","R","BOSS","M","M","M","?","$","E","M","R","T","AVR","M","R","M","?","R","BOSS","M","$","?"],"items_purchased_type":["Relic","Relic","Card","Card","Relic","Relic"],"build_version":"2020-12-22","purchased_purges":7,"victory":false,"max_hp_per_floor":[88,88,91,91,91,91,91,91,91,91,91,91,91,91,91,91,91,91,91,91,91,91,91,91,91,91,91,91,91,91,91,91,91,91,91,91,91,91,91,91,91,91,91,91,91,91,91,91,91,91,91,91,91,91,91,91,91,91,91,91,91,91,91,91,91,91,91,91,91,91,91,91,91,91,91,91,91,91,91,91,91,91,91,91,91,91,91,91,91],"card_choices":[{"not_picked":["ReplayTheSpireMod:Strike From Hell","Disarm"],"picked":"Flex","floor":1.0},{"not_picked":["ReplayReversal","ReplayTheSpireMod:LeadingStrike"],"picked":"ReplayTheSpireMod:Strike From Hell","floor":2.0},{"not_picked":["Seeing Red","ReplayTheSpireMod:Stacked"],"picked":"ReplayTheSpireMod:Muscle Training","floor":4.0},{"not_picked":["Run Through","Thunderclap"],"picked":"Pommel Strike","floor":5.0},{"not_picked":["Perfected Strike","Battle Trance"],"picked":"Inflame","floor":6.0},{"not_picked":["ReplayTheSpireMod:Strike From Hell","Sword Boomerang"],"picked":"ReplayTheSpireMod:Stacked","floor":8.0},{"not_picked":["Juggernaut","Clothesline"],"picked":"Whirlwind","floor":11.0},{"not_picked":["Battle Trance","Sword Boomerang"],"picked":"Iron Wave","floor":13.0},{"not_picked":["Massacre","Clothesline"],"picked":"Wild Strike","floor":14.0},{"not_picked":["Feed","Impervious"],"picked":"Limit Break","floor":16.0},{"not_picked":["Wild Strike","Cleave"],"picked":"Fire Breathing","floor":18.0},{"not_picked":["infinitespire:Collect","infinitespire:Gouge"],"picked":"hubris:InfiniteBlow+84","floor":19.0},{"not_picked":["Havoc+1","Bloodletting+1"],"picked":"Flame Barrier+1","floor":20.0},{"not_picked":["Power Through+1","Spot Weakness+1"],"picked":"Rupture","floor":24.0},{"not_picked":["Run Through","Warcry+1","ReplayReversal+1"],"picked":"SKIP","floor":27.0},{"not_picked":["Heavy Blade+1","Perfected Strike"],"picked":"Metallicize","floor":30.0},{"not_picked":["Pummel","Armaments+1"],"picked":"Anger","floor":31.0},{"not_picked":["Reaper","Eclipse+1"],"picked":"Offering+1","floor":33.0},{"not_picked":["Searing Blow+1","Spot Weakness+1"],"picked":"hubris:SharpeningStone+1","floor":35.0},{"not_picked":["Headbutt+1","ReplayTheSpireMod:Strike From Hell+1"],"picked":"Replay:Undeath\u0027s Touch","floor":36.0},{"not_picked":["Reckless Charge","ReplayTheSpireMod:Muscle Training+1"],"picked":"Armaments+1","floor":38.0},{"not_picked":["Hemokinesis+1","ReplayTheSpireMod:Limb From Limb+1"],"picked":"Flex+1","floor":41.0},{"not_picked":["Sword Boomerang","Replay:Undeath\u0027s Touch"],"picked":"Intimidate+1","floor":42.0},{"not_picked":["Twin Strike+1","Clothesline","Perfected Strike+1"],"picked":"SKIP","floor":44.0},{"not_picked":["Armaments+1","Second Wind+1"],"picked":"Flex+1","floor":45.0},{"not_picked":["Thunderclap","Bludgeon"],"picked":"hubris:ReadiedAction+1","floor":46.0},{"not_picked":["Bludgeon","Fiend Fire"],"picked":"Limit Break+1","floor":50.0},{"not_picked":["Dual Wield+1","Perfected Strike","Massacre"],"picked":"SKIP","floor":52.0},{"not_picked":["Body Slam","Dropkick"],"picked":"Bloodletting+1","floor":53.0},{"not_picked":["Abandon+1","Warcry+1"],"picked":"Ghostly Armor+1","floor":61.0},{"not_picked":["Iron Wave","Seeing Red+1"],"picked":"Armaments+1","floor":63.0},{"not_picked":["Thunderclap","Headbutt"],"picked":"Barricade","floor":64.0},{"not_picked":["Cleave","Sentinel+1"],"picked":"Evolve","floor":65.0},{"not_picked":["Barricade","Hemogenesis"],"picked":"Demonic Infusion+1","floor":67.0},{"not_picked":["Pummel"],"picked":"SKIP","floor":69.0},{"not_picked":["Cleave"],"picked":"SKIP","floor":70.0},{"not_picked":["ReplayTheSpireMod:Strike From Hell"],"picked":"SKIP","floor":71.0},{"not_picked":[],"picked":"Pommel Strike+1","floor":74.0},{"not_picked":[],"picked":"Replay:Undeath\u0027s Touch","floor":75},{"not_picked":["Massacre"],"picked":"SKIP","floor":79},{"not_picked":[],"picked":"Metallicize","floor":81},{"not_picked":["infinitespire:Menacing","infinitespire:SevenWalls"],"picked":"infinitespire:Collect","floor":85},{"not_picked":["Second Wind+1"],"picked":"SKIP","floor":86}],"player_experience":512011,"relics_obtained":[{"floor":6.0,"key":"hubris:IronBody"},{"floor":9.0,"key":"hubris:ChampionShield"},{"floor":20.0,"key":"Toxic Egg 2"},{"floor":24.0,"key":"Nunchaku"},{"floor":30.0,"key":"StoneCalendar"},{"floor":41.0,"key":"Toy Ornithopter"},{"floor":43.0,"key":"Lantern"},{"floor":60.0,"key":"Art of War"},{"floor":62.0,"key":"King of Hearts"},{"floor":66.0,"key":"MealTicket"},{"floor":74.0,"key":"MawBank"},{"floor":76,"key":"infinitespire:Lucky Rock"},{"floor":77,"key":"Replay:Accelerometer"},{"floor":80,"key":"Gambling Chip"},{"floor":83,"key":"infinitespire:Midas Blood"}],"event_choices":[{"cards_removed":["Strike_R"],"damage_healed":0.0,"max_hp_gain":0.0,"max_hp_loss":0.0,"gold_gain":0.0,"event_name":"Purifier","player_choice":"Purged","floor":7.0,"gold_loss":0.0,"damage_taken":0.0},{"damage_healed":0.0,"max_hp_gain":0.0,"max_hp_loss":0.0,"gold_gain":0.0,"event_name":"Vampires","player_choice":"Ignored","floor":29.0,"gold_loss":0.0,"damage_taken":0.0},{"damage_healed":0.0,"max_hp_gain":0.0,"max_hp_loss":0.0,"gold_gain":0.0,"event_name":"Winding Halls","player_choice":"Embrace Madness","floor":39.0,"gold_loss":0.0,"damage_taken":11.0,"cards_obtained":["Madness","Madness"]},{"cards_removed":["Strike_R"],"damage_healed":0.0,"max_hp_gain":0.0,"max_hp_loss":0.0,"gold_gain":0.0,"event_name":"Designer","player_choice":"Single Remove","floor":48.0,"gold_loss":60.0,"damage_taken":0.0},{"damage_healed":0.0,"max_hp_gain":0.0,"max_hp_loss":0.0,"gold_gain":0.0,"event_name":"Golden Idol","player_choice":"Take Damage","floor":54.0,"gold_loss":0.0,"damage_taken":22.0,"relics_obtained":["Golden Idol"]},{"damage_healed":0.0,"max_hp_gain":0.0,"max_hp_loss":0.0,"gold_gain":0.0,"event_name":"Lab","player_choice":"Got Potions","floor":55.0,"gold_loss":0.0,"damage_taken":0.0}],"is_beta":false,"boss_relics":[{"not_picked":["Honey Jar","Replay:Drink Me"],"picked":"Ring of Chaos"},{"not_picked":["hubris:TerracottaHorce","SlaversCollar"],"picked":"Runic Dome"},{"not_picked":["Coffee Dripper","hubris:GrandSneckoEye"],"picked":"Ooze Armor"},{"not_picked":["Kintsugi","Abe\u0027s Treasure"],"picked":"Busted Crown"},{"not_picked":["hubris:VirtuousBlindfold","Coffee Dripper"],"picked":"hubris:ScarierMask"}],"items_purged_floors":[21,37,56,58,73,78,87],"is_endless":true,"potions_floor_spawned":[1,8,14,16,30,33,42,44,46,61,65,69,70,79,84,86],"killed_by":"Nightmare_Alpha","ascension_level":0}}