{"host":"wwt1zra1toemgy1w","time":1613414083,"event":{"mods":["BaseMod","Lobotomy","Minty Spire (QoL Compilation)","StSLib"],"gold_per_floor":[119,135,148,166,179,179,204,220,220,110,110,110,110,130,130,231,231,231],"floor_reached":17,"language":"ENG","playtime":1435,"items_purged":["Defend_B"],"score":159,"play_id":"55842a71-9753-4782-bfe8-94c19d0b49da","local_time":"20210215103443","is_ascension_mode":false,"campfire_choices":[{"data":"Redo","floor":6,"key":"SMITH"},{"data":"Go for the Eyes","floor":12,"key":"SMITH"},{"data":"Zap","floor":15,"key":"SMITH"}],"circlet_count":0,"master_deck":["Strike_B","Strike_B","Strike_B","Strike_B","Defend_B","Defend_B","Defend_B","Zap+1","Dualcast+1","FTL","Glacier","Go for the Eyes+1","Self Repair","Redo+1","Melter","Leap","BootSequence","Conserve Battery","Reboot"],"relics":["Cracked Core","Boot","Vajra","Nuclear Battery"],"acts_visited":["Exordium","TheCity"],"potions_floor_usage":[7,7,7,16,16],"damage_taken":[{"damage":2,"enemies":"2 Louse","floor":1,"turns":2},{"damage":0,"enemies":"Cultist","floor":2,"turns":3},{"damage":1,"enemies":"Jaw Worm","floor":3,"turns":2},{"damage":0,"enemies":"Red Slaver","floor":4,"turns":3},{"damage":0,"enemies":"Exordium Wildlife","floor":5,"turns":3},{"damage":16,"enemies":"Lagavulin","floor":7,"turns":4},{"damage":9,"enemies":"Blue Slaver","floor":8,"turns":3},{"damage":0,"enemies":"Gremlin Gang","floor":14,"turns":4},{"damage":25,"enemies":"Slime Boss","floor":16,"turns":13}],"seed_played":"-798551281507674766","potions_obtained":[{"floor":1,"key":"Strength Potion"},{"floor":3,"key":"LiquidBronze"},{"floor":4,"key":"EssenceOfDarkness"},{"floor":7,"key":"GamblersBrew"},{"floor":14,"key":"FearPotion"},{"floor":16,"key":"Weak Potion"}],"is_trial":false,"path_per_floor":["M","M","M","M","M","R","E","M","T","$","?","R","?","M","R","B",null],"character_chosen":"DEFECT","items_purchased":["BootSequence"],"campfire_rested":0,"item_purchase_floors":[10],"current_hp_per_floor":[73,73,72,72,75,75,66,64,64,64,64,64,64,71,71,53,75,75],"gold":231,"neow_bonus":"UPGRADE_CARD","is_daily":false,"chose_seed":false,"campfire_upgraded":3,"win_rate":0.0,"timestamp":1613414083,"path_taken":["M","M","M","M","M","R","E","M","T","$","?","R","?","M","R","BOSS"],"items_purchased_type":["Card"],"build_version":"2020-12-22","purchased_purges":1,"victory":false,"max_hp_per_floor":[75,75,75,75,75,75,75,75,75,75,75,75,75,75,75,75,75,75],"card_choices":[{"not_picked":["Reprogram","Barrage"],"picked":"FTL","floor":1},{"not_picked":["Aggregate","Steam Power"],"picked":"Glacier","floor":2},{"not_picked":["Tempest","Capacitor"],"picked":"Go for the Eyes","floor":3},{"not_picked":["Static Discharge","Coolheaded"],"picked":"Self Repair","floor":4},{"not_picked":["Hologram","White Noise"],"picked":"Redo","floor":5},{"not_picked":["Stack","Capacitor"],"picked":"Melter","floor":7},{"not_picked":["Chaos","Chill"],"picked":"Leap","floor":8},{"not_picked":["Double Energy","Loop"],"picked":"Conserve Battery","floor":14},{"not_picked":["Biased Cognition","Electrodynamics"],"picked":"Reboot","floor":16}],"player_experience":2961,"relics_obtained":[{"floor":7,"key":"Boot"},{"floor":9,"key":"Vajra"}],"event_choices":[{"damage_healed":0,"gold_gain":0,"player_choice":"Ignored","damage_taken":0,"max_hp_gain":0,"max_hp_loss":0,"event_name":"Golden Idol","floor":11,"gold_loss":0},{"damage_healed":0,"gold_gain":0,"player_choice":"Ignored","damage_taken":0,"max_hp_gain":0,"max_hp_loss":0,"event_name":"NoteForYourself","floor":13,"gold_loss":0}],"is_beta":false,"boss_relics":[{"not_picked":["Inserter","Velvet Choker"],"picked":"Nuclear Battery"}],"items_purged_floors":[10],"is_endless":false,"potions_floor_spawned":[1,3,4,7,14,16],"ascension_level":0}}