{"host":"y4mx56vxqys6xwyn","time":1613366379,"event":{"mods":["BaseMod","Hermit","Minty Spire (QoL Compilation)","StSLib"],"gold_per_floor":[117,192,210,210,224,244,254,269,320,320,353,353,370,388,388,490,490,490,490,490,490,7,7,7,7,7,7,7,7,7,7],"floor_reached":30,"language":"ENG","playtime":1867,"items_purged":["Dagger Throw"],"score":254,"play_id":"8ad6076f-aee2-4d8b-bfd2-e1ba36d60c0b","local_time":"20210214231939","is_ascension_mode":false,"campfire_choices":[{"floor":10,"key":"REST"},{"floor":12,"key":"REST"},{"data":"Sucker Punch","floor":15,"key":"SMITH"},{"floor":23,"key":"REST"},{"floor":28,"key":"REST"}],"circlet_count":0,"master_deck":["Strike_G","Strike_G","Strike_G","Strike_G","Defend_G","Defend_G","Defend_G","Defend_G","Defend_G","Survivor","Neutralize","Swift Strike","Dash","Sucker Punch+1","Dagger Throw","Cloak And Dagger","Cloak And Dagger","Flying Knee","Leg Sweep","Distraction","Glass Knife","Quick Slash","Storm of Steel+1","Dagger Throw+1","Flying Knee","Prepared+1","Infinite Blades","Apotheosis","Adrenaline","Blade Dance","Blade Dance","Shame","Adrenaline","Blade Dance"],"relics":["Ring of the Snake","Dream Catcher","Pen Nib","Ectoplasm","Question Card","The Specimen","Regal Pillow"],"acts_visited":["Exordium","TheCity"],"potions_floor_usage":[16,21,24,27,30],"damage_taken":[{"damage":0,"enemies":"Small Slimes","floor":1,"turns":3},{"damage":3,"enemies":"Jaw Worm","floor":3,"turns":4},{"damage":0,"enemies":"Cultist","floor":5,"turns":4},{"damage":0,"enemies":"Red Slaver","floor":6,"turns":3},{"damage":0,"enemies":"2 Fungi Beasts","floor":7,"turns":4},{"damage":12,"enemies":"3 Louse","floor":8,"turns":3},{"damage":11,"enemies":"3 Sentries","floor":11,"turns":9},{"damage":1,"enemies":"Large Slime","floor":13,"turns":5},{"damage":9,"enemies":"Exordium Thugs","floor":14,"turns":4},{"damage":31,"enemies":"The Guardian","floor":16,"turns":12},{"damage":24,"enemies":"3 Byrds","floor":18,"turns":5},{"damage":0,"enemies":"Spheric Guardian","floor":20,"turns":3},{"damage":3,"enemies":"Centurion and Healer","floor":21,"turns":6},{"damage":38,"enemies":"Shelled Parasite and Fungi","floor":24,"turns":4},{"damage":10,"enemies":"Book of Stabbing","floor":27,"turns":3},{"damage":47,"enemies":"Gremlin Leader","floor":30,"turns":7}],"seed_played":"88500786039411160","potions_obtained":[{"floor":3,"key":"Poison Potion"},{"floor":4,"key":"CultistPotion"},{"floor":4,"key":"GamblersBrew"},{"floor":4,"key":"Poison Potion"},{"floor":5,"key":"Fire Potion"},{"floor":8,"key":"Strength Potion"},{"floor":16,"key":"SteroidPotion"},{"floor":20,"key":"SteroidPotion"},{"floor":24,"key":"AttackPotion"}],"is_trial":false,"path_per_floor":["M","?","M","?","M","M","M","M","T","R","E","R","M","M","R","B",null,"M","?","M","M","$","R","M","?","T","E","R","?","E"],"character_chosen":"THE_SILENT","items_purchased":["Infinite Blades","Apotheosis","Adrenaline"],"campfire_rested":4,"item_purchase_floors":[22,22,22],"current_hp_per_floor":[70,59,56,56,56,56,56,44,44,65,54,70,69,60,60,29,70,46,46,46,43,43,64,26,26,26,16,52,52,5,5],"gold":7,"neow_bonus":"RANDOM_COLORLESS","is_daily":false,"chose_seed":false,"campfire_upgraded":1,"win_rate":0.0,"timestamp":1613366379,"path_taken":["M","?","M","?","M","M","M","M","T","R","E","R","M","M","R","BOSS","M","?","?","M","$","R","M","?","T","E","R","?","E"],"items_purchased_type":["Card","Card","Card"],"build_version":"2020-12-22","purchased_purges":1,"victory":false,"max_hp_per_floor":[70,70,70,70,70,70,70,70,70,70,70,70,70,70,70,70,70,70,70,70,70,70,70,70,70,70,70,70,70,70,70],"card_choices":[{"not_picked":["Impatience","Purity"],"picked":"Swift Strike","floor":0},{"not_picked":["Backflip","Bane"],"picked":"Dash","floor":1},{"not_picked":["Acrobatics","Bouncing Flask"],"picked":"Sucker Punch","floor":3},{"not_picked":["Flying Knee","Reflex"],"picked":"Dagger Throw","floor":5},{"not_picked":["Deadly Poison","Reflex"],"picked":"Cloak And Dagger","floor":6},{"not_picked":["Bane","Predator"],"picked":"Cloak And Dagger","floor":7},{"not_picked":["PiercingWail","Dodge and Roll"],"picked":"Flying Knee","floor":8},{"not_picked":["Heel Hook","Quick Slash"],"picked":"Leg Sweep","floor":10},{"not_picked":["Deadly Poison","Tactician"],"picked":"Distraction","floor":11},{"not_picked":["Expertise","Dodge and Roll"],"picked":"Dagger Throw","floor":12},{"not_picked":["Dagger Throw","Acrobatics"],"picked":"Glass Knife","floor":13},{"not_picked":["Acrobatics","Poisoned Stab"],"picked":"Quick Slash","floor":14},{"not_picked":["Unload","Adrenaline"],"picked":"Storm of Steel","floor":16},{"not_picked":["Eviscerate","Poisoned Stab"],"picked":"Dagger Throw+1","floor":18},{"not_picked":["Deadly Poison+1","Noxious Fumes"],"picked":"Flying Knee","floor":20},{"not_picked":["Outmaneuver","Deadly Poison"],"picked":"Prepared+1","floor":21},{"not_picked":["Dodge and Roll","Leg Sweep"],"picked":"Blade Dance","floor":23},{"not_picked":["Flying Knee","Prepared+1"],"picked":"Blade Dance","floor":24},{"not_picked":["Unload","Acrobatics","Sucker Punch"],"picked":"Adrenaline","floor":27},{"not_picked":["Outmaneuver","Reflex","Dodge and Roll"],"picked":"Blade Dance","floor":28}],"player_experience":54654,"relics_obtained":[{"floor":9,"key":"Dream Catcher"},{"floor":11,"key":"Pen Nib"},{"floor":26,"key":"The Specimen"},{"floor":27,"key":"Regal Pillow"}],"event_choices":[{"damage_healed":0,"gold_gain":75,"player_choice":"Gather Gold","damage_taken":11,"max_hp_gain":0,"max_hp_loss":0,"event_name":"World of Goop","floor":2,"gold_loss":0},{"damage_healed":0,"gold_gain":0,"player_choice":"Got Potions","damage_taken":0,"max_hp_gain":0,"max_hp_loss":0,"event_name":"Lab","floor":4,"gold_loss":0},{"damage_healed":0,"gold_gain":0,"player_choice":"Upgraded","damage_taken":0,"max_hp_gain":0,"max_hp_loss":0,"event_name":"Upgrade Shrine","floor":19,"gold_loss":0,"cards_upgraded":["Storm of Steel"]},{"damage_healed":0,"gold_gain":0,"player_choice":"Stole Relic","damage_taken":0,"relics_obtained":["Question Card"],"max_hp_gain":0,"max_hp_loss":0,"event_name":"Addict","floor":25,"gold_loss":0,"cards_obtained":["Shame"]},{"cards_removed":["Strike_G"],"damage_healed":0,"gold_gain":0,"player_choice":"Elegance","damage_taken":0,"max_hp_gain":0,"max_hp_loss":0,"event_name":"Back to Basics","floor":29,"gold_loss":0}],"is_beta":false,"boss_relics":[{"not_picked":["Philosopher\u0027s Stone","Tiny House"],"picked":"Ectoplasm"}],"items_purged_floors":[22],"is_endless":false,"potions_floor_spawned":[3,5,8,16,20,24],"killed_by":"Gremlin Leader","ascension_level":0}}