{"host":"81iaqqr1ryudmr11","time":1613379062,"event":{"mods":["BaseMod","Highlight Path","Minty Spire (QoL Compilation)","Relic Stats"],"gold_per_floor":[109,124,124,124,134,164,164,195,245,259,259,259,2,17,17,121,121,136,136,86,104,104,130,142,154,191,234,246,273,285,285],"floor_reached":30,"language":"ENG","playtime":1810,"items_purged":["Defend_P"],"score":384,"play_id":"f1ed2e04-25fe-4d9d-8e85-650633f8d454","local_time":"20210215095102","is_ascension_mode":true,"campfire_choices":[{"data":"Eruption","floor":7.0,"key":"SMITH"},{"floor":11.0,"key":"REST"},{"data":"Wallop","floor":15.0,"key":"SMITH"},{"data":"Fasting2","floor":25,"key":"SMITH"}],"circlet_count":0,"master_deck":["Defend_P","Defend_P","Defend_P","Eruption+1","Vigilance+1","CrushJoints","MentalFortress","Wallop+1","EmptyFist","Clumsy","DevaForm","Master of Strategy","Fasting2+1","Blasphemy","Bite","Bite","Bite","Bite","Bite","CutThroughFate","WheelKick","FearNoEvil+1","Adaptation"],"relics":["Cursed Key","Ornamental Fan","Toy Ornithopter","Sundial","CultistMask","Black Star","MawBank","Omamori","Lantern","Ice Cream","Nunchaku","Tiny Chest"],"acts_visited":["Exordium","TheCity"],"potions_floor_usage":[18,18,23],"damage_taken":[{"damage":0.0,"enemies":"Jaw Worm","floor":1.0,"turns":5.0},{"damage":5.0,"enemies":"Small Slimes","floor":2.0,"turns":2.0},{"damage":0.0,"enemies":"2 Louse","floor":5.0,"turns":3.0},{"damage":10.0,"enemies":"Lagavulin","floor":6.0,"turns":7.0},{"damage":21.0,"enemies":"3 Sentries","floor":8.0,"turns":10.0},{"damage":0.0,"enemies":"Red Slaver","floor":10.0,"turns":2.0},{"damage":0.0,"enemies":"Looter","floor":14.0,"turns":3.0},{"damage":7.0,"enemies":"Hexaghost","floor":16.0,"turns":8.0},{"damage":24,"enemies":"3 Byrds","floor":18,"turns":7},{"damage":25,"enemies":"Shell Parasite","floor":21,"turns":5},{"damage":30,"enemies":"Gremlin Leader","floor":23,"turns":6},{"damage":32,"enemies":"Book of Stabbing","floor":27,"turns":5},{"damage":1,"enemies":"3 Cultists","floor":29,"turns":4},{"damage":20,"enemies":"Centurion and Healer","floor":30,"turns":2}],"seed_played":"-2607222659252863376","potions_obtained":[{"floor":1.0,"key":"FearPotion"},{"floor":8.0,"key":"ColorlessPotion"},{"floor":10.0,"key":"SneckoOil"},{"floor":18,"key":"GamblersBrew"}],"is_trial":false,"path_per_floor":["M","M","?","?","M","E","R","E","T","M","R","?","$","M","R","B",null,"M","?","$","M","?","E","?","R","T","E","T","M","M"],"character_chosen":"WATCHER","items_purchased":["Master of Strategy","CutThroughFate"],"campfire_rested":1,"item_purchase_floors":[13,20],"current_hp_per_floor":[65,60,46,39,39,29,29,8,8,8,29,29,29,29,29,27,61,47,47,47,34,34,25,25,25,25,3,3,14,0,0],"gold":285,"neow_bonus":"BOSS_RELIC","is_daily":false,"chose_seed":false,"campfire_upgraded":3,"win_rate":0.0,"timestamp":1613379062,"path_taken":["M","M","?","?","M","E","R","E","T","M","R","?","$","?","R","BOSS","M","?","$","M","?","E","?","R","T","E","?","?","?"],"items_purchased_type":["Card","Card"],"build_version":"2020-12-22","purchased_purges":1,"victory":false,"max_hp_per_floor":[72,72,72,72,72,72,72,72,72,72,72,72,72,72,72,72,72,72,50,50,50,50,50,50,50,50,50,50,50,50,50],"relic_stats":{"Nunchaku":[1],"counters":[14,69],"Ornamental Fan":[96],"Sundial":[6],"Tiny Chest":0,"Black Star":2,"Cursed Key":3,"MawBank":84,"obtain_stats":[{"Ice Cream":27,"Lantern":26,"Omamori":23,"Cursed Key":0,"MawBank":23,"Nunchaku":27,"Ornamental Fan":4,"Sundial":8,"Tiny Chest":28,"CultistMask":12,"Black Star":17,"PureWater":0,"Toy Ornithopter":6},{"Ice Cream":12,"Lantern":11,"Omamori":11,"Cursed Key":0,"MawBank":11,"Nunchaku":12,"Ornamental Fan":2,"Sundial":5,"Tiny Chest":12,"CultistMask":6,"Black Star":8,"PureWater":0,"Toy Ornithopter":4},{"Ice Cream":63,"Lantern":58,"Omamori":58,"Cursed Key":0,"MawBank":58,"Nunchaku":63,"Ornamental Fan":7,"Sundial":27,"Tiny Chest":63,"CultistMask":29,"Black Star":40,"PureWater":0,"Toy Ornithopter":17}],"Toy Ornithopter":20},"card_choices":[{"not_picked":["Conclude","TalkToTheHand"],"picked":"CrushJoints","floor":1.0},{"not_picked":["Swivel","Vengeance"],"picked":"MentalFortress","floor":2.0},{"not_picked":["BowlingBash","ThirdEye"],"picked":"Wallop","floor":5.0},{"not_picked":["DeceiveReality","CarveReality","CrushJoints"],"picked":"SKIP","floor":6.0},{"not_picked":["Crescendo","CrushJoints"],"picked":"EmptyFist","floor":8.0},{"not_picked":["Collect","Prostrate"],"picked":"DevaForm","floor":10.0},{"not_picked":["Evaluate","Swivel"],"picked":"Fasting2","floor":14.0},{"not_picked":["Establishment","MasterReality"],"picked":"Blasphemy","floor":16.0},{"not_picked":["SashWhip","Pray","ForeignInfluence"],"picked":"SKIP","floor":18},{"not_picked":["Tantrum","TalkToTheHand","EmptyFist"],"picked":"SKIP","floor":21},{"not_picked":["FlyingSleeves","Halt"],"picked":"FearNoEvil+1","floor":23},{"not_picked":["Protect","Weave"],"picked":"Adaptation","floor":27},{"not_picked":["FlyingSleeves","SashWhip","Pray+1"],"picked":"SKIP","floor":29}],"player_experience":205595,"relics_obtained":[{"floor":6.0,"key":"Toy Ornithopter"},{"floor":8.0,"key":"Sundial"},{"floor":23,"key":"MawBank"},{"floor":23,"key":"Omamori"},{"floor":26,"key":"Lantern"},{"floor":27,"key":"Ice Cream"},{"floor":27,"key":"Nunchaku"},{"floor":28,"key":"Tiny Chest"}],"event_choices":[{"damage_healed":0.0,"max_hp_gain":0.0,"max_hp_loss":0.0,"gold_gain":0.0,"event_name":"Shining Light","player_choice":"Entered Light","floor":3.0,"gold_loss":0.0,"damage_taken":14.0,"cards_upgraded":["Strike_P","Vigilance"]},{"damage_healed":0.0,"max_hp_gain":0.0,"max_hp_loss":0.0,"gold_gain":0.0,"event_name":"Scrap Ooze","player_choice":"Success","floor":4.0,"gold_loss":0.0,"damage_taken":7.0,"relics_obtained":["Ornamental Fan"]},{"damage_healed":0.0,"max_hp_gain":0.0,"max_hp_loss":0.0,"gold_gain":0.0,"event_name":"FaceTrader","player_choice":"Trade","floor":12.0,"gold_loss":0.0,"damage_taken":0.0,"relics_obtained":["CultistMask"]},{"damage_healed":0,"gold_gain":0,"player_choice":"Became a vampire","damage_taken":0,"max_hp_gain":0,"max_hp_loss":22,"event_name":"Vampires","floor":19,"gold_loss":0,"cards_obtained":["Bite","Bite","Bite","Bite","Bite"]},{"damage_healed":0,"gold_gain":0,"player_choice":"Read","damage_taken":0,"max_hp_gain":0,"max_hp_loss":0,"event_name":"The Library","floor":22,"gold_loss":0,"cards_obtained":["WheelKick"]},{"damage_healed":0,"gold_gain":0,"player_choice":"Ignored","damage_taken":0,"max_hp_gain":0,"max_hp_loss":0,"event_name":"Ghosts","floor":24,"gold_loss":0}],"is_beta":false,"boss_relics":[{"not_picked":["Calling Bell","Ectoplasm"],"picked":"Black Star"}],"items_purged_floors":[13],"is_endless":false,"potions_floor_spawned":[1,8,10,18],"killed_by":"Centurion and Healer","ascension_level":6}}