{"host":"ehgz297skgb1u9fr","time":1613372424,"event":{"mods":["2.2 Compatiblity","Act Like it!","Aspiration","BaseMod","Better Note","Conspire","Energized Spire","Hermit","Hubris","Minty Spire (QoL Compilation)","RRrroohrrRGHHhhh!!","Reliquary","Replay The Spire","Retaliation","Shop Mod","StSLib","Wandering Minibosses","Wide Potions"],"gold_per_floor":[117,67,101,115,126,160,175,194,194,194,278,308,308,308,308,412,412,429,429,389,30,44,77,77,88,88,88,104,136,136,136,136,239,239,257,257,271,19,29,29,49,64,64,81,81,81,95,106,156,156,156,156,29,58,58],"floor_reached":56,"language":"ENG","playtime":4653,"items_purged":["hermit:Grudge"],"score":1274,"play_id":"9c88cae2-5c13-4f64-918d-bc85d89a6ea5","local_time":"20210215010024","is_ascension_mode":false,"campfire_choices":[{"floor":13.0,"key":"REST"},{"data":"hermit:CursedWeapon","floor":15.0,"key":"SMITH"},{"floor":24.0,"key":"REST"},{"floor":27.0,"key":"RECALL"},{"data":"hermit:Grudge","floor":30.0,"key":"SMITH"},{"floor":32.0,"key":"REST"},{"data":"hermit:DeadMansHand","floor":40.0,"key":"SMITH"},{"floor":45.0,"key":"REST"},{"data":"hermit:Manifest","floor":52,"key":"SMITH"}],"circlet_count":0,"master_deck":["conspire:GhostlyStrike+1","conspire:GhostlyStrike","conspire:GhostlyStrike","conspire:GhostlyStrike","conspire:GhostlyDefend+1","conspire:GhostlyDefend","conspire:GhostlyDefend","hermit:Snapshot+1","hermit:Covet","hermit:Dive","hermit:Midnight","hermit:CursedWeapon+1","ReplayTheSpireMod:Splinters","hermit:Manifest+1","hermit:FromBeyond+1","hermit:Malice","Adrenaline+1","hermit:CursedWeapon","hermit:RoundhouseKick+1","hermit:Malice","hermit:Grudge+1","hermit:FatalDesire+1","hermit:DeadMansHand+1","hermit:Adapt+1","hermit:Determination","hermit:Reprieve+1"],"relics":["hermit:Momento","Iron Hammer","FossilizedHelix","Golden Egg","Lizard Tail","aspiration:RandomNobGenerator","aspiration:KaomsHeart"],"acts_visited":["Exordium","TheCity","TheBeyond","TheEnding"],"potions_floor_usage":[50,55,55,55],"damage_taken":[{"damage":1.0,"enemies":"Jaw Worm","floor":1.0,"turns":3.0},{"damage":6.0,"enemies":"conspire:MimicChest","floor":3.0,"turns":6.0},{"damage":0.0,"enemies":"conspire:RoseBush","floor":4.0,"turns":1.0},{"damage":0.0,"enemies":"2 Louse","floor":5.0,"turns":1.0},{"damage":0.0,"enemies":"3 Sentries","floor":6.0,"turns":1.0},{"damage":0.0,"enemies":"2 Fungi Beasts","floor":7.0,"turns":4.0},{"damage":0.0,"enemies":"Large Slime","floor":8.0,"turns":6.0},{"damage":18.0,"enemies":"Lagavulin","floor":12.0,"turns":7.0},{"damage":41.0,"enemies":"Slime Boss","floor":16.0,"turns":9.0},{"damage":58.0,"enemies":"Shell Parasite","floor":18.0,"turns":7.0},{"damage":34.0,"enemies":"Chosen","floor":22.0,"turns":6.0},{"damage":4.0,"enemies":"conspire:Head Lice","floor":23.0,"turns":6.0},{"damage":6.0,"enemies":"Centurion and Healer","floor":25.0,"turns":4.0},{"damage":25.0,"enemies":"Snake Plant","floor":28.0,"turns":3.0},{"damage":2.0,"enemies":"Slavers","floor":29.0,"turns":4.0},{"damage":48.0,"enemies":"Automaton","floor":33.0,"turns":8.0},{"damage":6.0,"enemies":"3 Shapes","floor":35.0,"turns":2.0},{"damage":2.0,"enemies":"3 Darklings","floor":37.0,"turns":2.0},{"damage":13.0,"enemies":"4 Shapes","floor":39.0,"turns":2.0},{"damage":0.0,"enemies":"Jaw Worm Horde","floor":41.0,"turns":1.0},{"damage":2.0,"enemies":"3 Darklings","floor":42.0,"turns":2.0},{"damage":49.0,"enemies":"Writhing Mass","floor":44.0,"turns":6.0},{"damage":2,"enemies":"Jaw Worm Horde","floor":47,"turns":2},{"damage":4,"enemies":"3 Darklings","floor":48,"turns":2},{"damage":17,"enemies":"2 Orb Walkers","floor":49,"turns":3},{"damage":108,"enemies":"Awakened One","floor":50,"turns":8},{"damage":42,"enemies":"Shield and Spear","floor":54,"turns":6},{"damage":197,"enemies":"The Heart","floor":55,"turns":9}],"seed_played":"1391722855872978234","potions_obtained":[{"floor":1.0,"key":"Explosive Potion"},{"floor":4.0,"key":"conspire:TimeTravelPotion"},{"floor":5.0,"key":"Explosive Potion"},{"floor":20.0,"key":"hermit:BlackBile"},{"floor":20.0,"key":"Cursed Concoction"},{"floor":20.0,"key":"Dexterity Potion"},{"floor":22.0,"key":"LiquidBronze"},{"floor":28.0,"key":"hermit:Tonic"},{"floor":33.0,"key":"PowerPotion"},{"floor":35.0,"key":"AttackPotion"},{"floor":37.0,"key":"Adrenaline Potion"},{"floor":42.0,"key":"ColorlessPotion"},{"floor":44.0,"key":"PowerPotion"},{"floor":49,"key":"Adrenaline Potion"},{"floor":54,"key":"Energy Potion"}],"is_trial":false,"path_per_floor":["M","?","?","M","M","E","M","M","T","?","?","E","R","?","R","B",null,"M","?","?","$","M","E","R","M","T","R","M","E","R","$","R","B",null,"M","?","M","$","M","R","M","M","T","M","R","?","M","M","R","B",null,"R","$","E","B",null],"character_chosen":"HERMIT","items_purchased":["aspiration:KaomsHeart","aspiration:KMNothing","aspiration:KMNothing","aspiration:KMNothing","MerchantsRug","aspiration:KMNothing","aspiration:KMNothing","aspiration:KMNothing","hermit:Adapt+1","aspiration:KMNothing","aspiration:KMNothing","aspiration:KMNothing","Fire Potion"],"campfire_rested":4,"item_purchase_floors":[21,31,31,31,38,38,38,38,38,53,53,53,53],"current_hp_per_floor":[74,74,68,68,68,68,68,68,68,53,53,35,57,57,57,16,75,17,17,17,117,83,79,131,125,125,125,100,98,98,98,150,102,175,169,169,167,167,154,154,154,152,152,103,155,155,153,157,140,48,175,175,175,137,41],"gold":58,"neow_bonus":"UPGRADE_CARD","is_daily":false,"chose_seed":false,"campfire_upgraded":4,"win_rate":0.0,"timestamp":1613372424,"path_taken":["M","?","?","M","M","E","M","M","T","?","?","E","R","?","R","BOSS","M","?","?","$","M","E","R","?","T","R","M","E","R","$","R","BOSS","M","?","M","$","M","R","M","M","T","M","R","?","M","M","R","BOSS","R","$","E","BOSS"],"items_purchased_type":["Relic","Relic","Relic","Relic","Relic","Relic","Relic","Relic","Card","Relic","Relic","Relic","Potion"],"build_version":"2020-12-22","purchased_purges":1,"victory":true,"max_hp_per_floor":[75,75,75,75,75,75,75,75,75,75,75,75,75,75,75,75,75,75,75,75,175,175,175,175,175,175,175,175,175,175,175,175,175,175,175,175,175,175,175,175,175,175,175,175,175,175,175,175,175,175,175,175,175,175,175],"card_choices":[{"not_picked":["hermit:Combo","hermit:Snipe"],"picked":"hermit:BigShot","floor":1.0},{"not_picked":["hermit:Feint","hermit:BodyArmor","hermit:Quickdraw"],"picked":"SKIP","floor":4.0},{"not_picked":["hermit:Glare","hermit:ItchyTrigger"],"picked":"hermit:Dive","floor":5.0},{"not_picked":["hermit:DeadMansHand","hermit:GhostlyPresence"],"picked":"hermit:Midnight","floor":6.0},{"not_picked":["hermit:HoleUp","hermit:TakeAim","hermit:Vantage"],"picked":"SKIP","floor":7.0},{"not_picked":["hermit:FullyLoaded","hermit:BodyArmor"],"picked":"hermit:CursedWeapon","floor":8.0},{"not_picked":["hermit:Feint","hermit:Gestalt"],"picked":"hermit:Manifest","floor":11.0},{"not_picked":["hermit:HoleUp","hermit:Desperado","hermit:FullyLoaded"],"picked":"SKIP","floor":12.0},{"not_picked":["hermit:HighNoon","hermit:Reprieve"],"picked":"hermit:FromBeyond","floor":16.0},{"not_picked":["hermit:Cheat","hermit:HighCaliber"],"picked":"hermit:Malice","floor":18.0},{"not_picked":["hermit:LowProfile","hermit:Quickdraw"],"picked":"hermit:CursedWeapon","floor":22.0},{"not_picked":["hermit:PistolWhip","hermit:Misfire+1"],"picked":"hermit:RoundhouseKick","floor":23.0},{"not_picked":["hermit:Misfire","hermit:PistolWhip","hermit:Coalescence+1"],"picked":"SKIP","floor":25.0},{"not_picked":["hermit:Vantage","hermit:Headshot"],"picked":"hermit:Malice","floor":28.0},{"not_picked":["hermit:Spite","hermit:TakeCover"],"picked":"hermit:Grudge","floor":29.0},{"not_picked":["hermit:FromBeyond","hermit:Magnum"],"picked":"hermit:FatalDesire","floor":33.0},{"not_picked":["hermit:Manifest","hermit:CalledShot","hermit:Showdown+1"],"picked":"SKIP","floor":35.0},{"not_picked":["hermit:Desperado","hermit:TakeAim"],"picked":"hermit:DeadMansHand","floor":37.0},{"not_picked":["hermit:Headshot+1","hermit:Combo+1","hermit:HighCaliber"],"picked":"SKIP","floor":39.0},{"not_picked":["hermit:Malice","hermit:Feint+1"],"picked":"hermit:Grudge","floor":41.0},{"not_picked":["hermit:Ricochet+1","hermit:Virtue","hermit:DeadMansHand"],"picked":"SKIP","floor":42.0},{"not_picked":["hermit:Virtue+1","hermit:Combo","hermit:GhostlyPresence+1"],"picked":"SKIP","floor":44.0},{"not_picked":["hermit:HoleUp+1","hermit:Gestalt"],"picked":"hermit:Reprieve","floor":47},{"not_picked":["hermit:CursedWeapon+1","hermit:Feint","hermit:LuckOfTheDraw+1"],"picked":"SKIP","floor":48},{"not_picked":["hermit:CursedWeapon+1","hermit:Feint","hermit:LuckOfTheDraw+1"],"picked":"SKIP","floor":48},{"not_picked":["hermit:Purgatory","hermit:Desperado+1","hermit:Malice+1"],"picked":"SKIP","floor":54}],"player_experience":450206,"relics_obtained":[{"floor":3.0,"key":"Iron Hammer"},{"floor":6.0,"key":"FossilizedHelix"},{"floor":9.0,"key":"Golden Egg"},{"floor":12.0,"key":"Lizard Tail"},{"floor":23.0,"key":"aspiration:KMNothing"},{"floor":29.0,"key":"aspiration:KMNothing"},{"floor":43.0,"key":"aspiration:KMNothing"},{"floor":49,"key":"aspiration:KMNothing"},{"floor":54,"key":"aspiration:KMNothing"}],"event_choices":[{"cards_removed":["hermit:Defend_Hermit"],"damage_healed":0.0,"max_hp_gain":0.0,"max_hp_loss":0.0,"gold_gain":0.0,"event_name":"The Cleric","player_choice":"Card Removal","floor":2.0,"gold_loss":50.0,"damage_taken":0.0},{"damage_healed":0.0,"max_hp_gain":0.0,"max_hp_loss":0.0,"gold_gain":0.0,"event_name":"Shining Light","player_choice":"Entered Light","floor":10.0,"gold_loss":0.0,"damage_taken":15.0,"cards_upgraded":["hermit:Defend_Hermit","hermit:Strike_Hermit"]},{"damage_healed":0.0,"max_hp_gain":0.0,"max_hp_loss":0.0,"gold_gain":0.0,"event_name":"conspire:LoneGhost","player_choice":"Agree","floor":14.0,"gold_loss":0.0,"damage_taken":0.0},{"cards_removed":["hermit:CursedWeapon"],"damage_healed":0.0,"max_hp_gain":0.0,"max_hp_loss":0.0,"gold_gain":0.0,"event_name":"betterNote:BetterNote","player_choice":"Take \u0026 Give","floor":19.0,"gold_loss":0.0,"damage_taken":0.0,"cards_obtained":["Adrenaline"]},{"damage_healed":0.0,"max_hp_gain":0.0,"max_hp_loss":0.0,"gold_gain":0.0,"event_name":"The Woman in Blue","player_choice":"Bought 3 Potions","floor":20.0,"gold_loss":0.0,"damage_taken":0.0},{"cards_removed":["hermit:BigShot"],"damage_healed":0.0,"max_hp_gain":0.0,"max_hp_loss":0.0,"gold_gain":0.0,"event_name":"Falling","player_choice":"Removed Power","floor":36.0,"gold_loss":0.0,"damage_taken":0.0},{"damage_healed":0,"gold_gain":0,"player_choice":"Fight","damage_taken":0,"max_hp_gain":0,"max_hp_loss":0,"event_name":"Mysterious Sphere","floor":49,"gold_loss":0}],"is_beta":false,"boss_relics":[{"not_picked":["Astrolabe","ChewingGum"],"picked":"aspiration:RandomNobGenerator"},{"not_picked":["aspiration:KMNothing","aspiration:KMNothing"],"picked":"aspiration:KMNothing"}],"items_purged_floors":[53],"is_endless":false,"potions_floor_spawned":[1,4,5,22,28,33,35,37,42,44,49,54],"ascension_level":0}}