{"host":"1sqx9dmsrxu9kvq7","time":1613433370,"event":{"mods":["2.2 Compatiblity","Act Like it!","Aspiration","BaseMod","Block Reminder","CapriCore","Chen","Colored Powertips","Custom Start","DeckTracker","Friendly Minions","Halation","Highlight Path","HololiveMod","Hubris","KinomotoSakuraMod(木之本?)","Kiyohime（清?）","Koishi","Marisa（霧雨　魔理沙）","Minty Spire (QoL Compilation)","Prisma Mod","Quick Restart","Rare Cards Sparkle","Reimu（博??梦）","Relic Stats","Remilia（蕾米莉?）","Shop Mod","Spicy Shops","StSLib","Synergy Search","Td1madao Mod","The Administrix","The Alterego","The Blue Laboratory","The Immortal","The Servant 0.9.4","Waifu the Spire","WarShipGirlsR/??少女R mod","Yakumo Yukari mod","Yuyuko"],"gold_per_floor":[115,134,134,209,219,219,245,245,315,140,105,122,133,93,93,188,188,206,220,233,253,253,253,298,298,298,298,83,102,30,30,30,129,129,161,192,214,226,257,269,281,281],"floor_reached":41,"language":"ENG","playtime":2981,"items_purged":["Doubt"],"score":415,"play_id":"494be656-c3b9-460b-85ea-9cc7cd4547dd","local_time":"20210215175610","is_ascension_mode":true,"campfire_choices":[{"floor":6,"key":"RECALL"},{"data":"rmod:basicallowance","floor":8,"key":"SMITH"},{"data":"rmod:supportaircraftcarrier","floor":15,"key":"SMITH"},{"data":"rmod:fuelsupply","floor":23,"key":"SMITH"},{"floor":25,"key":"REST"},{"data":"rmod:chargemoney","floor":27,"key":"SMITH"},{"floor":32,"key":"REST"},{"data":"1","floor":40,"key":"LIFT"}],"circlet_count":0,"master_deck":["rmod:strick","rmod:strick","rmod:strick","rmod:strick","rmod:defend","rmod:defend","rmod:defend","rmod:defend","rmod:basicallowance+1","rmod:maingunfire","rmod:steelsupply+1","rmod:supportescort","rmod:firesupport","rmod:windflower","rmod:supportaircraftcarrier+1","rmod:wasp","rmod:fuelsupply+1","rmod:lonelyqueen","rmod:diamondstrike","rmod:ridicule","rmod:chargemoney+1","rmod:unsinkable","rmod:overbreakdown+1","rmod:unsinkable+1","rmod:highspeedmaneuver","rmod:selfconfidence","rmod:generalist","rmod:expeditionaryescort","CurseOfTheBell","rmod:expedition","rmod:wife","Parasite","rmod:aviationdawn+1","rmod:aluminumsupply+1"],"relics":["rmod:firstchargereward","NeowsBlessing","hubris:DeckOfHolding","PaintedHorse:ReiMu","hubris:ScarierMask","hubris:MysteriousPyramids","rmod:extraamm","Orichalcum","Calling Bell","MawBank","White Beast Statue","Girya","hubris:Icosahedron"],"acts_visited":["Exordium","TheCity","TheBeyond"],"potions_floor_usage":[21],"damage_taken":[{"damage":0,"enemies":"Small Slimes","floor":1,"turns":1},{"damage":0,"enemies":"Jaw Worm","floor":2,"turns":1},{"damage":0,"enemies":"Cultist","floor":5,"turns":1},{"damage":14,"enemies":"Lagavulin","floor":7,"turns":9},{"damage":1,"enemies":"Blue Slaver","floor":12,"turns":5},{"damage":10,"enemies":"Red Slaver","floor":13,"turns":4},{"damage":22,"enemies":"Hexaghost","floor":16,"turns":10},{"damage":4,"enemies":"3 Byrds","floor":18,"turns":6},{"damage":20,"enemies":"Spheric Guardian","floor":19,"turns":7},{"damage":18,"enemies":"Centurion and Healer","floor":20,"turns":5},{"damage":0,"enemies":"Cultist and Chosen","floor":21,"turns":8},{"damage":15,"enemies":"Snake Plant","floor":24,"turns":4},{"damage":0,"enemies":"Centurion and Healer","floor":29,"turns":7},{"damage":39,"enemies":"Champ","floor":33,"turns":20},{"damage":0,"enemies":"3 Darklings","floor":35,"turns":4},{"damage":0,"enemies":"3 Shapes","floor":36,"turns":6},{"damage":0,"enemies":"Writhing Mass","floor":37,"turns":7},{"damage":0,"enemies":"Sphere and 2 Shapes","floor":39,"turns":3},{"damage":95,"enemies":"Maw","floor":41,"turns":11}],"seed_played":"-8875679645177434388","potions_obtained":[{"floor":2,"key":"blueLaboratory:PolymorphPotion"},{"floor":5,"key":"Dexterity Potion"},{"floor":16,"key":"Block Potion"},{"floor":20,"key":"CultistPotion"},{"floor":33,"key":"Strength Potion"}],"is_trial":false,"path_per_floor":["M","M","$","?","M","R","E","R","T","$","?","M","M","?","R","B",null,"M","M","M","M","?","R","M","R","T","R","$","M","$","?","R","B",null,"M","M","M","?","M","R","M"],"character_chosen":"PRAEFECT","items_purchased":["rmod:supportaircraftcarrier","rmod:wasp","rmod:fuelsupply","rmod:highspeedmaneuver","rmod:extraamm","Orichalcum"],"campfire_rested":2,"item_purchase_floors":[10,10,10,28,28,30],"current_hp_per_floor":[75,75,75,64,64,64,50,50,50,50,68,67,57,57,57,35,75,71,51,33,33,33,33,18,40,40,40,40,40,40,40,62,23,75,75,75,75,75,75,75,0,0],"gold":281,"neow_bonus":"THREE_ENEMY_KILL","is_daily":false,"chose_seed":false,"campfire_upgraded":4,"win_rate":0.0,"timestamp":1613433370,"path_taken":["M","M","$","?","M","R","E","R","T","$","?","M","M","?","R","BOSS","M","M","M","M","?","R","M","R","T","R","?","?","$","?","R","BOSS","M","M","M","?","M","R","M"],"items_purchased_type":["Card","Card","Card","Card","Relic","Relic"],"build_version":"2020-12-22","purchased_purges":1,"victory":false,"max_hp_per_floor":[75,75,75,75,75,75,75,75,75,75,75,75,75,75,75,75,75,75,75,75,75,75,75,75,75,75,75,75,75,75,75,75,75,75,75,75,75,75,75,75,75,75],"relic_stats":{"counters":[19,119],"Orichalcum":[78],"MawBank":84,"obtain_stats":[{"Girya":34,"NeowsBlessing":0,"rmod:extraamm":28,"hubris:MysteriousPyramids":26,"Orichalcum":30,"MawBank":34,"White Beast Statue":34,"Calling Bell":34,"hubris:Icosahedron":38,"PaintedHorse:ReiMu":14,"hubris:ScarierMask":17,"hubris:DeckOfHolding":7,"rmod:firstchargereward":0},{"Girya":14,"NeowsBlessing":0,"rmod:extraamm":12,"hubris:MysteriousPyramids":12,"Orichalcum":13,"MawBank":14,"White Beast Statue":14,"Calling Bell":14,"hubris:Icosahedron":17,"PaintedHorse:ReiMu":6,"hubris:ScarierMask":7,"hubris:DeckOfHolding":4,"rmod:firstchargereward":0},{"Girya":88,"NeowsBlessing":0,"rmod:extraamm":61,"hubris:MysteriousPyramids":61,"Orichalcum":68,"MawBank":88,"White Beast Statue":88,"Calling Bell":88,"hubris:Icosahedron":105,"PaintedHorse:ReiMu":21,"hubris:ScarierMask":31,"hubris:DeckOfHolding":12,"rmod:firstchargereward":0}]},"card_choices":[{"not_picked":["rmod:ammunitionsupply","rmod:aviationdawn"],"picked":"rmod:steelsupply","floor":1},{"not_picked":["rmod:victimresponsibility","rmod:highspeedshooting"],"picked":"rmod:supportescort","floor":2},{"not_picked":["rmod:aluminumsupply","rmod:aviationdawn"],"picked":"rmod:firesupport","floor":5},{"not_picked":["rmod:diamondstrike","rmod:lonelyqueen"],"picked":"rmod:windflower","floor":7},{"not_picked":["rmod:supportescort","rmod:highspeedshooting"],"picked":"rmod:lonelyqueen","floor":12},{"not_picked":["rmod:ammunitionsupply","rmod:garrisonisland"],"picked":"rmod:diamondstrike","floor":13},{"not_picked":["rmod:windflower","rmod:timeschanged"],"picked":"rmod:ridicule","floor":16},{"not_picked":["rmod:wife","rmod:unsinkable"],"picked":"rmod:chargemoney","floor":18},{"not_picked":["rmod:aviationdawn","rmod:fletcherpendant"],"picked":"rmod:unsinkable","floor":19},{"not_picked":["rmod:luckystar","rmod:aluminumsupply"],"picked":"rmod:overbreakdown+1","floor":20},{"not_picked":["rmod:timeschanged","rmod:highspeedshooting"],"picked":"rmod:unsinkable+1","floor":21},{"not_picked":["rmod:unsinkable","rmod:fletcherpendant"],"picked":"rmod:wasp","floor":24},{"not_picked":["rmod:spoils+1","rmod:smokecover"],"picked":"rmod:selfconfidence","floor":29},{"not_picked":["rmod:fletcher","rmod:highspeedmaneuver"],"picked":"rmod:expeditionaryescort","floor":33},{"not_picked":["rmod:aggressivemary","rmod:aviationdawn+1"],"picked":"rmod:expedition","floor":35},{"not_picked":["rmod:aviationdawn","rmod:luckystar+1"],"picked":"rmod:wife","floor":36},{"not_picked":["rmod:sl","rmod:royalracing+1"],"picked":"rmod:aviationdawn+1","floor":37},{"not_picked":["rmod:punchline+1","rmod:fletcherpendant+1"],"picked":"rmod:aluminumsupply+1","floor":39}],"player_experience":303885,"relics_obtained":[{"floor":7,"key":"hubris:DeckOfHolding"},{"floor":26,"key":"hubris:MysteriousPyramids"},{"floor":34,"key":"MawBank"},{"floor":34,"key":"White Beast Statue"},{"floor":34,"key":"Girya"}],"event_choices":[{"damage_healed":0,"gold_gain":75,"player_choice":"Gather Gold","damage_taken":11,"max_hp_gain":0,"max_hp_loss":0,"event_name":"World of Goop","floor":4,"gold_loss":0},{"damage_healed":18,"gold_gain":0,"player_choice":"Healed","damage_taken":0,"max_hp_gain":0,"max_hp_loss":0,"event_name":"The Cleric","floor":11,"gold_loss":35},{"damage_healed":0,"gold_gain":0,"player_choice":"Donate","damage_taken":0,"relics_obtained":["PaintedHorse:ReiMu"],"max_hp_gain":0,"max_hp_loss":0,"event_name":"yidonshenshe","floor":14,"gold_loss":40},{"damage_healed":0,"gold_gain":0,"player_choice":"Upgraded","damage_taken":0,"max_hp_gain":0,"max_hp_loss":0,"event_name":"Upgrade Shrine","floor":22,"gold_loss":0,"cards_upgraded":["rmod:steelsupply"]},{"damage_healed":0,"gold_gain":0,"cards_transformed":["rmod:wasp"],"player_choice":"Transformed","damage_taken":0,"max_hp_gain":0,"max_hp_loss":0,"event_name":"Transmorgrifier","floor":31,"gold_loss":0,"cards_obtained":["rmod:generalist"]}],"is_beta":false,"boss_relics":[{"not_picked":["hubris:TerracottaHorce","hubris:VirtuousBlindfold"],"picked":"hubris:ScarierMask"},{"not_picked":["Astrolabe","aspiration:FutureDiary"],"picked":"Calling Bell"}],"items_purged_floors":[28],"is_endless":false,"potions_floor_spawned":[2,5,16,20,21,33,35,36,37,39],"killed_by":"Maw","ascension_level":1}}