{"host":"it04jaz8eul1eh3d","time":1613383995,"event":{"mods":["AchievementEnabler","BaseMod","Colored Map","DeckTracker","Keyboard Shortcuts","Minty Spire (QoL Compilation)","SuperFastMode"],"gold_per_floor":[119,134,13,13,28,53,53,53,53,82,82,95,120,120,120,244,244,268,69,69,87,87,87,87],"floor_reached":23,"language":"KOR","playtime":646,"items_purged":["Strike_R","Injury"],"score":307,"play_id":"4f099898-274b-4eb0-ae5d-704586adc36e","local_time":"20210215191315","is_ascension_mode":false,"campfire_choices":[{"data":"Spot Weakness","floor":8,"key":"SMITH"},{"floor":15,"key":"REST"}],"circlet_count":0,"master_deck":["Strike_R","Strike_R","Strike_R","Strike_R","Defend_R","Defend_R","Defend_R","Defend_R","Bash","Heavy Blade","Armaments+1","Spot Weakness+1","Heavy Blade","Inflame"],"relics":["Burning Blood","InkBottle","Potion Belt","White Beast Statue","Ornamental Fan","Bloody Idol","Busted Crown"],"acts_visited":["TheCity"],"potions_floor_usage":[13,13,13,13,21,23,23],"damage_taken":[{"damage":1,"enemies":"Cultist","floor":1,"turns":3},{"damage":2,"enemies":"2 Louse","floor":2,"turns":3},{"damage":0,"enemies":"Small Slimes","floor":5,"turns":3},{"damage":46,"enemies":"Lagavulin","floor":6,"turns":13},{"damage":23,"enemies":"3 Sentries","floor":10,"turns":6},{"damage":2,"enemies":"3 Louse","floor":12,"turns":5},{"damage":19,"enemies":"Lagavulin","floor":13,"turns":8},{"damage":35,"enemies":"Slime Boss","floor":16,"turns":9},{"damage":15,"enemies":"2 Thieves","floor":18,"turns":5},{"damage":23,"enemies":"Chosen","floor":21,"turns":5},{"damage":71,"enemies":"Slavers","floor":23,"turns":8}],"seed_played":"2414792575438503199","potions_obtained":[{"floor":6,"key":"ElixirPotion"},{"floor":7,"key":"Fruit Juice"},{"floor":7,"key":"FearPotion"},{"floor":7,"key":"AttackPotion"},{"floor":10,"key":"SmokeBomb"},{"floor":12,"key":"EntropicBrew"},{"floor":16,"key":"Weak Potion"},{"floor":21,"key":"FearPotion"}],"is_trial":false,"path_per_floor":["M","M","$","?","M","E","?","R","T","E","$","M","E","?","R","B",null,"M","$","?","M","?","E"],"character_chosen":"IRONCLAD","items_purchased":["Armaments","Heavy Blade","Inflame"],"campfire_rested":1,"item_purchase_floors":[3,19,19],"current_hp_per_floor":[88,88,88,88,88,48,48,48,48,31,31,35,27,27,54,25,93,84,84,84,72,72,1,1],"gold":87,"neow_bonus":"TEN_PERCENT_HP_BONUS","is_daily":false,"chose_seed":false,"campfire_upgraded":1,"win_rate":0.0,"timestamp":1613383995,"path_taken":["M","M","$","?","M","E","?","R","T","E","$","?","E","?","R","BOSS","M","$","?","M","?","E"],"items_purchased_type":["Card","Card","Card"],"build_version":"2020-12-22","purchased_purges":2,"victory":false,"max_hp_per_floor":[88,88,88,88,88,88,88,88,88,88,88,88,93,93,93,93,93,93,93,93,93,93,93,93],"card_choices":[{"not_picked":["Shrug It Off","Shockwave"],"picked":"Heavy Blade","floor":1},{"not_picked":["Thunderclap","Sentinel","Clothesline"],"picked":"SKIP","floor":2},{"not_picked":["Shrug It Off","Body Slam","Headbutt"],"picked":"SKIP","floor":5},{"not_picked":["Clothesline","Uppercut"],"picked":"Spot Weakness","floor":6},{"not_picked":["True Grit","Perfected Strike","Warcry"],"picked":"SKIP","floor":10},{"not_picked":["Metallicize","Battle Trance","Body Slam"],"picked":"SKIP","floor":12},{"not_picked":["Twin Strike","Iron Wave","Clothesline"],"picked":"SKIP","floor":13},{"not_picked":["Wild Strike"],"picked":"SKIP","floor":18},{"not_picked":["Iron Wave+1"],"picked":"SKIP","floor":21}],"player_experience":170083,"relics_obtained":[{"floor":6,"key":"InkBottle"},{"floor":9,"key":"Potion Belt"},{"floor":10,"key":"White Beast Statue"},{"floor":13,"key":"Ornamental Fan"}],"event_choices":[{"damage_healed":0,"gold_gain":0,"player_choice":"Grow","damage_taken":0,"max_hp_gain":0,"max_hp_loss":0,"event_name":"Living Wall","floor":4,"gold_loss":0,"cards_upgraded":["Armaments"]},{"damage_healed":0,"gold_gain":0,"player_choice":"Got Potions","damage_taken":0,"max_hp_gain":0,"max_hp_loss":0,"event_name":"Lab","floor":7,"gold_loss":0},{"damage_healed":0,"gold_gain":0,"player_choice":"Take Wound","damage_taken":0,"relics_obtained":["Golden Idol"],"max_hp_gain":0,"max_hp_loss":0,"event_name":"Golden Idol","floor":14,"gold_loss":0,"cards_obtained":["Injury"]},{"damage_healed":0,"gold_gain":0,"player_choice":"Gave Idol","damage_taken":0,"relics_obtained":["Bloody Idol"],"max_hp_gain":0,"max_hp_loss":0,"event_name":"Forgotten Altar","floor":20,"relics_lost":["Golden Idol"],"gold_loss":0},{"damage_healed":0,"gold_gain":0,"player_choice":"Ignored","damage_taken":0,"max_hp_gain":0,"max_hp_loss":0,"event_name":"Cursed Tome","floor":22,"gold_loss":0}],"is_beta":false,"boss_relics":[{"not_picked":["Mark of Pain","Velvet Choker"],"picked":"Busted Crown"}],"items_purged_floors":[3,19],"is_endless":false,"potions_floor_spawned":[6,10,12,13,16,18,21],"killed_by":"Slavers","ascension_level":0}}