{"host":"178rghtqlvp3zue2","time":1613402073,"event":{"mods":["2.2 Compatiblity","AchievementEnabler","BaseMod","DeckTracker","Minty Spire (QoL Compilation)","Quick Restart","SuperFastMode","The Servant 0.9.4"],"gold_per_floor":[112,112,124,30,205,239,253,253,280,230,230,263,281,315,315,419,419,437,536,130,143,143,155,155,155],"floor_reached":24,"language":"KOR","playtime":961,"items_purged":["Doubt"],"score":263,"play_id":"ad2460a1-02a9-49f3-afcb-b19e889740a7","local_time":"20210216001433","is_ascension_mode":true,"campfire_choices":[{"data":"Foresight","floor":11,"key":"SMITH"},{"floor":15,"key":"REST"}],"circlet_count":0,"master_deck":["Strike_S+1","Strike_S+1","Strike_S","Defend_S","Defend_S","Defend_S","Defend_S","KidneyShot","Exchange","Spin","Revamp","Foresight+1","ShatteredReality","Potential","Alleviate","Shuttle","Rewind","TimeWarp","Sabotage","Sunlight","TimeWarp","Misdirection","Reset","Rearm"],"relics":["SplendidAttire","Smiling Mask","Sundial","Whetstone","Dream Catcher","Ornamental Fan","Bottled Tornado","Nloth\u0027s Gift"],"acts_visited":["Exordium","TheCity"],"potions_floor_usage":[16],"damage_taken":[{"damage":0,"enemies":"Small Slimes","floor":1,"turns":1},{"damage":0,"enemies":"Cultist","floor":3,"turns":1},{"damage":0,"enemies":"Lagavulin","floor":6,"turns":2},{"damage":2,"enemies":"2 Louse","floor":7,"turns":3},{"damage":10,"enemies":"3 Sentries","floor":12,"turns":4},{"damage":1,"enemies":"2 Fungi Beasts","floor":13,"turns":2},{"damage":34,"enemies":"Gremlin Nob","floor":14,"turns":5},{"damage":36,"enemies":"Hexaghost","floor":16,"turns":13},{"damage":22,"enemies":"2 Thieves","floor":18,"turns":4},{"damage":0,"enemies":"Spheric Guardian","floor":21,"turns":4},{"damage":33,"enemies":"Cultist and Chosen","floor":23,"turns":9},{"damage":18,"enemies":"Snake Plant","floor":24,"turns":1}],"seed_played":"9138331574544035831","potions_obtained":[{"floor":1,"key":"Block Potion"},{"floor":7,"key":"LiquidBronze"},{"floor":13,"key":"Regen Potion"},{"floor":14,"key":"Strength Potion"},{"floor":21,"key":"Strength Potion"},{"floor":23,"key":"Explosive Potion"}],"is_trial":false,"path_per_floor":["M","?","M","$","?","E","M","?","T","?","R","E","M","E","R","B",null,"M","?","$","M","?","M","M"],"character_chosen":"THE_SERVANT","items_purchased":["Foresight","ShatteredReality","Bottled Tornado","Misdirection","Reset"],"campfire_rested":1,"item_purchase_floors":[4,4,20,20,20],"current_hp_per_floor":[65,65,65,65,65,65,63,68,68,68,68,58,57,23,44,23,70,48,48,48,48,48,15,0,0],"gold":155,"neow_bonus":"THREE_ENEMY_KILL","is_daily":false,"chose_seed":false,"campfire_upgraded":1,"win_rate":0.0,"timestamp":1613402073,"path_taken":["M","?","?","$","?","E","M","?","T","?","R","E","M","E","R","BOSS","M","?","$","M","?","M","M"],"items_purchased_type":["Card","Card","Relic","Card","Card"],"build_version":"2020-12-22","purchased_purges":1,"victory":false,"max_hp_per_floor":[65,65,65,65,65,65,65,70,70,70,70,70,70,70,70,70,70,70,70,70,70,70,70,70,70],"card_choices":[{"not_picked":["Rearm","RealityMarble"],"picked":"Spin","floor":1},{"not_picked":["TimeTheft","Alleviate"],"picked":"Revamp","floor":3},{"not_picked":["Collapse","Misdirection"],"picked":"Potential","floor":6},{"not_picked":["Replace","StarChef"],"picked":"Alleviate","floor":7},{"not_picked":["FastForward","RealityMarble"],"picked":"Shuttle","floor":12},{"not_picked":["Manipulate","Desolation"],"picked":"Rewind","floor":13},{"not_picked":["Advance","Hightail"],"picked":"TimeWarp","floor":14},{"not_picked":["FanOfKnives","Defy"],"picked":"Sabotage","floor":15},{"not_picked":["ForgedInTime","Deny"],"picked":"Sunlight","floor":16},{"not_picked":["SilverBlades","Read+1"],"picked":"TimeWarp","floor":18},{"not_picked":["FastForward","TimeWarp"],"picked":"Rearm","floor":21},{"not_picked":["Misdirection","Unruled","Spin"],"picked":"SKIP","floor":23}],"player_experience":283412,"relics_obtained":[{"floor":6,"key":"Sundial"},{"floor":9,"key":"Whetstone"},{"floor":12,"key":"Dream Catcher"},{"floor":14,"key":"Ornamental Fan"}],"event_choices":[{"damage_healed":0,"gold_gain":0,"player_choice":"Gave Potion","damage_taken":0,"relics_obtained":["Smiling Mask"],"max_hp_gain":0,"max_hp_loss":0,"event_name":"WeMeetAgain","floor":2,"gold_loss":0},{"damage_healed":0,"gold_gain":175,"player_choice":"AGREE","damage_taken":0,"max_hp_gain":0,"max_hp_loss":0,"event_name":"Liars Game","floor":5,"gold_loss":0,"cards_obtained":["Doubt"]},{"damage_healed":0,"gold_gain":0,"player_choice":"Donut","damage_taken":0,"max_hp_gain":5,"max_hp_loss":0,"event_name":"Big Fish","floor":8,"gold_loss":0},{"cards_removed":["Strike_S"],"damage_healed":0,"gold_gain":0,"player_choice":"Card Removal","damage_taken":0,"max_hp_gain":0,"max_hp_loss":0,"event_name":"The Cleric","floor":10,"gold_loss":50},{"damage_healed":0,"gold_gain":99,"player_choice":"Stole From Cult","damage_taken":0,"max_hp_gain":0,"max_hp_loss":0,"event_name":"Nest","floor":19,"gold_loss":0},{"damage_healed":0,"gold_gain":0,"player_choice":"Traded Relic","damage_taken":0,"relics_obtained":["Nloth\u0027s Gift"],"max_hp_gain":0,"max_hp_loss":0,"event_name":"N\u0027loth","floor":22,"relics_lost":["NeowsBlessing"],"gold_loss":0}],"is_beta":false,"boss_relics":[{"not_picked":["Astrolabe","Snecko Eye"],"picked":"SplendidAttire"}],"items_purged_floors":[20],"is_endless":false,"potions_floor_spawned":[1,7,13,14,21,23],"killed_by":"Snake Plant","ascension_level":2}}