{"host":"2lo6hma6kymb0g9i","time":1613379985,"event":{"mods":["BaseMod","Colored Map","DeckTracker","Minty Spire (QoL Compilation)"],"gold_per_floor":[116,134,134,59,59,86,98,117,117,133,160,160,160,178,178,178,178],"floor_reached":16,"language":"JPN","playtime":510,"items_purged":[],"score":274,"play_id":"e3421e74-ecea-481b-9d4f-2e7a3ff8fe17","local_time":"20210215180625","is_ascension_mode":true,"campfire_choices":[{"data":"Juggernaut","floor":12,"key":"SMITH"},{"data":"Disarm","floor":15,"key":"SMITH"}],"circlet_count":0,"master_deck":["AscendersBane","Strike_R","Strike_R","Strike_R","Defend_R","Defend_R+1","Defend_R","Defend_R","Bash","Headbutt","Spot Weakness+1","Disarm+1","Dark Embrace","Pommel Strike","Metallicize","Juggernaut+1","Disarm"],"relics":["Burning Blood","NeowsBlessing","Blue Candle","Art of War","Matryoshka","Potion Belt"],"acts_visited":["Exordium"],"potions_floor_usage":[14],"damage_taken":[{"damage":0,"enemies":"2 Louse","floor":1,"turns":1},{"damage":0,"enemies":"Jaw Worm","floor":2,"turns":1},{"damage":0,"enemies":"3 Sentries","floor":6,"turns":2},{"damage":0,"enemies":"Cultist","floor":7,"turns":3},{"damage":22,"enemies":"Gremlin Gang","floor":8,"turns":4},{"damage":13,"enemies":"Blue Slaver","floor":10,"turns":3},{"damage":65,"enemies":"Gremlin Nob","floor":11,"turns":6},{"damage":3,"enemies":"Red Slaver","floor":14,"turns":3},{"damage":17,"enemies":"The Guardian","floor":16,"turns":2}],"seed_played":"-4563566433899368663","potions_obtained":[{"floor":6,"key":"FairyPotion"},{"floor":11,"key":"AttackPotion"},{"floor":14,"key":"Swift Potion"}],"is_trial":false,"path_per_floor":["M","M","?","?","T","E","M","M","T","M","E","R","?","M","R","B"],"character_chosen":"IRONCLAD","items_purchased":[],"campfire_rested":0,"item_purchase_floors":[],"current_hp_per_floor":[74,75,52,52,52,58,64,48,48,41,20,20,13,16,16,0,0],"gold":178,"neow_bonus":"THREE_ENEMY_KILL","is_daily":false,"chose_seed":false,"campfire_upgraded":2,"win_rate":0.0,"timestamp":1613379985,"path_taken":["M","M","?","?","?","E","?","?","T","M","E","R","?","M","R","BOSS"],"items_purchased_type":[],"build_version":"2020-12-22","purchased_purges":0,"victory":false,"max_hp_per_floor":[75,75,75,75,75,75,75,75,75,75,75,75,75,75,75,75,75],"card_choices":[{"not_picked":["Reckless Charge","Flex"],"picked":"Headbutt","floor":1},{"not_picked":["Headbutt","Perfected Strike"],"picked":"Spot Weakness","floor":2},{"not_picked":["Uppercut","Armaments"],"picked":"Disarm","floor":6},{"not_picked":["Dark Embrace","Spot Weakness","Power Through"],"picked":"SKIP","floor":7},{"not_picked":["Spot Weakness","Power Through"],"picked":"Dark Embrace","floor":7},{"not_picked":["Clothesline","True Grit"],"picked":"Pommel Strike","floor":8},{"not_picked":["Thunderclap","Armaments"],"picked":"Metallicize","floor":10},{"not_picked":["Wild Strike","Shockwave"],"picked":"Juggernaut","floor":11},{"not_picked":["Heavy Blade","Entrench"],"picked":"Disarm","floor":14}],"player_experience":1202934,"relics_obtained":[{"floor":5,"key":"Blue Candle"},{"floor":6,"key":"Art of War"},{"floor":9,"key":"Matryoshka"},{"floor":11,"key":"Potion Belt"}],"event_choices":[{"damage_healed":0,"gold_gain":0,"player_choice":"Entered Light","damage_taken":23,"max_hp_gain":0,"max_hp_loss":0,"event_name":"Shining Light","floor":3,"gold_loss":0,"cards_upgraded":["Defend_R","Spot Weakness"]},{"cards_removed":["Strike_R"],"damage_healed":0,"gold_gain":0,"player_choice":"Card Removal","damage_taken":0,"max_hp_gain":0,"max_hp_loss":0,"event_name":"The Cleric","floor":4,"gold_loss":75},{"cards_removed":["Strike_R"],"damage_healed":0,"gold_gain":0,"player_choice":"Card Removal","damage_taken":7,"max_hp_gain":0,"max_hp_loss":0,"event_name":"Golden Wing","floor":13,"gold_loss":0}],"is_beta":false,"boss_relics":[],"items_purged_floors":[],"is_endless":false,"potions_floor_spawned":[6,11,14],"killed_by":"The Guardian","ascension_level":20}}