{"host":"o2sjj5kwbqbjclj8","time":1613358290,"event":{"mods":["BaseMod","Minty Spire (QoL Compilation)","StSLib","slay the spire mod where everything is the same but ironclad has a cowboy hat"],"gold_per_floor":[110,110,128,145,145,163,173,204,204,214,229,229,242,255,255,358,358,376,389,406,115,115,115,150,150,150,150,164,164,179,9,9,9,9],"floor_reached":33,"language":"ENG","playtime":7369,"items_purged":[],"score":273,"play_id":"3d873c05-cc8a-4f00-aac4-a4ebd9efbbb8","local_time":"20210214210450","is_ascension_mode":false,"campfire_choices":[{"data":"Seeing Red","floor":12,"key":"SMITH"},{"data":"Anger","floor":15,"key":"SMITH"},{"floor":23,"key":"REST"},{"data":"Anger","floor":25,"key":"SMITH"},{"data":"Limit Break","floor":27,"key":"SMITH"},{"floor":32,"key":"REST"}],"circlet_count":0,"master_deck":["Strike_R","Strike_R","Strike_R","Strike_R","Defend_R","Defend_R","Defend_R","Defend_R","Bash","Anger+1","Cleave","Inflame","Seeing Red+1","Intimidate","Pommel Strike","Iron Wave","Pommel Strike","Rampage","Inflame","Limit Break+1","Rampage+1","Iron Wave","Anger+1","Flex","Uppercut+1","Power Through","Armaments","Ghostly Armor","Rage","Pommel Strike"],"relics":["Burning Blood","Orichalcum","Meat on the Bone","Sundial","SacredBark","Membership Card","Happy Flower","Ornamental Fan","Shovel","ClockworkSouvenir"],"acts_visited":["Exordium","TheCity"],"potions_floor_usage":[8,8,16,20,21,24,30],"damage_taken":[{"damage":7,"enemies":"Jaw Worm","floor":1,"turns":3},{"damage":1,"enemies":"Cultist","floor":3,"turns":3},{"damage":0,"enemies":"Small Slimes","floor":4,"turns":2},{"damage":6,"enemies":"Gremlin Gang","floor":6,"turns":3},{"damage":1,"enemies":"3 Louse","floor":7,"turns":3},{"damage":5,"enemies":"Gremlin Nob","floor":8,"turns":3},{"damage":4,"enemies":"Blue Slaver","floor":10,"turns":3},{"damage":3,"enemies":"2 Fungi Beasts","floor":11,"turns":3},{"damage":4,"enemies":"Looter","floor":13,"turns":2},{"damage":0,"enemies":"Large Slime","floor":14,"turns":4},{"damage":13,"enemies":"Slime Boss","floor":16,"turns":7},{"damage":25,"enemies":"Shell Parasite","floor":18,"turns":5},{"damage":13,"enemies":"Chosen","floor":19,"turns":5},{"damage":37,"enemies":"3 Cultists","floor":20,"turns":5},{"damage":42,"enemies":"Gremlin Leader","floor":24,"turns":7},{"damage":43,"enemies":"Cultist and Chosen","floor":28,"turns":7},{"damage":16,"enemies":"Shelled Parasite and Fungi","floor":30,"turns":4},{"damage":57,"enemies":"Collector","floor":33,"turns":6}],"seed_played":"2550593123937493933","potions_obtained":[{"floor":3,"key":"DistilledChaos"},{"floor":4,"key":"SneckoOil"},{"floor":11,"key":"Explosive Potion"},{"floor":13,"key":"PowerPotion"},{"floor":20,"key":"ColorlessPotion"},{"floor":24,"key":"FearPotion"}],"is_trial":false,"path_per_floor":["M","?","M","M","?","M","M","E","T","M","M","R","M","M","R","B",null,"M","M","M","$","?","R","E","R","T","R","M","?","M","$","R","B"],"character_chosen":"IRONCLAD","items_purchased":["Membership Card","Happy Flower","Flex","Fruit Juice","ClockworkSouvenir","Ghostly Armor","Rage","Pommel Strike"],"campfire_rested":2,"item_purchase_floors":[21,21,21,21,31,31,31,31],"current_hp_per_floor":[79,79,80,80,80,80,80,80,80,80,80,80,80,80,80,73,80,61,54,35,45,45,72,48,48,48,48,23,23,25,25,52,0,0],"gold":9,"neow_bonus":"RANDOM_COLORLESS","is_daily":false,"chose_seed":false,"campfire_upgraded":4,"win_rate":0.0,"timestamp":1613358290,"path_taken":["M","?","?","M","?","M","M","E","T","M","M","R","M","M","R","BOSS","M","M","?","$","?","R","E","R","T","R","M","?","M","$","R","BOSS"],"items_purchased_type":["Relic","Relic","Card","Potion","Relic","Card","Card","Card"],"build_version":"2020-12-22","purchased_purges":0,"victory":false,"max_hp_per_floor":[80,80,80,80,80,80,80,80,80,80,80,80,80,80,80,80,80,80,80,80,90,90,90,90,90,90,90,90,90,90,90,90,90,90],"card_choices":[{"not_picked":["Impatience","Deep Breath"],"picked":"Dark Shackles","floor":0},{"not_picked":["Cleave","Heavy Blade"],"picked":"Anger","floor":1},{"not_picked":["Hemokinesis","Clash"],"picked":"Cleave","floor":3},{"not_picked":["Headbutt","True Grit"],"picked":"Inflame","floor":4},{"not_picked":["Entrench","Wild Strike"],"picked":"Seeing Red","floor":6},{"not_picked":["Evolve","Body Slam"],"picked":"Intimidate","floor":7},{"not_picked":["Perfected Strike","Uppercut"],"picked":"Pommel Strike","floor":8},{"not_picked":["Sword Boomerang","Clothesline"],"picked":"Iron Wave","floor":10},{"not_picked":["Brutality","Flex"],"picked":"Pommel Strike","floor":11},{"not_picked":["True Grit","Body Slam"],"picked":"Rampage","floor":13},{"not_picked":["Wild Strike","Armaments"],"picked":"Inflame","floor":14},{"not_picked":["Offering","Fiend Fire"],"picked":"Limit Break","floor":16},{"not_picked":["Combust+1","Rage+1"],"picked":"Rampage+1","floor":18},{"not_picked":["Rupture","Thunderclap+1"],"picked":"Iron Wave","floor":19},{"not_picked":["Reckless Charge","Clash"],"picked":"Anger","floor":20},{"not_picked":["Wild Strike","Anger"],"picked":"Uppercut+1","floor":24},{"not_picked":["Shockwave","Body Slam"],"picked":"Power Through","floor":28},{"not_picked":["Warcry","Wild Strike"],"picked":"Armaments","floor":30}],"player_experience":115773,"relics_obtained":[{"floor":8,"key":"Meat on the Bone"},{"floor":9,"key":"Sundial"},{"floor":24,"key":"Ornamental Fan"},{"floor":26,"key":"Shovel"}],"event_choices":[{"cards_removed":["Dark Shackles"],"damage_healed":0,"gold_gain":0,"player_choice":"Gave Card","damage_taken":0,"relics_obtained":["Orichalcum"],"max_hp_gain":0,"max_hp_loss":0,"event_name":"WeMeetAgain","floor":2,"gold_loss":0},{"cards_removed":["Strike_R"],"damage_healed":0,"gold_gain":0,"player_choice":"Card Removal","damage_taken":0,"max_hp_gain":0,"max_hp_loss":0,"event_name":"Wheel of Change","floor":5,"gold_loss":0},{"damage_healed":0,"gold_gain":0,"player_choice":"Ignored","damage_taken":0,"max_hp_gain":0,"max_hp_loss":0,"event_name":"Vampires","floor":22,"gold_loss":0},{"damage_healed":0,"gold_gain":0,"player_choice":"Ignored","damage_taken":0,"max_hp_gain":0,"max_hp_loss":0,"event_name":"Ghosts","floor":29,"gold_loss":0}],"is_beta":false,"boss_relics":[{"not_picked":["Empty Cage","Velvet Choker"],"picked":"SacredBark"}],"items_purged_floors":[],"is_endless":false,"potions_floor_spawned":[3,4,11,13,20,24],"killed_by":"Collector","ascension_level":0}}