{"host":"y6zg4wwu39otf01a","time":1613360177,"event":{"mods":["Act Like it!","Aspiration","BaseMod","Better Altar","Better Match","Better Note","Better Sensory Stone","Better Skull","Better Third Choice","Challenge The Spire","Colored Map","Colored Powertips","Conspire","GifTheSpireLib","Glutton Mod","Halation","Hermit","Highlight Path","Hubris","Infinite Spire","Mimic Mod","Minty Spire (QoL Compilation)","Quick Restart","Random Character Button","Rare Cards Sparkle","Replay The Spire","Retaliation","Spicy Shops","Spire Arcade","StSLib","Stuff the Spire","The Blue Laboratory","The Jungle"],"gold_per_floor":[119,119,119,135,171,196,196,212,246,246,260,260,14,25,97,196,196,211,211,211,211,211,244,256,256,256,288,288,63,63,97,97,201,201,227,227,253,284,634,634,634,634,660,660,713,774,774,774],"floor_reached":47,"language":"ENG","playtime":4738,"items_purged":[],"score":658,"play_id":"44b5e307-2e55-49b0-beda-ae306944419c","local_time":"20210214213617","is_ascension_mode":true,"campfire_choices":[{"data":"Flex","floor":7,"key":"SMITH"},{"data":"hubris:SharpeningStone","floor":10,"key":"SMITH"},{"data":"ReplayTheSpireMod:Echo Chamber","floor":25,"key":"SMITH"},{"data":"Flex","floor":28,"key":"SMITH"},{"floor":32,"key":"REST"},{"floor":40,"key":"REST"},{"data":"DDmod:PlatedThornsSkill","floor":42,"key":"SMITH"},{"floor":44,"key":"RECALL"}],"circlet_count":0,"master_deck":["Strike_R","Strike_R","Strike_R","Strike_R","Strike_R","Defend_R","Defend_R","Defend_R","Defend_R","Bash+1","StuffTheSpire:Slingshot+1","Body Slam","Flex+1","ReplayTheSpireMod:Stacked","Heavy Blade","hubris:SharpeningStone+1","Replay:Undeath\u0027s Touch","Replay:Undeath\u0027s Touch","Flex+1","StuffTheSpire:Deluminance","StuffTheSpire:Deluminance","StuffTheSpire:Deluminance","StuffTheSpire:Deluminance","StuffTheSpire:Deluminance","ReplayTheSpireMod:Echo Chamber+1","J.A.X.","Replay:Undeath\u0027s Touch+1","DDmod:SpikedSkill","Flex+1","DDmod:ScaleUpSkill","DDmod:PlatedThornsSkill+1","StuffTheSpire:RockThrow+1","Rage","hubris:Greed"],"relics":["m_IronSupplements","infinitespire:Cubic Diamond","StuffTheSpire:OldFever","Akabeko","ReplayTheSpireMod:TigerMarble","halation:PinkSoulGem","Gremlin Horn","Replay:Cursed D8","StuffTheSpire:BlackoutCurse","halation:Diary","DDmod:BarbedSlagRelic","Pantograph","Whetstone","StuffTheSpire:PointBlank","Nunchaku","halation:PromiseList","aspiration:RitualStick","StuffTheSpire:HeavyRock","infinitespire:EvilPickle","Ooze Armor","Old Coin","halation:EternalFortune","hubris:ToyBattleship"],"acts_visited":["Exordium","TheCity","TheBeyond"],"potions_floor_usage":[9,11,16,16,24,33,45,45,46],"damage_taken":[{"damage":13,"enemies":"conspire:RoseBush","floor":1,"turns":3},{"damage":1,"enemies":"Jaw Worm","floor":4,"turns":3},{"damage":22,"enemies":"2 Louse","floor":5,"turns":7},{"damage":33,"enemies":"Gremlin Nob","floor":6,"turns":5},{"damage":1,"enemies":"2 Louse","floor":8,"turns":2},{"damage":3,"enemies":"Gremlin Gang","floor":9,"turns":4},{"damage":3,"enemies":"Gremlin Gang","floor":11,"turns":5},{"damage":1,"enemies":"Large Slime","floor":14,"turns":3},{"damage":46,"enemies":"Fading Forest","floor":16,"turns":11},{"damage":14,"enemies":"conspire:FuzzyDice","floor":18,"turns":5},{"damage":39,"enemies":"conspire:SneckoGhost","floor":23,"turns":6},{"damage":22,"enemies":"3 Byrds","floor":24,"turns":4},{"damage":0,"enemies":"conspire:Head Lice","floor":27,"turns":1},{"damage":19,"enemies":"Book of Stabbing","floor":31,"turns":3},{"damage":27,"enemies":"Pondfish","floor":33,"turns":4},{"damage":27,"enemies":"3 Shapes","floor":35,"turns":4},{"damage":0,"enemies":"3 Darklings","floor":37,"turns":1},{"damage":55,"enemies":"4 Shapes","floor":38,"turns":6},{"damage":27,"enemies":"Mind Bloom Boss Battle","floor":39,"turns":6},{"damage":31,"enemies":"Spire Growth","floor":45,"turns":3},{"damage":37,"enemies":"Jaw Worm Horde","floor":46,"turns":2},{"damage":13,"enemies":"3 Darklings","floor":47,"turns":2}],"seed_played":"8597087741611503199","potions_obtained":[{"floor":4,"key":"Elixir"},{"floor":6,"key":"blueLaboratory:PhilterOfMotion"},{"floor":8,"key":"Fire Potion"},{"floor":14,"key":"SkillPotion"},{"floor":23,"key":"blueLaboratory:IronCompound"},{"floor":31,"key":"Weak Potion"},{"floor":38,"key":"blueLaboratory:BottleOfRum"},{"floor":39,"key":"BloodPotion"},{"floor":45,"key":"blueLaboratory:BottleOfRum"}],"is_trial":false,"path_per_floor":["M","?","?","M","MIM","E","R","M","MIM","R","M","?","$","M","R_BF","B",null,"M","?","AVR","?","?","E","M","R","T","E","R","$","?","E","R","B",null,"M","?","M","M","?","R","?","R","T","R","M","M","M"],"character_chosen":"IRONCLAD","items_purchased":["Gremlin Horn","Nunchaku","halation:PromiseList"],"campfire_rested":2,"item_purchase_floors":[13,29,29],"current_hp_per_floor":[73,73,73,78,62,35,35,40,43,43,46,46,46,51,51,19,80,72,72,72,72,72,39,32,32,32,38,38,38,22,9,33,37,80,59,59,65,16,20,44,47,47,47,47,38,7,0,0],"gold":774,"neow_bonus":"THREE_CARDS","is_daily":false,"chose_seed":false,"campfire_upgraded":5,"win_rate":0.0,"timestamp":1613360177,"path_taken":["M","?","?","M","?","E","R","M","MIM","R","?","?","$","M","R_BF","BOSS","M","?","AVR","?","?","E","M","R","T","E","R","$","?","E","R","BOSS","M","?","M","M","?","R","?","R","T","R","M","M","M"],"items_purchased_type":["Relic","Relic","Relic"],"build_version":"2020-12-22","purchased_purges":0,"victory":false,"max_hp_per_floor":[80,80,80,80,80,80,80,80,80,80,80,80,80,80,80,80,80,80,80,80,80,80,80,80,80,80,80,80,80,80,80,80,80,80,80,80,80,80,80,80,83,83,83,83,83,83,83,83],"card_choices":[{"not_picked":["ReplayTheSpireMod:Limb From Limb","DDmod:SpikedSkill"],"picked":"StuffTheSpire:Slingshot","floor":0},{"not_picked":["Clash","Armaments"],"picked":"Body Slam","floor":1},{"not_picked":["StuffTheSpire:Incineration","Clash"],"picked":"Flex","floor":3},{"not_picked":["Twin Strike","Rupture"],"picked":"ReplayTheSpireMod:Stacked","floor":3},{"not_picked":["Abandon","Cleave"],"picked":"Heavy Blade","floor":3},{"not_picked":["Searing Blow","Clothesline"],"picked":"Combust","floor":4},{"not_picked":["conspire:Purge","StuffTheSpire:Incineration"],"picked":"hubris:SharpeningStone","floor":5},{"not_picked":["Iron Wave","StuffTheSpire:Slingshot"],"picked":"Replay:Undeath\u0027s Touch","floor":6},{"not_picked":["Run Through","StuffTheSpire:Slingshot","DDmod:ScaleUpSkill"],"picked":"SKIP","floor":8},{"not_picked":["DDmod:EasePowerCard","Headbutt"],"picked":"Replay:Undeath\u0027s Touch","floor":9},{"not_picked":["Cleave","Headbutt"],"picked":"Flex","floor":11},{"not_picked":["Hemokinesis","Perfected Strike","DDmod:RapidStrikeAttack"],"picked":"SKIP","floor":14},{"not_picked":["Headbutt","Havoc","StuffTheSpire:Incineration"],"picked":"SKIP","floor":18},{"not_picked":["hubris:ReadiedAction+1","Abandon"],"picked":"Replay:Undeath\u0027s Touch+1","floor":23},{"not_picked":["hubris:CleavingFinish+1","DDmod:BurningFumesPowerCard"],"picked":"DDmod:SpikedSkill","floor":24},{"not_picked":["Evolve","Hemokinesis+1"],"picked":"Flex+1","floor":27},{"not_picked":["Flex","Clothesline"],"picked":"DDmod:ScaleUpSkill","floor":31},{"not_picked":["DDmod:RechargeSkill","Fiend Fire"],"picked":"DDmod:PlatedThornsSkill","floor":33},{"not_picked":["Feel No Pain+1","Iron Wave+1"],"picked":"StuffTheSpire:RockThrow+1","floor":35},{"not_picked":["DDmod:UnstoppableAttack","Thunderclap+1"],"picked":"Rage","floor":37},{"not_picked":["Headbutt","Anger","DDmod:CallousedSkill"],"picked":"SKIP","floor":38},{"not_picked":["DDmod:UnstoppableAttack","DDmod:EasePowerCard+1","Clothesline"],"picked":"SKIP","floor":45},{"not_picked":["StuffTheSpire:RockThrow","Sword Boomerang+1","Immolate"],"picked":"SKIP","floor":46}],"player_experience":828832,"relics_obtained":[{"floor":5,"key":"StuffTheSpire:OldFever"},{"floor":6,"key":"Akabeko"},{"floor":9,"key":"ReplayTheSpireMod:TigerMarble"},{"floor":23,"key":"Pantograph"},{"floor":26,"key":"Whetstone"},{"floor":27,"key":"StuffTheSpire:PointBlank"},{"floor":31,"key":"StuffTheSpire:HeavyRock"},{"floor":39,"key":"Old Coin"},{"floor":43,"key":"hubris:ToyBattleship"}],"event_choices":[{"damage_healed":0,"gold_gain":0,"player_choice":"Obtain J.A.X.","damage_taken":0,"max_hp_gain":0,"max_hp_loss":0,"event_name":"Drug Dealer","floor":21,"gold_loss":0,"cards_obtained":["J.A.X."]},{"cards_removed":["Combust"],"damage_healed":0,"gold_gain":0,"player_choice":"Removed Power","damage_taken":0,"max_hp_gain":0,"max_hp_loss":0,"event_name":"Falling","floor":36,"gold_loss":0},{"damage_healed":0,"gold_gain":0,"player_choice":"Fight","damage_taken":0,"max_hp_gain":0,"max_hp_loss":0,"event_name":"MindBloom","floor":39,"gold_loss":0}],"is_beta":false,"boss_relics":[{"not_picked":["ChewingGum","Philosopher\u0027s Stone"],"picked":"Replay:Cursed D8"},{"not_picked":["hubris:BlackHole","StuffTheSpire:Kangaroo"],"picked":"Ooze Armor"}],"items_purged_floors":[],"is_endless":false,"potions_floor_spawned":[4,6,8,14,23,31,38,39,45],"killed_by":"3 Darklings","ascension_level":3}}