{"host":"pj7egx7jkoz18hom","time":1613398765,"event":{"mods":["AchievementEnabler","BaseMod","Keyboard Shortcuts","Minty Spire (QoL Compilation)","SuperFastMode"],"gold_per_floor":[114,134,134,147,72,105,105,148,148,148,161,161,336,379,379,505,505,521,521,541,257,275,275,275,275,301,320,320,320,320],"floor_reached":29,"language":"KOR","playtime":886,"items_purged":["Pain","Doubt"],"score":265,"play_id":"dc0f702a-441b-4a62-8b98-4633bb302af7","local_time":"20210215231925","is_ascension_mode":true,"campfire_choices":[{"data":"Sunder","floor":7,"key":"SMITH"},{"floor":10,"key":"REST"},{"data":"Fusion","floor":15,"key":"SMITH"},{"data":"Capacitor","floor":23,"key":"SMITH"},{"data":"Lockon","floor":25,"key":"SMITH"},{"data":"Glacier","floor":28,"key":"SMITH"}],"circlet_count":0,"master_deck":["Strike_B","Strike_B+1","Strike_B+1","Defend_B","Defend_B","Defend_B","Zap","Dualcast","Sunder+1","Thunder Strike","Glacier+1","Injury","Beam Cell","Fusion+1","Chaos+1","Go for the Eyes","Core Surge","Lockon+1","Rebound","Capacitor+1","Defragment+1","Chaos+1"],"relics":["Cracked Core","Golden Idol","Whetstone","Dead Branch","Question Card","HornCleat","Sozu","TheAbacus","Blood Vial"],"acts_visited":["Exordium","TheCity"],"potions_floor_usage":[14,16],"damage_taken":[{"damage":5,"enemies":"Jaw Worm","floor":1,"turns":3},{"damage":6,"enemies":"Small Slimes","floor":2,"turns":3},{"damage":6,"enemies":"2 Louse","floor":4,"turns":2},{"damage":20,"enemies":"Gremlin Nob","floor":6,"turns":4},{"damage":16,"enemies":"3 Sentries","floor":8,"turns":7},{"damage":12,"enemies":"Exordium Wildlife","floor":11,"turns":3},{"damage":16,"enemies":"Lagavulin","floor":14,"turns":5},{"damage":36,"enemies":"Hexaghost","floor":16,"turns":10},{"damage":0,"enemies":"Spheric Guardian","floor":18,"turns":3},{"damage":11,"enemies":"2 Thieves","floor":20,"turns":4},{"damage":12,"enemies":"Snecko","floor":22,"turns":5},{"damage":27,"enemies":"Cultist and Chosen","floor":27,"turns":6},{"damage":30,"enemies":"Gremlin Leader","floor":29,"turns":9}],"seed_played":"9055022106762468512","potions_obtained":[{"floor":1,"key":"FearPotion"},{"floor":8,"key":"FearPotion"},{"floor":16,"key":"FocusPotion"}],"is_trial":false,"path_per_floor":["M","M","?","M","$","E","R","E","T","R","M","?","?","E","R","B",null,"M","?","M","$","M","R","?","R","T","M","R","E"],"character_chosen":"DEFECT","items_purchased":["Capacitor","TheAbacus"],"campfire_rested":1,"item_purchase_floors":[21,21],"current_hp_per_floor":[70,64,64,58,58,38,38,22,22,44,32,57,57,41,41,5,75,75,75,64,64,52,52,52,52,52,27,27,0,0],"gold":320,"neow_bonus":"TRANSFORM_TWO_CARDS","is_daily":false,"chose_seed":false,"campfire_upgraded":5,"win_rate":0.0,"timestamp":1613398765,"path_taken":["M","M","?","M","$","E","R","E","T","R","M","?","?","E","R","BOSS","M","?","M","$","M","R","?","R","T","M","R","E"],"items_purchased_type":["Card","Relic"],"build_version":"2020-12-22","purchased_purges":2,"victory":false,"max_hp_per_floor":[75,75,75,75,75,75,75,75,75,75,75,75,75,75,75,75,75,75,75,75,75,75,75,75,75,75,75,75,75,75],"card_choices":[{"not_picked":["Streamline","Hologram"],"picked":"Glacier","floor":1},{"not_picked":["Force Field","Hello World","Redo"],"picked":"SKIP","floor":2},{"not_picked":["FTL","Streamline"],"picked":"Beam Cell","floor":4},{"not_picked":["All For One","Turbo","Amplify"],"picked":"SKIP","floor":6},{"not_picked":["Undo","Lockon"],"picked":"Fusion","floor":8},{"not_picked":["Gash","Streamline","Static Discharge"],"picked":"Chaos","floor":11},{"not_picked":["Rip and Tear","Doom and Gloom","Sweeping Beam"],"picked":"Go for the Eyes","floor":14},{"not_picked":["Amplify","Multi-Cast","Machine Learning"],"picked":"Core Surge","floor":16},{"not_picked":["Turbo","Conserve Battery","Auto Shields"],"picked":"Lockon","floor":18},{"not_picked":["Gash","Auto Shields","Sunder"],"picked":"Rebound","floor":20},{"not_picked":["Heatsinks","Stack","BootSequence+1"],"picked":"Defragment+1","floor":22},{"not_picked":["Sweeping Beam","Fusion","Conserve Battery"],"picked":"Chaos+1","floor":27}],"player_experience":79444,"relics_obtained":[{"floor":6,"key":"Whetstone"},{"floor":8,"key":"Dead Branch"},{"floor":9,"key":"Question Card"},{"floor":14,"key":"HornCleat"},{"floor":26,"key":"Blood Vial"}],"event_choices":[{"damage_healed":0,"gold_gain":0,"player_choice":"Take Wound","damage_taken":0,"relics_obtained":["Golden Idol"],"max_hp_gain":0,"max_hp_loss":0,"event_name":"Golden Idol","floor":3,"gold_loss":0,"cards_obtained":["Injury"]},{"damage_healed":25,"gold_gain":0,"player_choice":"Banana","damage_taken":0,"max_hp_gain":0,"max_hp_loss":0,"event_name":"Big Fish","floor":12,"gold_loss":0},{"damage_healed":0,"gold_gain":175,"player_choice":"AGREE","damage_taken":0,"max_hp_gain":0,"max_hp_loss":0,"event_name":"Liars Game","floor":13,"gold_loss":0,"cards_obtained":["Doubt"]},{"damage_healed":0,"gold_gain":0,"player_choice":"Ignored","damage_taken":0,"max_hp_gain":0,"max_hp_loss":0,"event_name":"Ghosts","floor":19,"gold_loss":0},{"damage_healed":0,"gold_gain":0,"player_choice":"Upgraded","damage_taken":0,"max_hp_gain":0,"max_hp_loss":0,"event_name":"Upgrade Shrine","floor":24,"gold_loss":0,"cards_upgraded":["Chaos"]}],"is_beta":false,"boss_relics":[{"not_picked":["Coffee Dripper","SlaversCollar"],"picked":"Sozu"}],"items_purged_floors":[5,21],"is_endless":false,"potions_floor_spawned":[1,8,16,22,27],"killed_by":"Gremlin Leader","ascension_level":2}}