{"host":"raaimkojny05jekw","time":1613412735,"event":{"mods":["AchievementEnabler","BaseMod","Colored Map","Colored Powertips","DeckTracker","Minty Spire (QoL Compilation)","Quick Restart","Rare Cards Sparkle","everything is the same but u backflip on backflip"],"gold_per_floor":[114,189,189,203,38,38,56,56,79,104,104,132,132,143,143,241,241,252,167,180,180,7,7,22,22,95,28,39,39,39,159,159,264,264,279,279,379,304,204,204,236,251,251,251,61,81,81,114,114,114],"floor_reached":51,"language":"KOR","playtime":2129,"items_purged":["Strike_R","Defend_R"],"score":1071,"play_id":"4e5fcdd0-a14f-4b36-a8e0-6a871da2d930","local_time":"20210216031215","is_ascension_mode":true,"campfire_choices":[{"data":"Magnetism","floor":6,"key":"SMITH"},{"data":"Corruption","floor":8,"key":"SMITH"},{"floor":13,"key":"REST"},{"data":"Carnage","floor":15,"key":"SMITH"},{"data":"Body Slam","floor":23,"key":"SMITH"},{"data":"Apotheosis","floor":25,"key":"SMITH"},{"floor":32,"key":"REST"},{"data":"Entrench","floor":40,"key":"SMITH"},{"data":"Juggernaut","floor":47,"key":"SMITH"},{"data":"True Grit","floor":49,"key":"SMITH"}],"circlet_count":0,"master_deck":["Defend_R","Defend_R","Bash","Dropkick","Corruption+1","Battle Trance+1","True Grit+1","Magnetism+1","Body Slam+1","Carnage+1","Headbutt","Feel No Pain","Impervious","Burning Pact+1","Barricade+1","Shrug It Off","Apotheosis+1","Entrench+1","Feel No Pain","Shrug It Off","Juggernaut+1","Second Wind","The Bomb"],"relics":["Burning Blood","Juzu Bracelet","Strawberry","Red Skull","Omamori","Astrolabe","Happy Flower","Spirit Poop","Question Card","Dead Branch","Matryoshka","Black Star","Kunai","Lizard Tail","Bronze Scales","Dream Catcher","Incense Burner","Boot"],"acts_visited":["Exordium","TheCity","TheBeyond"],"potions_floor_usage":[7,10,16,31,50,50],"damage_taken":[{"damage":13,"enemies":"2 Louse","floor":1,"turns":4},{"damage":2,"enemies":"Jaw Worm","floor":4,"turns":3},{"damage":5,"enemies":"Small Slimes","floor":7,"turns":5},{"damage":33,"enemies":"Gremlin Nob","floor":10,"turns":5},{"damage":25,"enemies":"Lagavulin","floor":12,"turns":6},{"damage":1,"enemies":"3 Louse","floor":14,"turns":3},{"damage":30,"enemies":"Hexaghost","floor":16,"turns":8},{"damage":2,"enemies":"Chosen","floor":18,"turns":6},{"damage":7,"enemies":"Shell Parasite","floor":20,"turns":4},{"damage":18,"enemies":"Cultist and Chosen","floor":24,"turns":7},{"damage":8,"enemies":"Snake Plant","floor":28,"turns":5},{"damage":22,"enemies":"Colosseum Slavers","floor":31,"turns":4},{"damage":17,"enemies":"Colosseum Nobs","floor":31,"turns":5},{"damage":7,"enemies":"Champ","floor":33,"turns":4},{"damage":0,"enemies":"Orb Walker","floor":35,"turns":4},{"damage":4,"enemies":"Giant Head","floor":41,"turns":5},{"damage":0,"enemies":"3 Darklings","floor":42,"turns":3},{"damage":20,"enemies":"4 Shapes","floor":46,"turns":5},{"damage":6,"enemies":"Reptomancer","floor":48,"turns":4},{"damage":16,"enemies":"Awakened One","floor":50,"turns":4}],"seed_played":"2991569845212696165","potions_obtained":[{"floor":4,"key":"Block Potion"},{"floor":7,"key":"HeartOfIron"},{"floor":12,"key":"SkillPotion"},{"floor":24,"key":"Fire Potion"},{"floor":31,"key":"Explosive Potion"},{"floor":33,"key":"Weak Potion"},{"floor":36,"key":"DuplicationPotion"},{"floor":36,"key":"Fire Potion"},{"floor":41,"key":"Block Potion"},{"floor":46,"key":"DuplicationPotion"}],"is_trial":false,"path_per_floor":["M","?","?","M","$","R","M","R","T","E","?","E","R","M","R","B",null,"M","?","M","?","$","R","M","R","T","$","M","?","$","?","R","B",null,"M","?","?","$","$","R","E","M","T","?","$","M","R","E","R","B",null],"character_chosen":"IRONCLAD","items_purchased":["Magnetism","Apotheosis","Feel No Pain","The Bomb"],"campfire_rested":2,"item_purchase_floors":[5,22,27,45],"current_hp_per_floor":[65,54,42,46,46,46,47,47,54,27,27,8,34,39,39,15,69,73,73,72,72,72,72,60,60,60,60,58,58,58,31,57,56,79,85,85,85,85,85,85,87,87,87,87,87,73,73,73,73,63],"gold":114,"neow_bonus":"TRANSFORM_TWO_CARDS","is_daily":false,"chose_seed":false,"campfire_upgraded":8,"win_rate":0.0,"timestamp":1613412735,"path_taken":["M","?","?","M","$","R","M","R","T","E","?","E","R","M","R","BOSS","M","?","M","?","$","R","M","R","T","$","M","?","$","?","R","BOSS","M","?","?","?","$","R","E","M","T","?","$","M","R","E","R","BOSS"],"items_purchased_type":["Card","Card","Card","Card"],"build_version":"2020-12-22","purchased_purges":2,"victory":true,"max_hp_per_floor":[80,80,80,80,80,80,80,80,87,87,87,87,87,87,87,87,87,87,87,87,87,87,87,87,87,87,87,87,87,87,87,87,87,87,87,87,87,87,87,87,87,87,87,87,87,87,87,87,87,87],"card_choices":[{"not_picked":["Rage","Entrench"],"picked":"Battle Trance","floor":1},{"not_picked":["Flex","Anger"],"picked":"True Grit","floor":4},{"not_picked":["Flex","Havoc"],"picked":"Body Slam","floor":7},{"not_picked":["Clothesline","Perfected Strike"],"picked":"Carnage","floor":10},{"not_picked":["Infernal Blade","Pummel"],"picked":"Headbutt","floor":12},{"not_picked":["Headbutt","Thunderclap"],"picked":"Feel No Pain","floor":14},{"not_picked":["Double Tap","Limit Break"],"picked":"Impervious","floor":16},{"not_picked":["Iron Wave","Armaments"],"picked":"Shrug It Off","floor":18},{"not_picked":["Wild Strike+1","Thunderclap","Combust"],"picked":"SKIP","floor":20},{"not_picked":["Sever Soul","Thunderclap"],"picked":"Entrench","floor":24},{"not_picked":["Clash","True Grit","Fire Breathing","Heavy Blade"],"picked":"SKIP","floor":28},{"not_picked":["Wild Strike","Thunderclap","Brutality"],"picked":"Shrug It Off","floor":31},{"not_picked":["Barricade","Impervious","Limit Break"],"picked":"Juggernaut","floor":33},{"not_picked":["Hemokinesis+1","Shrug It Off","Combust+1"],"picked":"Second Wind","floor":35},{"not_picked":["Reaper","Flex+1","Clothesline+1","Combust"],"picked":"SKIP","floor":41},{"not_picked":["Wild Strike","Perfected Strike+1","Thunderclap","Sword Boomerang+1"],"picked":"SKIP","floor":42},{"not_picked":["Rampage","Armaments","Metallicize+1","Havoc"],"picked":"SKIP","floor":46},{"not_picked":["Sword Boomerang","Barricade","Blood for Blood","Reckless Charge+1"],"picked":"SKIP","floor":48}],"player_experience":750513,"relics_obtained":[{"floor":9,"key":"Strawberry"},{"floor":10,"key":"Red Skull"},{"floor":12,"key":"Omamori"},{"floor":26,"key":"Question Card"},{"floor":31,"key":"Dead Branch"},{"floor":31,"key":"Matryoshka"},{"floor":41,"key":"Kunai"},{"floor":41,"key":"Lizard Tail"},{"floor":43,"key":"Bronze Scales"},{"floor":43,"key":"Dream Catcher"},{"floor":48,"key":"Incense Burner"},{"floor":48,"key":"Boot"}],"event_choices":[{"damage_healed":0,"gold_gain":75,"player_choice":"Gather Gold","damage_taken":11,"max_hp_gain":0,"max_hp_loss":0,"event_name":"World of Goop","floor":2,"gold_loss":0},{"damage_healed":0,"gold_gain":0,"player_choice":"Success","damage_taken":12,"relics_obtained":["Juzu Bracelet"],"max_hp_gain":0,"max_hp_loss":0,"event_name":"Scrap Ooze","floor":3,"gold_loss":0},{"damage_healed":0,"gold_gain":0,"player_choice":"Ignored","damage_taken":0,"max_hp_gain":0,"max_hp_loss":0,"event_name":"Liars Game","floor":11,"gold_loss":0},{"damage_healed":0,"gold_gain":0,"player_choice":"Obtained Relic","damage_taken":0,"relics_obtained":["Happy Flower"],"max_hp_gain":0,"max_hp_loss":0,"event_name":"Addict","floor":19,"gold_loss":85},{"cards_removed":["Shame"],"damage_healed":0,"gold_gain":0,"player_choice":"Offered Curse","damage_taken":0,"relics_obtained":["Spirit Poop"],"max_hp_gain":0,"max_hp_loss":0,"event_name":"Bonfire Elementals","floor":21,"gold_loss":0},{"damage_healed":0,"gold_gain":0,"player_choice":"Upgraded","damage_taken":0,"max_hp_gain":0,"max_hp_loss":0,"event_name":"Upgrade Shrine","floor":29,"gold_loss":0,"cards_upgraded":["Battle Trance"]},{"damage_healed":0,"gold_gain":0,"player_choice":"Fight","damage_taken":0,"max_hp_gain":0,"max_hp_loss":0,"event_name":"Colosseum","floor":31,"gold_loss":0},{"damage_healed":0,"gold_gain":0,"player_choice":"Fought Nobs","damage_taken":0,"max_hp_gain":0,"max_hp_loss":0,"event_name":"Colosseum","floor":31,"gold_loss":0},{"damage_healed":0,"gold_gain":0,"player_choice":"Got Potions","damage_taken":0,"max_hp_gain":0,"max_hp_loss":0,"event_name":"Lab","floor":36,"gold_loss":0},{"damage_healed":0,"gold_gain":100,"player_choice":"Pray","damage_taken":0,"max_hp_gain":0,"max_hp_loss":0,"event_name":"Golden Shrine","floor":37,"gold_loss":0},{"cards_removed":["Shrug It Off"],"damage_healed":0,"gold_gain":0,"player_choice":"Removed Skill","damage_taken":0,"max_hp_gain":0,"max_hp_loss":0,"event_name":"Falling","floor":44,"gold_loss":0}],"is_beta":false,"boss_relics":[{"not_picked":["SlaversCollar","Pandora\u0027s Box"],"picked":"Astrolabe"},{"not_picked":["Runic Pyramid","Velvet Choker"],"picked":"Black Star"}],"items_purged_floors":[38,39],"is_endless":false,"potions_floor_spawned":[4,7,12,24,31,31,33,41,46],"ascension_level":7}}