{"host":"v86vpwf004p2esb7","time":1613424004,"event":{"mods":["AchievementEnabler","BaseMod","BetterRewards","Colored Powertips","Minty Spire (QoL Compilation)","Quick Restart","StSLib","Transform Curses"],"gold_per_floor":[119,119,135,135,210,210,253,253,279,33,33,71,71,93,93,203,203,232,259,268,293,293,293,293,293],"floor_reached":24,"language":"ENG","playtime":1245,"items_purged":[],"score":332,"play_id":"2963cdc6-ea75-4a29-9d3d-1e3475b68661","local_time":"20210215132004","is_ascension_mode":true,"campfire_choices":[{"floor":6,"key":"REST"},{"floor":11,"key":"REST"},{"data":"Metamorphosis","floor":13,"key":"SMITH"},{"data":"Blade Dance","floor":15,"key":"SMITH"},{"floor":23,"key":"REST"}],"circlet_count":0,"master_deck":["Strike_G","Strike_G","Strike_G","Strike_G","Defend_G","Defend_G","Defend_G+1","Defend_G","Defend_G+1","Survivor","Neutralize","Footwork","Escape Plan","All Out Attack","Blade Dance+1","Metamorphosis+1","Caltrops","Sucker Punch","Night Terror","Underhanded Strike+1","Dagger Spray","Accuracy","Outmaneuver+1"],"relics":["Ring of the Snake","Anchor","Tingsha","Happy Flower","CeramicFish","Meat on the Bone","Membership Card","Bronze Scales","Black Star","Nilry\u0027s Codex"],"acts_visited":["Exordium","TheCity"],"potions_floor_usage":[16,24],"damage_taken":[{"damage":0,"enemies":"Cultist","floor":1,"turns":4},{"damage":0,"enemies":"Jaw Worm","floor":3,"turns":5},{"damage":35,"enemies":"Lagavulin","floor":7,"turns":16},{"damage":2,"enemies":"3 Sentries","floor":12,"turns":8},{"damage":0,"enemies":"Small Slimes","floor":14,"turns":2},{"damage":37,"enemies":"The Guardian","floor":16,"turns":12},{"damage":11,"enemies":"Spheric Guardian","floor":18,"turns":4},{"damage":9,"enemies":"Shell Parasite","floor":19,"turns":5},{"damage":34,"enemies":"Shelled Parasite and Fungi","floor":21,"turns":5},{"damage":41,"enemies":"Gremlin Leader","floor":24,"turns":4}],"seed_played":"4710697563062322514","potions_obtained":[{"floor":1,"key":"SpeedPotion"},{"floor":7,"key":"Dexterity Potion"},{"floor":12,"key":"SkillPotion"},{"floor":19,"key":"Swift Potion"}],"is_trial":false,"path_per_floor":["M","?","M","?","?","R","E","T","T","$","R","E","R","M","R","B",null,"M","M","?","M","?","R","E"],"character_chosen":"THE_SILENT","items_purchased":["Anchor","Happy Flower","Membership Card","Blade Dance","Metamorphosis"],"campfire_rested":3,"item_purchase_floors":[0,0,10,10,10],"current_hp_per_floor":[48,48,48,34,23,44,9,9,9,9,30,40,40,40,40,15,70,59,50,50,28,12,33,0,0],"gold":293,"neow_bonus":"","is_daily":false,"chose_seed":false,"campfire_upgraded":2,"win_rate":0.0,"timestamp":1613424004,"path_taken":["M","?","M","?","?","R","E","?","T","$","R","E","R","?","R","BOSS","M","?","?","M","?","R","E"],"items_purchased_type":["Relic","Relic","Relic","Card","Card"],"build_version":"2020-12-22","purchased_purges":0,"victory":false,"max_hp_per_floor":[70,70,70,70,70,70,70,70,70,70,70,70,70,70,70,70,70,70,70,70,70,70,70,70,70],"card_choices":[{"not_picked":["Dodge and Roll","Bouncing Flask"],"picked":"Footwork","floor":1},{"not_picked":["Slice","Heel Hook"],"picked":"Escape Plan","floor":3},{"not_picked":["Sucker Punch","Leg Sweep"],"picked":"All Out Attack","floor":7},{"not_picked":["Heel Hook","Leg Sweep"],"picked":"Caltrops","floor":12},{"not_picked":["Bouncing Flask","Skewer"],"picked":"Sucker Punch","floor":14},{"not_picked":["Grand Finale","Wraith Form v2"],"picked":"Night Terror","floor":16},{"not_picked":["Dagger Throw","Reflex"],"picked":"Underhanded Strike+1","floor":18},{"not_picked":["Dagger Throw","Acrobatics+1"],"picked":"Dagger Spray","floor":19},{"not_picked":["Catalyst","All Out Attack"],"picked":"Outmaneuver+1","floor":21}],"player_experience":281795,"relics_obtained":[{"floor":7,"key":"CeramicFish"},{"floor":8,"key":"Meat on the Bone"},{"floor":12,"key":"Bronze Scales"},{"floor":22,"key":"Nilry\u0027s Codex"}],"event_choices":[{"damage_healed":0,"gold_gain":0,"player_choice":"Ignored","damage_taken":0,"max_hp_gain":0,"max_hp_loss":0,"event_name":"Golden Wing","floor":2,"gold_loss":0},{"damage_healed":0,"gold_gain":0,"player_choice":"Entered Light","damage_taken":14,"max_hp_gain":0,"max_hp_loss":0,"event_name":"Shining Light","floor":4,"gold_loss":0,"cards_upgraded":["Defend_G","Defend_G"]},{"damage_healed":0,"gold_gain":75,"player_choice":"Gather Gold","damage_taken":11,"max_hp_gain":0,"max_hp_loss":0,"event_name":"World of Goop","floor":5,"gold_loss":0},{"damage_healed":0,"gold_gain":0,"player_choice":"Read","damage_taken":0,"max_hp_gain":0,"max_hp_loss":0,"event_name":"The Library","floor":20,"gold_loss":0,"cards_obtained":["Accuracy"]},{"damage_healed":0,"gold_gain":0,"player_choice":"Obtained Book","damage_taken":16,"max_hp_gain":0,"max_hp_loss":0,"event_name":"Cursed Tome","floor":22,"gold_loss":0}],"is_beta":false,"boss_relics":[{"not_picked":["Tiny House","Philosopher\u0027s Stone"],"picked":"Black Star"}],"items_purged_floors":[],"is_endless":false,"potions_floor_spawned":[1,7,12,19],"killed_by":"Gremlin Leader","ascension_level":2}}