{"host":"qrt7o4dq2qslzw13","time":1613411771,"event":{"mods":["AchievementEnabler","BaseMod","Colored Map","Colored Powertips","Minty Spire (QoL Compilation)","Quick Restart","StSLib","SuperFastMode"],"gold_per_floor":[112,23,23,37,37,37,49,49,49,83,83,83,155,173,173,252,252,264,4,24,24,24,40,0,0,0,0,0,10,10,26,26,26,26],"floor_reached":33,"language":"ENG","playtime":547,"items_purged":[],"score":486,"play_id":"730f852e-bf18-4d47-bc2f-9d8469f14ca1","local_time":"20210215125611","is_ascension_mode":true,"campfire_choices":[{"data":"Bash","floor":6.0,"key":"SMITH"},{"data":"Anger","floor":8.0,"key":"SMITH"},{"floor":15.0,"key":"REST"},{"floor":25,"key":"REST"},{"data":"Corruption","floor":27,"key":"SMITH"},{"floor":32,"key":"REST"}],"circlet_count":0,"master_deck":["AscendersBane","Strike_R","Strike_R","Strike_R","Strike_R","Strike_R","Defend_R","Defend_R","Defend_R+1","Defend_R","Bash+1","Anger+1","Spot Weakness+1","Shockwave","Iron Wave","Rampage","Power Through","Corruption+1","Dark Embrace","Burning Pact","Rage+1","Infernal Blade","Shame","Pummel+1","Ghostly Armor"],"relics":["Burning Blood","Unceasing Top","Potion Belt","Bird Faced Urn","Dead Branch","Strange Spoon","StrikeDummy","Charon\u0027s Ashes","Anchor"],"acts_visited":["Exordium","TheCity"],"potions_floor_usage":[23,33,33],"damage_taken":[{"damage":11.0,"enemies":"Small Slimes","floor":1.0,"turns":4.0},{"damage":5.0,"enemies":"2 Louse","floor":4.0,"turns":3.0},{"damage":1.0,"enemies":"Jaw Worm","floor":7.0,"turns":3.0},{"damage":19.0,"enemies":"Gremlin Nob","floor":10.0,"turns":4.0},{"damage":9.0,"enemies":"2 Fungi Beasts","floor":14.0,"turns":3.0},{"damage":44.0,"enemies":"Slime Boss","floor":16.0,"turns":9.0},{"damage":1.0,"enemies":"Spheric Guardian","floor":18.0,"turns":2.0},{"damage":14.0,"enemies":"2 Thieves","floor":20.0,"turns":4.0},{"damage":51,"enemies":"Shelled Parasite and Fungi","floor":23,"turns":7},{"damage":0,"enemies":"Cultist and Chosen","floor":29,"turns":3},{"damage":31,"enemies":"Chosen and Byrds","floor":31,"turns":4},{"damage":90,"enemies":"Automaton","floor":33,"turns":10}],"seed_played":"-7081777218842038683","potions_obtained":[{"floor":1.0,"key":"Fruit Juice"},{"floor":4.0,"key":"FearPotion"},{"floor":23,"key":"Dexterity Potion"},{"floor":29,"key":"Strength Potion"}],"is_trial":false,"path_per_floor":["M","$","?","M","?","R","M","R","T","E","?","$","?","M","R","B",null,"M","$","M","$","?","M","?","R","T","R","?","M","T","M","R","B"],"character_chosen":"IRONCLAD","items_purchased":["Spot Weakness","Strange Spoon","Burning Pact"],"campfire_rested":3,"item_purchase_floors":[2,19,19],"current_hp_per_floor":[50,50,26,27,53,53,58,58,58,45,40,40,40,37,61,23,66,75,75,71,71,71,30,30,54,54,54,54,64,64,41,65,0,0],"gold":26,"neow_bonus":"ONE_RARE_RELIC","is_daily":false,"chose_seed":false,"campfire_upgraded":3,"win_rate":0.0,"timestamp":1613411771,"path_taken":["M","$","?","M","?","R","M","R","T","E","?","$","?","M","R","BOSS","M","$","M","$","?","M","?","R","T","R","?","M","?","M","R","BOSS"],"items_purchased_type":["Card","Relic","Card"],"build_version":"2020-12-22","purchased_purges":0,"victory":false,"max_hp_per_floor":[80,80,80,80,80,80,80,80,80,80,80,80,80,80,80,80,80,80,80,80,80,80,80,80,80,80,80,80,80,80,80,80,80,80],"card_choices":[{"not_picked":["Whirlwind","Sword Boomerang"],"picked":"Anger","floor":1.0},{"not_picked":["Flex","Seeing Red"],"picked":"Shockwave","floor":4.0},{"not_picked":["Clothesline","Flex"],"picked":"Iron Wave","floor":7.0},{"not_picked":["Twin Strike","Warcry"],"picked":"Rampage","floor":10.0},{"not_picked":["True Grit","Pommel Strike"],"picked":"Power Through","floor":14.0},{"not_picked":["Juggernaut","Fiend Fire"],"picked":"Corruption","floor":16.0},{"not_picked":["Flame Barrier","Headbutt"],"picked":"Dark Embrace","floor":18.0},{"not_picked":["Shockwave","Shrug It Off"],"picked":"Rage+1","floor":20.0},{"not_picked":["Searing Blow","Headbutt","Rage"],"picked":"SKIP","floor":23},{"not_picked":["Cleave","Armaments+1"],"picked":"Pummel+1","floor":29},{"not_picked":["Immolate","Havoc"],"picked":"Ghostly Armor","floor":31}],"player_experience":639594,"relics_obtained":[{"floor":9.0,"key":"Potion Belt"},{"floor":10.0,"key":"Bird Faced Urn"},{"floor":26,"key":"StrikeDummy"},{"floor":30,"key":"Anchor"}],"event_choices":[{"damage_healed":0.0,"max_hp_gain":0.0,"max_hp_loss":0.0,"gold_gain":0.0,"event_name":"Shining Light","player_choice":"Entered Light","floor":3.0,"gold_loss":0.0,"damage_taken":24.0,"cards_upgraded":["Defend_R","Spot Weakness"]},{"damage_healed":26.0,"max_hp_gain":0.0,"max_hp_loss":0.0,"gold_gain":0.0,"event_name":"Big Fish","player_choice":"Banana","floor":5.0,"gold_loss":0.0,"damage_taken":0.0},{"damage_healed":0.0,"max_hp_gain":0.0,"max_hp_loss":0.0,"gold_gain":0.0,"event_name":"Scrap Ooze","player_choice":"Success","floor":11.0,"gold_loss":0.0,"damage_taken":5.0,"relics_obtained":["Dead Branch"]},{"damage_healed":0.0,"max_hp_gain":0.0,"max_hp_loss":0.0,"gold_gain":72.0,"event_name":"Golden Wing","player_choice":"Gained Gold","floor":13.0,"gold_loss":0.0,"damage_taken":0.0},{"damage_healed":0.0,"max_hp_gain":0.0,"max_hp_loss":0.0,"gold_gain":0.0,"event_name":"The Library","player_choice":"Read","floor":22.0,"gold_loss":0.0,"damage_taken":0.0,"cards_obtained":["Infernal Blade"]},{"damage_healed":0,"gold_gain":0,"player_choice":"Paid Fearfully","damage_taken":0,"max_hp_gain":0,"max_hp_loss":0,"event_name":"Masked Bandits","floor":24,"gold_loss":40},{"damage_healed":0,"gold_gain":0,"player_choice":"Stole Relic","damage_taken":0,"relics_obtained":["Charon\u0027s Ashes"],"max_hp_gain":0,"max_hp_loss":0,"event_name":"Addict","floor":28,"gold_loss":0,"cards_obtained":["Shame"]}],"is_beta":false,"boss_relics":[{"not_picked":[]}],"items_purged_floors":[],"is_endless":false,"potions_floor_spawned":[1,4,23,29],"killed_by":"Automaton","ascension_level":20}}