{"host":"ormi09wwzv7sq47a","time":1613408200,"event":{"mods":["2.2 Compatiblity","AchievementEnabler","Act Like it!","BaseMod","Bestiary","Better Altar","Better Note","Better Sensory Stone","Better Silent Start","Better Skull","Better Third Choice","Better Vampires","BetterRewards","Block Reminder","Card Forge","Colored Map","Colored Powertips","Curses Come First","DeckTracker","Downfall","Highlight Path","Minty Spire (QoL Compilation)","Permanent Neow","Quick Restart","Rare Cards Sparkle","Relic Stats","Shop Mod","StSLib","The Jungle"],"gold_per_floor":[114,127,137,147,147,147,158,185,211,211,228,257,257,270,270,346,346,360,375,14,14,14,14,40,40,40,40,60,75,75,86,86,86,86],"floor_reached":33,"language":"ENG","playtime":1008,"items_purged":["Strike_R","Strike_R"],"score":511,"play_id":"c6ed7c9c-8be8-41ae-9636-3c35e98f964c","local_time":"20210215135640","is_ascension_mode":true,"campfire_choices":[{"data":"Perfected Strike","floor":6.0,"key":"SMITH"},{"data":"Perfected Strike","floor":10.0,"key":"SMITH"},{"data":"Disarm","floor":13.0,"key":"SMITH"},{"data":"Wild Strike","floor":15.0,"key":"SMITH"},{"data":"Disarm","floor":23.0,"key":"SMITH"},{"data":"Power Through","floor":25.0,"key":"SMITH"},{"data":"Shrug It Off","floor":27.0,"key":"SMITH"},{"floor":30,"key":"REST"},{"data":"Twin Strike","floor":32,"key":"SMITH"}],"circlet_count":0,"master_deck":["AscendersBane","Strike_R","Strike_R","Strike_R","Defend_R","Defend_R","Defend_R","Defend_R","Wild Strike+1","Perfected Strike+1","Perfected Strike+1","Twin Strike","Power Through+1","Shrug It Off+1","Twin Strike+1","Demon Form+1","Disarm+1","Reckless Charge","Corruption+1","Disarm+1","Fire Breathing+1","Sadistic Nature+1","Fire Breathing+1","Armaments+1","Shrug It Off+1","Seeing Red+1"],"relics":["Burning Blood","Hammer of Thor","Seething Fire","Anvil of the Gods","Charon\u0027s Ashes","Magic Flower","PreservedInsect","Frozen Egg 2","Vajra","Odd Mushroom","Mark of Pain","Blue Candle","Happy Flower","Toxic Egg 2"],"acts_visited":["Exordium","TheCity"],"potions_floor_usage":[29,31,33],"damage_taken":[{"damage":9.0,"enemies":"Small Slimes","floor":1.0,"turns":5.0},{"damage":1.0,"enemies":"Cultist","floor":2.0,"turns":3.0},{"damage":6.0,"enemies":"Jaw Worm","floor":3.0,"turns":4.0},{"damage":0.0,"enemies":"Looter","floor":4.0,"turns":1.0},{"damage":12.0,"enemies":"Exordium Thugs","floor":7.0,"turns":3.0},{"damage":15.0,"enemies":"3 Sentries","floor":8.0,"turns":4.0},{"damage":0.0,"enemies":"Exordium Wildlife","floor":11.0,"turns":2.0},{"damage":0.0,"enemies":"The Mushroom Lair","floor":12.0,"turns":3.0},{"damage":0.0,"enemies":"Large Slime","floor":14.0,"turns":3.0},{"damage":30.0,"enemies":"Hexaghost","floor":16.0,"turns":7.0},{"damage":0.0,"enemies":"Spheric Guardian","floor":18.0,"turns":1.0},{"damage":25.0,"enemies":"Shell Parasite","floor":19.0,"turns":5.0},{"damage":15.0,"enemies":"Slavers","floor":24.0,"turns":4.0},{"damage":20.0,"enemies":"Snecko","floor":28.0,"turns":4.0},{"damage":34,"enemies":"Centurion and Healer","floor":29,"turns":4},{"damage":10,"enemies":"Snake Plant","floor":31,"turns":3},{"damage":40,"enemies":"Champ","floor":33,"turns":8}],"seed_played":"-1708533787883415730","potions_obtained":[{"floor":1.0,"key":"LiquidMemories"},{"floor":4.0,"key":"DistilledChaos"},{"floor":7.0,"key":"ColorlessPotion"},{"floor":14.0,"key":"DuplicationPotion"},{"floor":16.0,"key":"EssenceOfSteel"},{"floor":24.0,"key":"AttackPotion"},{"floor":29,"key":"DistilledChaos"}],"is_trial":false,"path_per_floor":["M","M","M","M","?","R","M","E","T","R","M","?","R","M","R","B",null,"M","M","$","?","?","R","E","R","T","R","M","M","R","M","R","B"],"character_chosen":"IRONCLAD","items_purchased":["Charon\u0027s Ashes","PreservedInsect","Wild Strike","Regen Potion","Sadistic Nature+1","Fire Breathing+1"],"campfire_rested":1,"item_purchase_floors":[0,0,0,0,20,20],"current_hp_per_floor":[55,63,66,75,75,75,72,66,66,66,75,75,75,75,75,54,70,75,59,59,59,54,54,48,48,48,48,37,12,34,33,33,0,0],"gold":86,"neow_bonus":"","is_daily":false,"chose_seed":false,"campfire_upgraded":8,"win_rate":0.0,"timestamp":1613408200,"path_taken":["M","M","M","M","?","R","?","E","T","R","M","?","R","M","R","BOSS","M","M","$","?","?","R","E","R","T","R","M","M","R","M","R","BOSS"],"items_purchased_type":["Relic","Relic","Card","Potion","Card","Card"],"build_version":"2020-12-22","purchased_purges":2,"victory":false,"max_hp_per_floor":[75,75,75,75,75,75,75,75,75,75,75,75,75,75,75,75,75,75,75,75,75,75,75,75,75,75,75,75,75,75,75,75,75,75],"relic_stats":{"Happy Flower":[6],"counters":[31,128],"Blue Candle":[0],"Magic Flower":[47],"Charon\u0027s Ashes":[96],"PreservedInsect":76,"obtain_stats":[{"Happy Flower":24,"Astrolabe":17,"Blue Candle":22,"Oddly Smooth Stone":0,"Magic Flower":0,"Vajra":9,"Hammer of Thor":0,"Charon\u0027s Ashes":10,"PreservedInsect":0,"Juzu Bracelet":20,"Seething Fire":0,"Ginger":0,"Frozen Egg 2":8,"Odd Mushroom":12,"Question Card":26,"Smiling Mask":28,"Burning Blood":0,"Akabeko":12,"Anchor":7,"Anvil of the Gods":0,"Gambling Chip":0,"Pantograph":14,"Mark of Pain":17,"Toxic Egg 2":26},{"Happy Flower":27,"Astrolabe":9,"Blue Candle":26,"Oddly Smooth Stone":0,"Magic Flower":14,"Vajra":20,"Hammer of Thor":0,"Charon\u0027s Ashes":6,"PreservedInsect":14,"Juzu Bracelet":10,"Seething Fire":0,"Ginger":0,"Frozen Egg 2":20,"Odd Mushroom":22,"Question Card":10,"Smiling Mask":11,"Burning Blood":0,"Akabeko":6,"Anchor":5,"Anvil of the Gods":0,"Gambling Chip":0,"Pantograph":8,"Mark of Pain":24,"Toxic Egg 2":27},{"Happy Flower":109,"Astrolabe":48,"Blue Candle":105,"Oddly Smooth Stone":0,"Magic Flower":64,"Vajra":84,"Hammer of Thor":0,"Charon\u0027s Ashes":32,"PreservedInsect":64,"Juzu Bracelet":49,"Seething Fire":0,"Ginger":0,"Frozen Egg 2":84,"Odd Mushroom":89,"Question Card":49,"Smiling Mask":52,"Burning Blood":0,"Akabeko":32,"Anchor":28,"Anvil of the Gods":0,"Gambling Chip":0,"Pantograph":39,"Mark of Pain":99,"Toxic Egg 2":109}],"Burning Blood":200},"card_choices":[{"not_picked":["Combust","Heavy Blade"],"picked":"Perfected Strike","floor":1.0},{"not_picked":["Havoc","Pommel Strike"],"picked":"Perfected Strike","floor":2.0},{"not_picked":["Blood for Blood","Sword Boomerang"],"picked":"Twin Strike","floor":3.0},{"not_picked":["Flex","Thunderclap","Carnage"],"picked":"SKIP","floor":4.0},{"not_picked":["Sword Boomerang","Combust"],"picked":"Shrug It Off","floor":7.0},{"not_picked":["Rupture+1","Flex"],"picked":"Twin Strike","floor":8.0},{"not_picked":["Headbutt","Warcry"],"picked":"Demon Form+1","floor":11.0},{"not_picked":["Combust+1","Flex"],"picked":"Disarm","floor":12.0},{"not_picked":["Clothesline","Sever Soul"],"picked":"Reckless Charge","floor":14.0},{"not_picked":["Demon Form+1","Berserk+1"],"picked":"Corruption+1","floor":16.0},{"not_picked":["Shrug It Off","Thunderclap"],"picked":"Disarm","floor":18.0},{"not_picked":["Pommel Strike","Shrug It Off"],"picked":"Fire Breathing+1","floor":19.0},{"not_picked":["Cleave","Armaments","Combust+1"],"picked":"SKIP","floor":24.0},{"not_picked":["Sword Boomerang","Clothesline"],"picked":"Armaments+1","floor":28.0},{"not_picked":["Clash+1","Cleave"],"picked":"Shrug It Off+1","floor":29},{"not_picked":["Havoc+1","Combust+1"],"picked":"Seeing Red+1","floor":31}],"player_experience":1087596,"relics_obtained":[{"floor":8.0,"key":"Frozen Egg 2"},{"floor":9.0,"key":"Vajra"},{"floor":12.0,"key":"Odd Mushroom"},{"floor":24.0,"key":"Happy Flower"},{"floor":26.0,"key":"Toxic Egg 2"}],"event_choices":[{"damage_healed":0.0,"max_hp_gain":0.0,"max_hp_loss":0.0,"gold_gain":0.0,"cards_transformed":["Bash"],"event_name":"Transmorgrifier","player_choice":"Transformed","floor":5.0,"gold_loss":0.0,"damage_taken":0.0,"cards_obtained":["Power Through"]},{"damage_healed":0.0,"max_hp_gain":0.0,"max_hp_loss":0.0,"gold_gain":0.0,"event_name":"Mushrooms","player_choice":"Fought Mushrooms","floor":12.0,"gold_loss":0.0,"damage_taken":0.0},{"damage_healed":0.0,"max_hp_gain":0.0,"max_hp_loss":0.0,"gold_gain":0.0,"event_name":"Vampires","player_choice":"Ignored","floor":21.0,"gold_loss":0.0,"damage_taken":0.0}],"is_beta":false,"boss_relics":[{"not_picked":["expansioncontent:StudyCardRelic","sneckomod:SneckoTalon"],"picked":"Mark of Pain"}],"items_purged_floors":[0,20],"is_endless":false,"potions_floor_spawned":[1,4,7,11,14,16,24,29],"killed_by":"Champ","ascension_level":18}}