{"host":"5y2vm16xfq9gfmb2","time":1613380349,"event":{"mods":["AchievementEnabler","BaseMod","Better Third Choice","Colored Map","Colored Powertips","DeckTracker","Friendly Minions","Marisa????????","Minty Spire (QoL Compilation)","Rare Cards Sparkle","Relic Stats","StSLib","The Alterego","The Animator","The Marked","The Servant 0.9.4","Yohane!"],"gold_per_floor":[359,379,5,5,17,52,63,163,163,174,174,188,266,281,281,376,376,393,409,363,363,363,363,373,373,397,21,120,137,137,162,162,267,317,327,327,327],"floor_reached":36,"language":"ENG","playtime":2037,"items_purged":[],"score":436,"play_id":"bac522b3-05e4-4cea-a713-186b840a6dc2","local_time":"20210215041229","is_ascension_mode":false,"campfire_choices":[{"floor":11,"key":"REST"},{"floor":15,"key":"RECALL"},{"floor":23,"key":"REST"},{"floor":30,"key":"REST"},{"floor":32,"key":"REST"}],"circlet_count":0,"master_deck":["Yohane:Strike_Grey","Yohane:Strike_Grey","Yohane:Strike_Grey","Yohane:Strike_Grey","Yohane:Defend_Grey","Yohane:Defend_Grey","Yohane:Defend_Grey","Yohane:Defend_Grey","Yohane:Little_Demon_Lily","Yohane:Well_Laid_Ambush","Yohane:Inspiration","Yohane:Retaliation","Yohane:Soul_Peek+1","Yohane:One_Two","Yohane:Take_Flight","Yohane:Wrath","Yohane:Backfoot","Yohane:Misfortune","Yohane:Excitement","Yohane:Soul_Peek","Yohane:Energetic_Performance","Yohane:Guilty_Kiss+1","Yohane:Little_Demon_Ruby","Yohane:Little_Demon_Ruby","Yohane:Fallen_Dragon_Phoenix_Hold+1","Yohane:Lust","Magnetism","Yohane:Little_Demon_Chika","Yohane:Lust+1","Yohane:Runaway_Umbrella+1","Yohane:Energetic_Performance","Yohane:Dark_Rest+1","Yohane:Indulge","Yohane:Miracle_Wave+1","Yohane:Sloth+1"],"relics":["Yohane:AngelWings","Happy Flower","Dream Catcher","Thread and Needle","Matryoshka","Fusion Hammer","Bottled Lightning","Omamori","Juzu Bracelet","Letter Opener","Tiny House"],"acts_visited":["Exordium","TheCity","TheBeyond"],"potions_floor_usage":[10,16,16,21,31,33,36,36,36],"damage_taken":[{"damage":7,"enemies":"Small Slimes","floor":1,"turns":3},{"damage":0,"enemies":"Cultist","floor":2,"turns":4},{"damage":2,"enemies":"2 Louse","floor":5,"turns":2},{"damage":16,"enemies":"Gremlin Nob","floor":6,"turns":4},{"damage":11,"enemies":"Gremlin Gang","floor":7,"turns":4},{"damage":6,"enemies":"Exordium Thugs","floor":10,"turns":3},{"damage":0,"enemies":"2 Fungi Beasts","floor":12,"turns":3},{"damage":0,"enemies":"3 Louse","floor":14,"turns":2},{"damage":5,"enemies":"Slime Boss","floor":16,"turns":9},{"damage":10,"enemies":"Shell Parasite","floor":18,"turns":4},{"damage":0,"enemies":"Spheric Guardian","floor":19,"turns":3},{"damage":0,"enemies":"Snake Plant","floor":21,"turns":1},{"damage":16,"enemies":"Centurion and Healer","floor":24,"turns":5},{"damage":17,"enemies":"Chosen and Byrds","floor":29,"turns":5},{"damage":29,"enemies":"Gremlin Leader","floor":31,"turns":6},{"damage":23,"enemies":"Champ","floor":33,"turns":11},{"damage":5,"enemies":"3 Shapes","floor":35,"turns":4},{"damage":51,"enemies":"2 Orb Walkers","floor":36,"turns":4}],"seed_played":"1780818042669181182","potions_obtained":[{"floor":5,"key":"Regen Potion"},{"floor":6,"key":"PowerPotion"},{"floor":10,"key":"Weak Potion"},{"floor":12,"key":"GamblersBrew"},{"floor":16,"key":"SmokeBomb"},{"floor":19,"key":"AttackPotion"},{"floor":33,"key":"Explosive Potion"},{"floor":34,"key":"PowerPotion"},{"floor":35,"key":"Weak Potion"}],"is_trial":false,"path_per_floor":["M","M","$","?","M","E","M","?","T","M","R","M","T","M","R","B",null,"M","M","$","M","?","R","M","?","T","$","?","M","R","E","R","B",null,"M","?"],"character_chosen":"FallenAngel","items_purchased":["Yohane:Soul_Peek","Happy Flower","Dream Catcher","Yohane:Little_Demon_Ruby","Juzu Bracelet","Magnetism","Yohane:Little_Demon_Chika"],"campfire_rested":4,"item_purchase_floors":[3,3,3,20,27,27,27],"current_hp_per_floor":[47,47,47,47,45,29,18,18,18,12,28,28,28,28,28,38,54,44,44,44,44,35,52,36,36,36,36,36,19,36,7,24,1,64,59,20,20],"gold":327,"neow_bonus":"TWO_FIFTY_GOLD","is_daily":false,"chose_seed":false,"campfire_upgraded":0,"win_rate":0.0,"timestamp":1613380349,"path_taken":["M","M","$","?","?","E","M","?","T","?","R","M","?","M","R","BOSS","M","?","$","M","?","R","M","?","T","$","?","M","R","E","R","BOSS","M","?"],"items_purchased_type":["Card","Relic","Relic","Card","Relic","Card","Card"],"build_version":"2020-12-22","purchased_purges":0,"victory":false,"max_hp_per_floor":[54,54,54,54,54,54,54,54,54,54,54,54,54,54,54,54,54,54,54,54,54,59,59,59,59,59,59,59,59,59,59,59,59,64,64,64,64],"relic_stats":{"Dream Catcher":4,"Happy Flower":[23],"counters":[18,77],"Juzu Bracelet":0,"Letter Opener":[30],"obtain_stats":[{"Dream Catcher":3,"Matryoshka":13,"Tiny House":34,"Happy Flower":3,"Thread and Needle":6,"Fusion Hammer":17,"Omamori":26,"Juzu Bracelet":27,"Yohane:AngelWings":0,"Bottled Lightning":26,"Letter Opener":31},{"Dream Catcher":2,"Matryoshka":7,"Tiny House":16,"Happy Flower":2,"Thread and Needle":4,"Fusion Hammer":9,"Omamori":13,"Juzu Bracelet":13,"Yohane:AngelWings":0,"Bottled Lightning":13,"Letter Opener":15},{"Dream Catcher":7,"Matryoshka":23,"Tiny House":69,"Happy Flower":7,"Thread and Needle":13,"Fusion Hammer":34,"Omamori":47,"Juzu Bracelet":47,"Yohane:AngelWings":0,"Bottled Lightning":47,"Letter Opener":58}]},"card_choices":[{"not_picked":["Yohane:Kowareyasuki","Yohane:Dark_Shield"],"picked":"Yohane:Inspiration","floor":1},{"not_picked":["Yohane:Ice_Cream_Assault","Yohane:Sloth"],"picked":"Yohane:Retaliation","floor":2},{"not_picked":["Yohane:Wrath","Yohane:Impressive_Display"],"picked":"Yohane:One_Two","floor":5},{"not_picked":["Yohane:Dark_Rest","Yohane:Miracle_Wave"],"picked":"Yohane:Take_Flight","floor":6},{"not_picked":["Yohane:One_Two","Yohane:Soul_Peek"],"picked":"Yohane:Wrath","floor":7},{"not_picked":["Yohane:Impressive_Display","Yohane:Hakodate"],"picked":"Yohane:Backfoot","floor":10},{"not_picked":["Yohane:Hakodate","Yohane:Inspiration"],"picked":"Yohane:Misfortune","floor":11},{"not_picked":["Yohane:Energy_Change","Yohane:Dark_Rest"],"picked":"Yohane:Excitement","floor":12},{"not_picked":["Yohane:Backfoot","Yohane:Dark_Shield"],"picked":"Yohane:Soul_Peek","floor":14},{"not_picked":["Yohane:Take_Flight","Yohane:Witch_Trick"],"picked":"Yohane:Energetic_Performance","floor":16},{"not_picked":["Yohane:Ice_Cream_Assault","Yohane:Runaway_Umbrella"],"picked":"Yohane:Guilty_Kiss+1","floor":18},{"not_picked":["Yohane:Lust","Yohane:Inspiration"],"picked":"Yohane:Little_Demon_Ruby","floor":19},{"not_picked":["Yohane:Livestream_Donation","Yohane:Energy_Change"],"picked":"Yohane:Fallen_Dragon_Phoenix_Hold+1","floor":23},{"not_picked":["Yohane:Kowareyasuki+1","Yohane:Inspiration"],"picked":"Yohane:Lust","floor":24},{"not_picked":["Yohane:Backfoot","Yohane:Energy_Change"],"picked":"Yohane:Lust","floor":29},{"not_picked":["Yohane:Lailapse","Yohane:Miracle_Wave"],"picked":"Yohane:Runaway_Umbrella+1","floor":30},{"not_picked":["Yohane:Angel_Tears","Yohane:Soul_Peek"],"picked":"Yohane:Energetic_Performance","floor":31},{"not_picked":["Yohane:Energy_Change+1","Yohane:Misfortune"],"picked":"Yohane:Dark_Rest+1","floor":32},{"not_picked":["Yohane:Unstable_World","Yohane:City_Of_Sin"],"picked":"Yohane:Indulge","floor":33},{"not_picked":["Yohane:Dark_Rest","Yohane:Gluttony+1"],"picked":"Yohane:Miracle_Wave+1","floor":34},{"not_picked":["Yohane:Dark_Shield","Yohane:Grand_Entrance"],"picked":"Yohane:Sloth+1","floor":35}],"player_experience":120149,"relics_obtained":[{"floor":6,"key":"Thread and Needle"},{"floor":13,"key":"Matryoshka"},{"floor":26,"key":"Bottled Lightning"},{"floor":26,"key":"Omamori"},{"floor":31,"key":"Letter Opener"}],"event_choices":[{"damage_healed":0,"gold_gain":0,"player_choice":"Upgraded","damage_taken":0,"max_hp_gain":0,"max_hp_loss":0,"event_name":"Upgrade Shrine","floor":4,"gold_loss":0,"cards_upgraded":["Yohane:Soul_Peek"]},{"damage_healed":0,"gold_gain":100,"player_choice":"Gold","damage_taken":0,"max_hp_gain":0,"max_hp_loss":0,"event_name":"Wheel of Change","floor":8,"gold_loss":0},{"damage_healed":0,"gold_gain":0,"player_choice":"Shed Blood","damage_taken":14,"max_hp_gain":5,"max_hp_loss":0,"event_name":"Forgotten Altar","floor":22,"gold_loss":0},{"damage_healed":0,"gold_gain":0,"player_choice":"Ignored","damage_taken":0,"max_hp_gain":0,"max_hp_loss":0,"event_name":"Beggar","floor":25,"gold_loss":0},{"damage_healed":0,"gold_gain":99,"player_choice":"Steal","damage_taken":0,"max_hp_gain":0,"max_hp_loss":0,"event_name":"betterThird:BetterNest","floor":28,"gold_loss":0},{"damage_healed":0,"gold_gain":0,"player_choice":"Fight","damage_taken":0,"max_hp_gain":0,"max_hp_loss":0,"event_name":"Mysterious Sphere","floor":36,"gold_loss":0}],"is_beta":false,"boss_relics":[{"not_picked":["Sozu","Snecko Eye"],"picked":"Fusion Hammer"},{"not_picked":["Empty Cage","Astrolabe"],"picked":"Tiny House"}],"items_purged_floors":[],"is_endless":false,"potions_floor_spawned":[5,6,10,12,16,19,33,35],"killed_by":"2 Orb Walkers","ascension_level":0}}