{"host":"b7dyfc527bmrkvbm","time":1613355935,"event":{"mods":["2.2 Compatiblity","Act Like it!","BaseMod","BetterRewards","Conspire","Downfall","Duelist Mod","Hubris","Infinite Spire","Mimic Mod","Minty Spire (QoL Compilation)","Prisma Mod","Replay The Spire","Shop Mod","StSLib","The Accelerator","The Animator","The Blackbeard","The Construct","The Cursed","The Disciple","The Jungle","The Runesmith","The Vixen"],"gold_per_floor":[137,137,153,153,4,39,57,69,109,109,144,160,160,160,160,261,261,276,276,276,276,319,319,319],"floor_reached":23,"language":"ENG","playtime":4329,"items_purged":[],"score":197,"play_id":"3e26e7bf-352d-47da-9323-248ee1037bb6","local_time":"20210214212535","is_ascension_mode":false,"campfire_choices":[{"data":"theDuelist:JamBreeding","floor":13,"key":"SMITH"},{"floor":15,"key":"REST"}],"circlet_count":0,"master_deck":["theDuelist:BabyDragon","theDuelist:CastleWalls","theDuelist:CaveDragon","theDuelist:CaveDragon","theDuelist:LesserDragon","theDuelist:LesserDragon","theDuelist:Sparks","theDuelist:Sparks","theDuelist:YamataDragon","theDuelist:TwinHeadedBehemoth","theDuelist:HazyFlameHydra","Regret","theDuelist:TyrantWing","theDuelist:DeltaMagnet","theDuelist:TrihornedDragon","theDuelist:TrihornedDragon","theDuelist:JamBreeding+1","theDuelist:SliferSky","theDuelist:AncientGearGadjiltron","theDuelist:Mountain","theDuelist:RainbowOverdragon","theDuelist:CyberDragonCore","theDuelist:Scapegoat","hubris:NaturalOne","theDuelist:FrostflameDragon","Shame","theDuelist:Lancephorhynchus"],"relics":["theDuelist:MillenniumPuzzle","theDuelist:CardPoolRelic","theDuelist:CardPoolBasicRelic","theDuelist:BoosterPackPoolRelic","theDuelist:CardPoolAddRelic","theDuelist:CardPoolMinusRelic","theDuelist:CardPoolSaveRelic","theDuelist:CardPoolOptionsRelic","theDuelist:BoosterExtraAllRaresRelic","Singing Bowl","hubris:Icosahedron","Tiny Chest","theDuelist:SummonAnchor","Velvet Choker","theJungle:SneckoAutograph","Boot","Bottled Lightning"],"acts_visited":["Exordium","theJungle:Jungle"],"potions_floor_usage":[16,23,23,23],"damage_taken":[{"damage":1,"enemies":"conspire:RoseBush","floor":1,"turns":1},{"damage":3,"enemies":"Jaw Worm","floor":3,"turns":2},{"damage":20,"enemies":"3 Sentries","floor":6,"turns":6},{"damage":4,"enemies":"Cultist","floor":7,"turns":2},{"damage":9,"enemies":"Lots of Slimes","floor":8,"turns":5},{"damage":4,"enemies":"Large Slime","floor":9,"turns":6},{"damage":20,"enemies":"Lagavulin","floor":11,"turns":6},{"damage":2,"enemies":"Large Slime","floor":12,"turns":3},{"damage":31,"enemies":"Hexaghost","floor":16,"turns":6},{"damage":27,"enemies":"theJungle:Flameango_and_Byrd","floor":18,"turns":5},{"damage":26,"enemies":"theJungle:2_Phrogs","floor":23,"turns":5}],"seed_played":"3830022380345724948","potions_obtained":[{"floor":7,"key":"Swift Potion"},{"floor":8,"key":"Slimebound:ThreeZeroPotion"},{"floor":11,"key":"theDuelist:FireBottle"},{"floor":18,"key":"theDuelist:StunPotion"}],"is_trial":false,"path_per_floor":["M","?","M","?","$","E","M","M","MIM","?","E","M","R","?","R","B",null,"M","?","?","T","?","E"],"character_chosen":"THE_DUELIST","items_purchased":["theDuelist:TrihornedDragon","theDuelist:JamBreeding"],"campfire_rested":1,"item_purchase_floors":[5,5],"current_hp_per_floor":[79,79,76,76,76,56,52,43,39,39,21,19,19,12,36,5,82,55,55,55,55,25,0,0],"gold":319,"neow_bonus":"RANDOM_EVENT","is_daily":false,"chose_seed":false,"campfire_upgraded":1,"win_rate":0.0,"timestamp":1613355935,"path_taken":["M","?","M","?","?","E","?","M","MIM","?","E","M","R","?","R","BOSS","M","?","?","?","?","E"],"items_purchased_type":["Card","Card"],"build_version":"2020-12-22","purchased_purges":0,"victory":false,"max_hp_per_floor":[80,80,80,80,80,80,80,80,80,80,82,82,82,82,82,82,82,82,82,82,82,84,84,84],"card_choices":[{"not_picked":["theDuelist:Destroyersaurus","theDuelist:CyberDinosaur","theDuelist:Beatraptor","theDuelist:Babycerasaurus"],"picked":"theDuelist:HazyFlameHydra","floor":1},{"not_picked":["theDuelist:TrihornedDragon","theDuelist:FiveHeaded","theDuelist:CurseDragon","theDuelist:ArtifactIgnition"],"picked":"theDuelist:TyrantWing","floor":3},{"not_picked":["theDuelist:WaterDragon","theDuelist:SurvivalFittest","theDuelist:SeismicShockwave","theDuelist:FiveHeaded"],"picked":"theDuelist:SliferSky","floor":6},{"not_picked":["theDuelist:ViceDragon","theDuelist:TwinBarrelDragon","theDuelist:MadSwordBeast","theDuelist:Beatraptor"],"picked":"theDuelist:AncientGearGadjiltron","floor":7},{"not_picked":["theDuelist:TyrantWing","theDuelist:DragonRavine","theDuelist:CastleDragonSouls","theDuelist:BerserkScales"],"picked":"theDuelist:Mountain","floor":8},{"not_picked":["theDuelist:BattleguardKing","theDuelist:Hinotama","theDuelist:Raigeki","theDuelist:SmashingGround"],"picked":"theDuelist:RainbowOverdragon","floor":9},{"not_picked":["theDuelist:SurvivalFittest","theDuelist:LostWorld","theDuelist:CyberDragonInfinity"],"picked":"Singing Bowl","floor":11},{"not_picked":["theDuelist:Earthquake","theDuelist:BlackBrutdrago","theDuelist:SnowDragon","theDuelist:Vandalgyon"],"picked":"theDuelist:CyberDragonCore","floor":12},{"not_picked":["theDuelist:WingedDragonRa","theDuelist:VoidOgreDragon","theDuelist:OceanDragonLord","theDuelist:BusterBladerDDS"],"picked":"theDuelist:Scapegoat","floor":16},{"not_picked":["theDuelist:BlackStego","theDuelist:Beatraptor+1","theDuelist:YamataDragon","theDuelist:SnowdustDragon"],"picked":"theDuelist:FrostflameDragon","floor":18},{"not_picked":["theDuelist:TwinHeadedFire","theDuelist:MirageDragon","theDuelist:DarkHorus","theDuelist:CyberValley+1","theDuelist:BeserkDragon"],"picked":"Singing Bowl","floor":22},{"not_picked":["theDuelist:MadSwordBeast","theDuelist:RedEyesZombie","theDuelist:InfernityDoomDragon","theDuelist:BeserkDragon"],"picked":"theDuelist:Lancephorhynchus","floor":22}],"player_experience":604751,"relics_obtained":[{"floor":6,"key":"Singing Bowl"},{"floor":11,"key":"Tiny Chest"},{"floor":21,"key":"Boot"},{"floor":22,"key":"Bottled Lightning"}],"event_choices":[{"damage_healed":0,"gold_gain":0,"cards_transformed":["theDuelist:CastleWalls"],"player_choice":"Change","damage_taken":0,"max_hp_gain":0,"max_hp_loss":0,"event_name":"Living Wall","floor":0,"gold_loss":0,"cards_obtained":["theDuelist:TwinHeadedBehemoth"]},{"damage_healed":0,"gold_gain":0,"player_choice":"Box","damage_taken":0,"relics_obtained":["theDuelist:BoosterExtraAllRaresRelic"],"max_hp_gain":0,"max_hp_loss":0,"event_name":"Big Fish","floor":2,"gold_loss":0,"cards_obtained":["Regret"]},{"damage_healed":0,"gold_gain":0,"player_choice":"Delta Electro","duelist":true,"damage_taken":0,"max_hp_gain":0,"max_hp_loss":0,"event_name":"Egyptian Village","floor":4,"gold_loss":0,"cards_obtained":["Delta Electromagnet Warrior"]},{"damage_healed":0,"gold_gain":0,"player_choice":"Success","damage_taken":7,"relics_obtained":["theDuelist:SummonAnchor"],"max_hp_gain":0,"max_hp_loss":0,"event_name":"Scrap Ooze","floor":14,"gold_loss":0},{"damage_healed":0,"gold_gain":0,"player_choice":"Leave","duelist":true,"damage_taken":0,"max_hp_gain":0,"max_hp_loss":0,"event_name":"Relic Duplicator","floor":19,"gold_loss":0}],"is_beta":false,"boss_relics":[{"not_picked":["Runic Pyramid","conspire:SeveredTorchhead"],"picked":"Velvet Choker"}],"items_purged_floors":[],"is_endless":false,"potions_floor_spawned":[7,8,11,18],"killed_by":"theJungle:2_Phrogs","ascension_level":0}}