{"host":"9rehsd5oi9uaydbk","time":1613428387,"event":{"mods":["AchievementEnabler","Act Like it!","Aspiration","BaseMod","Colored Powertips","Curses Come First","Downfall","Hallownest","Hermit","Hubris","Jorbs\u0027s Wanderer Trilogy","Minty Spire (QoL Compilation)","Reliquary","Shop Mod","StSLib","The Bug Knight"],"gold_per_floor":[109,121,121,23,37,66,66,76,102,118,118,118,118,128,128,229,229,255,255,270,289,378,378,378,378],"floor_reached":24,"language":"ENG","playtime":1863,"items_purged":[],"score":200,"play_id":"1fdf3baa-52ca-4eaa-9d6d-74c830caaf7e","local_time":"20210215173307","is_ascension_mode":false,"campfire_choices":[{"floor":7,"key":"REST"},{"data":"stsjorbsmod:LocateObject","floor":15,"key":"SMITH"},{"data":"stsjorbsmod:Banish","floor":23,"key":"SMITH"}],"circlet_count":0,"master_deck":["stsjorbsmod:ForbiddenGrimoire+1","stsjorbsmod:Strike_Wanderer","stsjorbsmod:Strike_Wanderer","stsjorbsmod:Strike_Wanderer","stsjorbsmod:Strike_Wanderer+1","stsjorbsmod:Defend_Wanderer","stsjorbsmod:Defend_Wanderer","stsjorbsmod:Defend_Wanderer","stsjorbsmod:Defend_Wanderer","stsjorbsmod:FreshAdventure+1","stsjorbsmod:EyeOfTheStorm","stsjorbsmod:Prestidigitation+1","stsjorbsmod:Firebolt","stsjorbsmod:ChainLightning","stsjorbsmod:ParryingBlow","stsjorbsmod:Materialize","stsjorbsmod:Channel+1","stsjorbsmod:Mending+1","stsjorbsmod:LocateObject+1","stsjorbsmod:Banish+1","stsjorbsmod:FlameWard","stsjorbsmod:UnseenServant+1","stsjorbsmod:Materialize","hubris:ReadiedAction"],"relics":["stsjorbsmod:GrimoireRelic","NeowsBlessing","hubris:PeanutButter","reliquary:Buckler","aspiration:IroncladSkillbook","SsserpentHead"],"acts_visited":["Exordium","TheCity"],"potions_floor_usage":[6,6,6,10,20,22],"damage_taken":[{"damage":0,"enemies":"Jaw Worm","floor":1,"turns":1},{"damage":0,"enemies":"Cultist","floor":2,"turns":1},{"damage":0,"enemies":"2 Louse","floor":5,"turns":1},{"damage":14,"enemies":"Lagavulin","floor":6,"turns":6},{"damage":0,"enemies":"Blue Slaver","floor":8,"turns":3},{"damage":0,"enemies":"2 Fungi Beasts","floor":10,"turns":2},{"damage":0,"enemies":"3 Louse","floor":14,"turns":3},{"damage":48,"enemies":"The Guardian","floor":16,"turns":11},{"damage":0,"enemies":"Chosen","floor":18,"turns":6},{"damage":0,"enemies":"Shell Parasite","floor":20,"turns":6},{"damage":6,"enemies":"Centurion and Healer","floor":21,"turns":8},{"damage":8,"enemies":"3 Cultists","floor":22,"turns":6},{"damage":72,"enemies":"Slavers","floor":24,"turns":5}],"seed_played":"3031635660437045115","potions_obtained":[{"floor":1,"key":"Explosive Potion"},{"floor":5,"key":"BlessingOfTheForge"},{"floor":6,"key":"champ:CounterPotion"},{"floor":18,"key":"champ:CounterPotion"},{"floor":21,"key":"AttackPotion"}],"is_trial":false,"path_per_floor":["M","M","?","$","M","E","R","M","T","M","?","?","?","M","R","B",null,"M","?","M","M","M","R","E"],"character_chosen":"WANDERER","items_purchased":["stsjorbsmod:ChainLightning","PowerPotion"],"campfire_rested":1,"item_purchase_floors":[4,4],"current_hp_per_floor":[68,68,68,68,68,56,68,68,68,68,68,73,73,73,73,29,73,73,73,73,71,70,70,0,0],"gold":378,"neow_bonus":"THREE_ENEMY_KILL","is_daily":false,"chose_seed":false,"campfire_upgraded":2,"win_rate":0.0,"timestamp":1613428387,"path_taken":["M","M","?","$","M","E","R","M","T","?","?","?","?","M","R","BOSS","M","?","M","M","?","R","E"],"items_purchased_type":["Card","Potion"],"build_version":"2020-12-22","purchased_purges":0,"victory":false,"max_hp_per_floor":[68,68,68,68,68,68,68,68,68,68,68,73,73,73,73,73,73,73,73,73,73,73,73,73,73],"card_choices":[{"not_picked":["stsjorbsmod:LoseGrip","stsjorbsmod:FindFamiliar"],"picked":"stsjorbsmod:Prestidigitation","floor":1},{"not_picked":["stsjorbsmod:ChatteringStrike","stsjorbsmod:FaerieFire"],"picked":"stsjorbsmod:Firebolt","floor":2},{"not_picked":["stsjorbsmod:BurningFlask","stsjorbsmod:OldPocket"],"picked":"stsjorbsmod:ParryingBlow","floor":5},{"not_picked":["stsjorbsmod:HoldMonster","stsjorbsmod:ChainLightning"],"picked":"stsjorbsmod:Materialize","floor":6},{"not_picked":["stsjorbsmod:DoubleCheck","stsjorbsmod:AnimateObjects"],"picked":"stsjorbsmod:Channel","floor":8},{"not_picked":["stsjorbsmod:Hurt","stsjorbsmod:HedgeWizard"],"picked":"stsjorbsmod:Mending","floor":10},{"not_picked":["stsjorbsmod:WeightOfMemory","stsjorbsmod:Channel"],"picked":"stsjorbsmod:LocateObject","floor":14},{"not_picked":["stsjorbsmod:PurgeMind","stsjorbsmod:CorrodingBarrier"],"picked":"stsjorbsmod:Banish","floor":16},{"not_picked":["stsjorbsmod:DisguiseSelf","stsjorbsmod:BurningFlask","stsjorbsmod:TrueStrike"],"picked":"stsjorbsmod:FlameWard","floor":18},{"not_picked":["stsjorbsmod:ColorSpray","Power Through","stsjorbsmod:Mending+1"],"picked":"stsjorbsmod:UnseenServant+1","floor":20},{"not_picked":["stsjorbsmod:Thorns+1","Twin Strike","Iron Wave"],"picked":"stsjorbsmod:Materialize","floor":21},{"not_picked":["stsjorbsmod:ParryingBlow","stsjorbsmod:Will","Heavy Blade"],"picked":"hubris:ReadiedAction","floor":22}],"player_experience":206798,"relics_obtained":[{"floor":6,"key":"hubris:PeanutButter"},{"floor":9,"key":"reliquary:Buckler"}],"event_choices":[{"damage_healed":0,"gold_gain":0,"player_choice":"Ignored","damage_taken":0,"max_hp_gain":0,"max_hp_loss":0,"event_name":"NoteForYourself","floor":3,"gold_loss":0},{"damage_healed":0,"gold_gain":0,"player_choice":"Grow","damage_taken":0,"max_hp_gain":0,"max_hp_loss":0,"event_name":"Living Wall","floor":11,"gold_loss":0,"cards_upgraded":["stsjorbsmod:Prestidigitation"]},{"damage_healed":0,"gold_gain":0,"player_choice":"Donut","damage_taken":0,"max_hp_gain":5,"max_hp_loss":0,"event_name":"Big Fish","floor":12,"gold_loss":0},{"damage_healed":0,"gold_gain":0,"player_choice":"Trade","damage_taken":0,"relics_obtained":["SsserpentHead"],"max_hp_gain":0,"max_hp_loss":0,"event_name":"FaceTrader","floor":19,"gold_loss":0}],"is_beta":false,"boss_relics":[{"not_picked":["Coffee Dripper","Empty Cage"],"picked":"aspiration:IroncladSkillbook"}],"items_purged_floors":[],"is_endless":false,"potions_floor_spawned":[1,5,6,18,21],"killed_by":"Slavers","ascension_level":0}}