{"host":"61ejhfsushs0xmcl","time":1613382160,"event":{"mods":["ATMod(∞¢Ë™Mod)","Act Like it!","BaseMod","Colored Map","Gold Saver","HumanHunterMod(π÷ŒÔ…±»Àmod)","Minty Spire (QoL Compilation)","MostiFishMod","Remilia£®¿Ÿ√◊¿Ú—«£©","Spicy Shops","StSLib","TestMod","[IsaacMod]“‘»ˆº‚À˛","°æ“≈ŒÔø®≈∆°øREMEMod","ÛÙª÷∏ƒœ"],"gold_per_floor":[15,15,34,46,46,80,80,112,159,224,224,245,272,272,312,312,312],"floor_reached":16,"language":"ZHS","playtime":564,"items_purged":[],"score":274,"play_id":"d98a573c-03ea-4574-aa8e-28276882b4cf","local_time":"20210215174240","is_ascension_mode":true,"campfire_choices":[{"data":"REME_Scribble","floor":11.0,"key":"SMITH"},{"data":"DemonKingCradle","floor":15,"key":"SMITH"}],"circlet_count":0,"master_deck":["ScarletShoot+1","SuicideKing","AT_EmpoweredMortalDraw","REME_Scribble+1","TransientEternity","MiserableFate+1","FavorOfDestiny","Ultimatum","NightDance","ScarletImprint","DemonKingCradle+1","RedNightlessCastle"],"relics":["ScarletHat","AT_ATBox","REME_ComplimentaryCards","DaveBox","testmod-TestBox","HushsDoor","DoctorsRemote","testmod-KeyOfTheVoid","ShadowXiaoBlade","FossilizedHelix","SynthV:TestCard","Blue Candle","AT_EbonyIvory","Art of War","BloodBag"],"acts_visited":["Exordium"],"potions_floor_usage":[12,15],"damage_taken":[{"damage":0.0,"enemies":"Small Slimes","floor":1.0,"turns":2.0},{"damage":0.0,"enemies":"Cultist","floor":3.0,"turns":3.0},{"damage":2.0,"enemies":"Jaw Worm","floor":4.0,"turns":5.0},{"damage":10.0,"enemies":"Gremlin Nob","floor":6.0,"turns":4.0},{"damage":11.0,"enemies":"3 Sentries","floor":8.0,"turns":3.0},{"damage":0.0,"enemies":"Lagavulin","floor":10.0,"turns":4.0},{"damage":0,"enemies":"Blue Slaver","floor":12,"turns":1},{"damage":0,"enemies":"3 Sentries","floor":13,"turns":2},{"damage":18,"enemies":"Hexaghost","floor":16,"turns":3}],"seed_played":"4255913681024458216","potions_obtained":[{"floor":4.0,"key":"Swift Potion"},{"floor":8.0,"key":"REME_GoldPotion"},{"floor":8.0,"key":"ColorlessPotion"},{"floor":10.0,"key":"Dexterity Potion"},{"floor":13,"key":"testmod-SpacePotion"}],"is_trial":false,"path_per_floor":["M","?","M","M","$","E","?","E","T","E","R","M","E","?","R","B"],"character_chosen":"REMILIA","items_purchased":[],"campfire_rested":0,"item_purchase_floors":[],"current_hp_per_floor":[69,69,71,74,74,71,55,46,46,51,51,55,58,40,43,33,33],"gold":312,"neow_bonus":"ONE_RARE_RELIC","is_daily":false,"chose_seed":false,"campfire_upgraded":2,"win_rate":0.0,"timestamp":1613382160,"path_taken":["M","?","?","M","$","E","?","E","T","E","R","M","E","?","R","BOSS"],"items_purchased_type":[],"build_version":"2020-12-22","purchased_purges":0,"victory":false,"max_hp_per_floor":[75,75,77,79,79,81,81,83,83,85,85,88,91,91,98,101,101],"card_choices":[{"not_picked":[],"picked":"SuicideKing","floor":0.0},{"not_picked":["ScarletDream","ScarletNetherworld"],"picked":"Bomb","floor":1.0},{"not_picked":["FavorOfDestiny","ScarletDevilSign","BloodHunter","VampireSweep"],"picked":"MiserableFate","floor":3.0},{"not_picked":["EquivalentExchange","AfternoonTea","ScarletImprint","VampirishNight"],"picked":"FavorOfDestiny","floor":4.0},{"not_picked":["Maim","Septette","CharismaGuard","BombardNight"],"picked":"Ultimatum","floor":6.0},{"not_picked":["BloodHunter","EndlessAdversity","BloodyCatastrophe","NightLord","RedMagic"],"picked":"SKIP","floor":8.0},{"not_picked":["FavorOfDestiny","EndlessAdversity","CharismaGuard","BloodHunter"],"picked":"NightDance","floor":10.0},{"not_picked":["EndlessAdversity","UnstableMagic","CharismaGuard","FavorOfDestiny"],"picked":"ScarletImprint","floor":12},{"not_picked":["BlasphemousPunishment","BombardNight","UnderTheZenith","ScarletDevil"],"picked":"DemonKingCradle","floor":12},{"not_picked":["FitfulNightmare","UnderTheZenith","ScarletDevil","ScarletDream"],"picked":"RedNightlessCastle","floor":13}],"player_experience":894908,"relics_obtained":[{"floor":1.0,"key":"SynthV:TestCard"},{"floor":6.0,"key":"Blue Candle"},{"floor":10.0,"key":"AT_EbonyIvory"},{"floor":13,"key":"BloodDonationMachine"}],"event_choices":[{"damage_healed":0.0,"max_hp_gain":0.0,"max_hp_loss":0.0,"gold_gain":0.0,"cards_transformed":["Strike_RM"],"event_name":"Transmorgrifier","player_choice":"Transformed","floor":2.0,"gold_loss":0.0,"damage_taken":0.0,"cards_obtained":["TransientEternity"]},{"damage_healed":0.0,"max_hp_gain":0.0,"max_hp_loss":0.0,"gold_gain":0.0,"event_name":"Shining Light","player_choice":"Entered Light","floor":7.0,"gold_loss":0.0,"damage_taken":16.0,"cards_upgraded":["MiserableFate","ScarletShoot"]},{"damage_healed":0,"gold_gain":0,"player_choice":"Success","damage_taken":18,"relics_obtained":["Art of War"],"max_hp_gain":0,"max_hp_loss":0,"event_name":"Scrap Ooze","floor":14,"gold_loss":0}],"is_beta":false,"boss_relics":[],"items_purged_floors":[],"is_endless":false,"potions_floor_spawned":[4,8,10,13],"killed_by":"Hexaghost","ascension_level":8}}