{"host":"kg61lsvem4dxoat8","time":1613410338,"event":{"mods":["AchievementEnabler","BaseMod","Better Altar","Better Match","Better Sensory Stone","Better Skull","Block Reminder","Highlight Path","Minty Spire (QoL Compilation)","Quick Restart","Rare Cards Sparkle","Relic Sorter","Relic Stats","StSLib","Synergy Search","slay the spire mod where everything is the same but ironclad has a cowboy hat"],"gold_per_floor":[128,138,138,3,71,71,12,42,69,103,103,123,139,158,158,260,260,286,186,186,37,37,37],"floor_reached":22,"language":"ENG","playtime":486,"items_purged":["Strike_R","Strike_R"],"score":288,"play_id":"09029c45-0069-4729-bab8-58c4b8cf723c","local_time":"20210216013218","is_ascension_mode":true,"campfire_choices":[{"data":"Carnage","floor":6,"key":"SMITH"},{"data":"Dropkick","floor":15,"key":"SMITH"}],"circlet_count":0,"master_deck":["AscendersBane","Strike_R","Strike_R","Strike_R","Defend_R","Defend_R","Defend_R","Defend_R","Bash","Thunderclap","Carnage+1","Dropkick+1","Feel No Pain","True Grit+1"],"relics":["Burning Blood","CeramicFish","Happy Flower","Regal Pillow","Bag of Marbles","Lantern","Philosopher\u0027s Stone","MutagenicStrength","Lee\u0027s Waffle"],"acts_visited":["Exordium","TheCity"],"potions_floor_usage":[10,16,16,22],"damage_taken":[{"damage":6,"enemies":"Cultist","floor":1,"turns":3},{"damage":9,"enemies":"2 Louse","floor":2,"turns":2},{"damage":16,"enemies":"Gremlin Nob","floor":8,"turns":3},{"damage":30,"enemies":"3 Sentries","floor":10,"turns":6},{"damage":7,"enemies":"Jaw Worm","floor":12,"turns":2},{"damage":9,"enemies":"Looter","floor":13,"turns":3},{"damage":14,"enemies":"Exordium Wildlife","floor":14,"turns":3},{"damage":15,"enemies":"Hexaghost","floor":16,"turns":7},{"damage":22,"enemies":"Shell Parasite","floor":18,"turns":4},{"damage":0,"enemies":"3 Byrds","floor":22,"turns":1}],"seed_played":"-8493124015722021266","potions_obtained":[{"floor":8,"key":"Energy Potion"},{"floor":13,"key":"DuplicationPotion"},{"floor":14,"key":"Swift Potion"},{"floor":16,"key":"AttackPotion"}],"is_trial":false,"path_per_floor":["M","M","T","$","?","R","$","E","T","E","?","M","M","M","R","B",null,"M","$","?","$","M"],"character_chosen":"IRONCLAD","items_purchased":["Carnage","Dropkick","Lee\u0027s Waffle"],"campfire_rested":0,"item_purchase_floors":[4,7,21],"current_hp_per_floor":[72,69,69,69,69,69,69,59,59,35,35,34,31,23,23,14,64,48,48,48,87,87,87],"gold":37,"neow_bonus":"RANDOM_COMMON_RELIC","is_daily":false,"chose_seed":false,"campfire_upgraded":2,"win_rate":0.0,"timestamp":1613410338,"path_taken":["M","M","?","$","?","R","$","E","T","E","?","?","M","M","R","BOSS","M","$","?","$","M"],"items_purchased_type":["Card","Card","Relic"],"build_version":"2020-12-22","purchased_purges":2,"victory":false,"max_hp_per_floor":[80,80,80,80,80,80,80,80,80,80,80,80,80,80,80,80,80,80,80,80,87,87,87],"relic_stats":{"Regal Pillow":0,"Lee\u0027s Waffle":39,"Happy Flower":[9],"counters":[10,34],"CeramicFish":45,"obtain_stats":[{"Regal Pillow":8,"Lantern":10,"Lee\u0027s Waffle":21,"Happy Flower":3,"CeramicFish":0,"MutagenicStrength":20,"Philosopher\u0027s Stone":17,"Bag of Marbles":9,"Burning Blood":0},{"Regal Pillow":3,"Lantern":4,"Lee\u0027s Waffle":9,"Happy Flower":2,"CeramicFish":0,"MutagenicStrength":9,"Philosopher\u0027s Stone":8,"Bag of Marbles":3,"Burning Blood":0},{"Regal Pillow":8,"Lantern":14,"Lee\u0027s Waffle":33,"Happy Flower":5,"CeramicFish":0,"MutagenicStrength":33,"Philosopher\u0027s Stone":29,"Bag of Marbles":8,"Burning Blood":0}],"Burning Blood":54},"card_choices":[{"not_picked":["Cleave","Power Through"],"picked":"Thunderclap","floor":1},{"not_picked":["Heavy Blade","Seeing Red","Sentinel"],"picked":"SKIP","floor":2},{"not_picked":["Berserk","Iron Wave","Sword Boomerang"],"picked":"SKIP","floor":8},{"not_picked":["Metallicize","Heavy Blade","Body Slam"],"picked":"SKIP","floor":10},{"not_picked":["Entrench","Thunderclap"],"picked":"Feel No Pain","floor":12},{"not_picked":["Clothesline","Havoc","Headbutt"],"picked":"SKIP","floor":13},{"not_picked":["Sentinel","Thunderclap","Body Slam"],"picked":"SKIP","floor":14},{"not_picked":["Flex+1","Iron Wave"],"picked":"True Grit+1","floor":18}],"player_experience":1545455,"relics_obtained":[{"floor":3,"key":"Happy Flower"},{"floor":8,"key":"Regal Pillow"},{"floor":9,"key":"Bag of Marbles"},{"floor":10,"key":"Lantern"}],"event_choices":[{"damage_healed":0,"gold_gain":68,"player_choice":"Gained Gold","damage_taken":0,"max_hp_gain":0,"max_hp_loss":0,"event_name":"Golden Wing","floor":5,"gold_loss":0},{"damage_healed":0,"gold_gain":0,"player_choice":"Ignored","damage_taken":0,"max_hp_gain":0,"max_hp_loss":0,"event_name":"Liars Game","floor":11,"gold_loss":0},{"damage_healed":0,"gold_gain":0,"player_choice":"Inject Mutagens","damage_taken":0,"relics_obtained":["MutagenicStrength"],"max_hp_gain":0,"max_hp_loss":0,"event_name":"Drug Dealer","floor":20,"gold_loss":0}],"is_beta":false,"boss_relics":[{"not_picked":["SlaversCollar","Mark of Pain"],"picked":"Philosopher\u0027s Stone"}],"items_purged_floors":[4,19],"is_endless":false,"potions_floor_spawned":[8,13,14,16],"killed_by":"3 Byrds","ascension_level":10}}