{"host":"7tqog9fnhs0gxmti","time":1613385363,"event":{"mods":["AchievementEnabler","Act Like it!","AlwaysNeverKeys","Astrologer","BaseMod","Beaked The Cultist","CapriCore","Colored Map","Colored Powertips","Downfall","Hermit","Highlight Path","Koishi","Marisa????????","Minty Spire (QoL Compilation)","Quick Restart","Random Character Button","Rare Cards Sparkle","Robot Space Explorer","Smile Girya","StSLib","The Bug Knight","The Construct","The Cursed","The Disciple","The Gatherer","The Hayseed","The Marked","everything is the same but u backflip on backflip"],"gold_per_floor":[110,110,122,122,137,137,412,431,484,510,90,104,130,143,143,239,239,255,269,269,269,92,121,137,150,150,150,197,232,232,247,247,247,247],"floor_reached":33,"language":"ENG","playtime":1154,"items_purged":["Vigilance","Pray"],"score":374,"play_id":"18e2ea9f-475b-419f-9129-47e898738b8b","local_time":"20210215183603","is_ascension_mode":false,"campfire_choices":[{"data":"Eruption","floor":6,"key":"SMITH"},{"data":"TalkToTheHand","floor":15,"key":"SMITH"},{"floor":27,"key":"REST"},{"floor":32,"key":"REST"}],"circlet_count":0,"master_deck":["Strike_P","Strike_P","Strike_P","Strike_P","Defend_P","Defend_P","Defend_P","Eruption+1","FlyingSleeves","Study","TalkToTheHand+1","FlyingSleeves","Halt","SandsOfTime","TalkToTheHand","ConjureBlade","Consecrate+1","TalkToTheHand","BattleHymn+1","Protect+1","TalkToTheHand","Indignation"],"relics":["PureWater","NeowsBlessing","Omamori","Regal Pillow","Guardian:PocketSentry","StrikeDummy","Pear","Philosopher\u0027s Stone","Necronomicon","Dream Catcher","WingedGreaves","Pen Nib","Bottled Flame"],"acts_visited":["Exordium","TheCity"],"potions_floor_usage":[10,10,16,20,24,25],"damage_taken":[{"damage":0,"enemies":"2 Louse","floor":1,"turns":1},{"damage":0,"enemies":"Small Slimes","floor":3,"turns":1},{"damage":0,"enemies":"Cultist","floor":5,"turns":1},{"damage":2,"enemies":"Exordium Thugs","floor":8,"turns":5},{"damage":0,"enemies":"Lagavulin","floor":10,"turns":4},{"damage":5,"enemies":"Lots of Slimes","floor":12,"turns":3},{"damage":19,"enemies":"Gremlin Nob","floor":13,"turns":4},{"damage":0,"enemies":"3 Louse","floor":14,"turns":2},{"damage":2,"enemies":"Hexaghost","floor":16,"turns":6},{"damage":19,"enemies":"2 Thieves","floor":18,"turns":4},{"damage":0,"enemies":"Chosen","floor":19,"turns":3},{"damage":13,"enemies":"Snake Plant","floor":20,"turns":3},{"damage":0,"enemies":"Book of Stabbing","floor":23,"turns":4},{"damage":22,"enemies":"Shelled Parasite and Fungi","floor":24,"turns":3},{"damage":0,"enemies":"Snecko","floor":25,"turns":3},{"damage":37,"enemies":"Gremlin Leader","floor":29,"turns":4},{"damage":7,"enemies":"Centurion and Healer","floor":31,"turns":4},{"damage":58,"enemies":"Automaton","floor":33,"turns":4}],"seed_played":"3098621141063538340","potions_obtained":[{"floor":3,"key":"Fire Potion"},{"floor":8,"key":"Explosive Potion"},{"floor":13,"key":"DistilledChaos"},{"floor":14,"key":"SmokeBomb"},{"floor":23,"key":"DuplicationPotion"},{"floor":24,"key":"TheSimpletonMod:KindlingPotion"}],"is_trial":false,"path_per_floor":["M","?","M","?","M","R","?","M","T","E","$","M","E","M","R","B",null,"M","M","M","?","$","E","M","M","T","R","T","E","?","M","R","B"],"character_chosen":"WATCHER","items_purchased":["StrikeDummy","Halt","Pray","TalkToTheHand"],"campfire_rested":2,"item_purchase_floors":[11,11,11,22],"current_hp_per_floor":[72,69,69,62,62,62,62,60,60,60,60,55,46,46,46,44,82,63,63,50,34,34,34,12,12,12,51,51,14,14,7,46,0,0],"gold":247,"neow_bonus":"THREE_ENEMY_KILL","is_daily":false,"chose_seed":false,"campfire_upgraded":2,"win_rate":0.0,"timestamp":1613385363,"path_taken":["M","?","M","?","M","R","?","?","T","E","?","M","E","M","R","BOSS","M","M","?","?","$","E","M","M","T","R","?","E","?","?","R","BOSS"],"items_purchased_type":["Relic","Card","Card","Card"],"build_version":"2020-12-22","purchased_purges":2,"victory":false,"max_hp_per_floor":[72,72,72,72,72,72,72,72,72,72,72,72,82,82,82,82,82,82,82,82,82,82,82,82,82,82,82,82,82,82,82,82,82,82],"card_choices":[{"not_picked":["Protect","PathToVictory"],"picked":"FlyingSleeves","floor":1},{"not_picked":["BowlingBash","Protect"],"picked":"Study","floor":3},{"not_picked":["Consecrate","Judgement"],"picked":"TalkToTheHand","floor":5},{"not_picked":["SashWhip","Prostrate"],"picked":"FlyingSleeves","floor":8},{"not_picked":["DeusExMachina","Vengeance","ClearTheMind"],"picked":"SKIP","floor":10},{"not_picked":["PathToVictory","FlyingSleeves"],"picked":"SandsOfTime","floor":12},{"not_picked":["JustLucky","Vengeance"],"picked":"TalkToTheHand","floor":13},{"not_picked":["FollowUp","EmptyFist","JustLucky"],"picked":"SKIP","floor":14},{"not_picked":["Omniscience","Wish"],"picked":"ConjureBlade","floor":16},{"not_picked":["Crescendo","PathToVictory"],"picked":"Consecrate+1","floor":18},{"not_picked":["EmptyMind+1","BowlingBash","Omniscience"],"picked":"SKIP","floor":19},{"not_picked":["CrushJoints+1","ForeignInfluence"],"picked":"BattleHymn+1","floor":23},{"not_picked":["ClearTheMind+1","Nirvana"],"picked":"Protect+1","floor":24},{"not_picked":["SashWhip","FollowUp"],"picked":"TalkToTheHand","floor":25},{"not_picked":["Prostrate+1","EmptyFist+1","FollowUp"],"picked":"SKIP","floor":29},{"not_picked":["JustLucky","EmptyBody","ThirdEye"],"picked":"SKIP","floor":31},{"not_picked":["PathToVictory","EmptyBody+1"],"picked":"Indignation","floor":32}],"player_experience":932552,"relics_obtained":[{"floor":9,"key":"Regal Pillow"},{"floor":10,"key":"Guardian:PocketSentry"},{"floor":13,"key":"Pear"},{"floor":21,"key":"Necronomicon"},{"floor":23,"key":"Dream Catcher"},{"floor":26,"key":"WingedGreaves"},{"floor":28,"key":"Pen Nib"},{"floor":29,"key":"Bottled Flame"}],"event_choices":[{"damage_healed":0,"gold_gain":0,"player_choice":"Success","damage_taken":3,"relics_obtained":["Omamori"],"max_hp_gain":0,"max_hp_loss":0,"event_name":"Scrap Ooze","floor":2,"gold_loss":0},{"cards_removed":["Defend_P"],"damage_healed":0,"gold_gain":0,"player_choice":"Card Removal","damage_taken":7,"max_hp_gain":0,"max_hp_loss":0,"event_name":"Golden Wing","floor":4,"gold_loss":0},{"damage_healed":0,"gold_gain":275,"player_choice":"Desecrate","damage_taken":0,"max_hp_gain":0,"max_hp_loss":0,"event_name":"Golden Shrine","floor":7,"gold_loss":0,"cards_obtained":["Regret"]},{"damage_healed":0,"gold_gain":0,"player_choice":"Obtained Book","damage_taken":16,"max_hp_gain":0,"max_hp_loss":0,"event_name":"Cursed Tome","floor":21,"gold_loss":0},{"damage_healed":0,"gold_gain":0,"player_choice":"Ignored","damage_taken":0,"max_hp_gain":0,"max_hp_loss":0,"event_name":"Ghosts","floor":30,"gold_loss":0}],"is_beta":false,"boss_relics":[{"not_picked":["Astrolabe","Black Star"],"picked":"Philosopher\u0027s Stone"}],"items_purged_floors":[11,22],"is_endless":false,"potions_floor_spawned":[3,8,13,14,20,23,24],"killed_by":"Automaton","ascension_level":0}}