{"host":"3e3mwsgb9gfqiuxm","time":1613422625,"event":{"mods":["Act Like it!","BaseMod","Colored Map","Colored Powertips","Downfall","Gensokyo","Googly Eyes","Hermit","Hubris","Infinite Spire","Jorbs\u0027s Wanderer Trilogy","Koishi","Marisa????????","Minty Spire (QoL Compilation)","Quick Restart","Rare Cards Sparkle","Reimu??????","Remilia??????","Replay The Spire","Shop Mod","StSLib","SuperFastMode","Td1madao Mod","The Animator","The Bug Knight","The Cursed","The Hierophant","The Servant 0.9.4","everything is the same but u backflip on backflip","slay the spire mod where everything is the same but ironclad has a cowboy hat"],"gold_per_floor":[111,111,124,124,115,121,46,46,124,155,155,155,182,194,194,297,297,309,309,309,309],"floor_reached":20,"language":"ENG","playtime":373,"items_purged":["Poor:ReiMu"],"score":305,"play_id":"de7c64b4-31c5-42b2-9058-952c29f9894b","local_time":"20210215155705","is_ascension_mode":true,"campfire_choices":[{"data":"hubris:InfiniteBlow+5","floor":12,"key":"SMITH"},{"data":"hubris:InfiniteBlow+6","floor":15,"key":"SMITH"}],"circlet_count":0,"master_deck":["hubris:InfiniteBlow+7","Gash","Recycle+1","Sloth_TH"],"relics":["Cracked Core","Unceasing Top","hubris:Towel","YidongShenshe:ReiMu","Mastiff:ReiMu","Iron Hammer","WingedGreaves","Replay:Bottled Snecko","SacredBark"],"acts_visited":["Exordium","TheCity"],"potions_floor_usage":[],"damage_taken":[{"damage":0,"enemies":"Small Slimes","floor":1,"turns":1},{"damage":11,"enemies":"Jaw Worm","floor":3,"turns":2},{"damage":0,"enemies":"2 Louse","floor":5,"turns":1},{"damage":0,"enemies":"3 Sentries","floor":6,"turns":2},{"damage":0,"enemies":"Gremlin Nob","floor":10,"turns":2},{"damage":9,"enemies":"3 Sentries","floor":13,"turns":3},{"damage":0,"enemies":"2 Fungi Beasts","floor":14,"turns":1},{"damage":0,"enemies":"Slime Boss","floor":16,"turns":1},{"damage":0,"enemies":"Shell Parasite","floor":18,"turns":1}],"seed_played":"3328623843672885280","potions_obtained":[{"floor":3,"key":"EssenceOfDarkness"},{"floor":5,"key":"Milkshake"},{"floor":13,"key":"SkillPotion"},{"floor":20,"key":"LazyBrew"},{"floor":20,"key":"LazyBrew"},{"floor":20,"key":"LazyBrew"}],"is_trial":false,"path_per_floor":["M","?","M","?","M","E","$","?","T","E","?","R","E","M","R","B",null,"M","?","?"],"character_chosen":"DEFECT","items_purchased":[],"campfire_rested":0,"item_purchase_floors":[],"current_hp_per_floor":[75,75,64,64,64,64,64,64,64,64,64,64,55,55,55,55,75,75,75,75,75],"gold":309,"neow_bonus":"THREE_ENEMY_KILL","is_daily":false,"chose_seed":false,"campfire_upgraded":2,"win_rate":0.0,"timestamp":1613422625,"path_taken":["M","?","M","?","M","E","$","?","T","E","?","R","E","?","R","BOSS","M","?","?"],"items_purchased_type":[],"build_version":"2020-12-22","purchased_purges":1,"victory":false,"max_hp_per_floor":[75,75,75,75,75,75,75,75,75,75,75,75,75,75,75,75,75,75,75,75,75],"card_choices":[{"not_picked":["Cold Snap","Steam"],"picked":"Gash","floor":1},{"not_picked":["Cold Snap","Aggregate","Conserve Battery"],"picked":"SKIP","floor":3},{"not_picked":["Reprogram","Turbo","BasicCrystalCard"],"picked":"SKIP","floor":5},{"not_picked":["BasicCrystalCard","Amplify"],"picked":"Beam Cell","floor":6},{"not_picked":["Blizzard","Coolheaded","Aggregate"],"picked":"SKIP","floor":10},{"not_picked":["Heatsinks","Streamline","ReplayGash"],"picked":"SKIP","floor":13},{"not_picked":["Rebound","Conserve Battery","Beam Cell"],"picked":"SKIP","floor":14},{"not_picked":["Stack","Static Discharge","Steam"],"picked":"SKIP","floor":18}],"player_experience":1409361,"relics_obtained":[{"floor":6,"key":"Mastiff:ReiMu"},{"floor":9,"key":"Iron Hammer"},{"floor":10,"key":"WingedGreaves"},{"floor":13,"key":"Replay:Bottled Snecko"}],"event_choices":[{"damage_healed":0,"gold_gain":0,"player_choice":"Take Tiny Shrine away","damage_taken":0,"relics_obtained":["YidongShenshe:ReiMu"],"max_hp_gain":0,"max_hp_loss":0,"event_name":"yidonshenshe","floor":4,"gold_loss":0,"cards_obtained":["Poor:ReiMu"]}],"is_beta":false,"boss_relics":[{"not_picked":["Snecko Eye","Velvet Choker"],"picked":"SacredBark"}],"items_purged_floors":[7],"is_endless":false,"potions_floor_spawned":[3,5,13,14,18],"ascension_level":1}}