{"host":"1pkwkj8mkn7raipg","time":1613405970,"event":{"mods":["BaseMod","LagranYue(¿≠∏Ò¿ °§‘¬)","Minty Spire (QoL Compilation)","Replay The Spire","StSLib","TestMod","Youmu£®ªÍ∆«—˝√Œ£©"],"gold_per_floor":[117,267,267,27,47,47,81,81,81,111,111,124,124,149,149,149,149],"floor_reached":16,"language":"ZHS","playtime":574,"items_purged":["Defend_G"],"score":282,"play_id":"18686536-8f52-4e04-ba29-d66303e12a03","local_time":"20210216001930","is_ascension_mode":true,"campfire_choices":[{"data":"Hidden Blade","floor":6,"key":"SMITH"},{"data":"Acrobatics","floor":11,"key":"SMITH"},{"data":"Neutralize","floor":13,"key":"SMITH"},{"floor":15,"key":"REST"}],"circlet_count":0,"master_deck":["AscendersBane","Strike_G","Strike_G","Strike_G","Strike_G","Strike_G","Defend_G","Defend_G","Defend_G","Defend_G","Neutralize+1","Hidden Blade+1","Bullet Time+1","Acrobatics+1"],"relics":["Ring of the Snake","testmod-TestBox","LagranYue:RandomDrawCardRelic","testmod-CasingShield","NeowsBlessing","LagranYue:MagicReflectiveArmorRelic","testmod-Antiphasic","Blood Vial","Chameleon Ring"],"acts_visited":["Exordium"],"potions_floor_usage":[10,10],"damage_taken":[{"damage":0,"enemies":"2 Louse","floor":1,"turns":1},{"damage":0,"enemies":"Small Slimes","floor":5,"turns":1},{"damage":0,"enemies":"Gremlin Nob","floor":7,"turns":1},{"damage":10,"enemies":"3 Sentries","floor":10,"turns":11},{"damage":0,"enemies":"Jaw Worm","floor":12,"turns":3},{"damage":49,"enemies":"Replay:BlueRogue","floor":14,"turns":10},{"damage":24,"enemies":"Hexaghost","floor":16,"turns":10}],"seed_played":"-1895694682313410967","potions_obtained":[{"floor":5,"key":"Poison Potion"},{"floor":7,"key":"AttackPotion"}],"is_trial":false,"path_per_floor":["M","?","?","$","M","R","E","?","T","E","R","M","R","E","R","B"],"character_chosen":"THE_SILENT","items_purchased":["LagranYue:MagicReflectiveArmorRelic"],"campfire_rested":1,"item_purchase_floors":[4],"current_hp_per_floor":[59,59,59,59,59,59,59,59,59,49,49,51,51,9,30,8,8],"gold":149,"neow_bonus":"THREE_ENEMY_KILL","is_daily":false,"chose_seed":false,"campfire_upgraded":3,"win_rate":0.0,"timestamp":1613405970,"path_taken":["M","?","?","$","M","R","E","?","T","E","R","M","R","E","R","BOSS"],"items_purchased_type":["Relic"],"build_version":"2020-12-22","purchased_purges":1,"victory":false,"max_hp_per_floor":[66,66,66,66,66,66,66,66,66,66,66,66,66,71,71,71,71],"card_choices":[{"not_picked":["Acrobatics","Outmaneuver"],"picked":"Hidden Blade","floor":1},{"not_picked":["Terror","All Out Attack","Hidden Blade"],"picked":"SKIP","floor":5},{"not_picked":["Hidden Blade","Toxin Wave","Grand Finale"],"picked":"SKIP","floor":7},{"not_picked":["Noxious Fumes","Terror"],"picked":"Acrobatics","floor":10},{"not_picked":["Finisher","Dodge and Roll","PiercingWail"],"picked":"SKIP","floor":12},{"not_picked":["Slice","Distraction","Flying Knee"],"picked":"SKIP","floor":14}],"player_experience":429691,"relics_obtained":[{"floor":7,"key":"testmod-Antiphasic"},{"floor":10,"key":"Blood Vial"},{"floor":14,"key":"Chameleon Ring"}],"event_choices":[{"damage_healed":0,"gold_gain":150,"player_choice":"AGREE","damage_taken":0,"max_hp_gain":0,"max_hp_loss":0,"event_name":"Liars Game","floor":2,"gold_loss":0,"cards_obtained":["Doubt"]},{"cards_removed":["Doubt"],"damage_healed":0,"gold_gain":0,"player_choice":"Forget","damage_taken":0,"max_hp_gain":0,"max_hp_loss":0,"event_name":"Living Wall","floor":3,"gold_loss":0}],"is_beta":false,"boss_relics":[],"items_purged_floors":[4],"is_endless":false,"potions_floor_spawned":[5,7],"killed_by":"Hexaghost","ascension_level":20}}