{"host":"c83fcgyuu74iknko","time":1613381418,"event":{"mods":["BaseMod","BetterRewards","Colored Map","Colored Powertips","Minty Spire (QoL Compilation)","Quick Restart","StSLib","The Animator","The Senshi"],"gold_per_floor":[116,134,134,145,75,75,100,100,100,129,129,94,114,131,131,234,234,247,21,21,38,55,55,154,173,219,239,239,239,239],"floor_reached":29,"language":"ENG","playtime":863,"items_purged":["Strike_P"],"score":335,"play_id":"7a85fdb7-464d-437e-bdaa-a79f7ef74dda","local_time":"20210215013018","is_ascension_mode":false,"campfire_choices":[{"data":"SandsOfTime","floor":6,"key":"SMITH"},{"data":"Judgement","floor":8,"key":"SMITH"},{"data":"Crescendo","floor":15,"key":"SMITH"},{"data":"MentalFortress","floor":23,"key":"SMITH"},{"data":"DeceiveReality","floor":28,"key":"SMITH"}],"circlet_count":0,"master_deck":["Strike_P","Strike_P+1","Strike_P+1","Defend_P","Defend_P","Defend_P","Defend_P","Eruption+1","Vigilance","FlurryOfBlows","Meditate","FlurryOfBlows","SandsOfTime+1","Judgement+1","Crescendo+1","DeceiveReality+1","MentalFortress+1","Tantrum+1","FollowUp","animator:Curse_GriefSeed","BowlingBash"],"relics":["PureWater","Pantograph","Blood Vial","Whetstone","Mercury Hourglass","Cursed Key","Toolbox","Toy Ornithopter"],"acts_visited":["Exordium","TheCity"],"potions_floor_usage":[10],"damage_taken":[{"damage":0,"enemies":"Small Slimes","floor":1,"turns":2},{"damage":0,"enemies":"Cultist","floor":2,"turns":2},{"damage":0,"enemies":"2 Louse","floor":4,"turns":2},{"damage":0,"enemies":"Gremlin Nob","floor":7,"turns":2},{"damage":0,"enemies":"3 Sentries","floor":10,"turns":2},{"damage":2,"enemies":"Blue Slaver","floor":13,"turns":2},{"damage":0,"enemies":"Exordium Wildlife","floor":14,"turns":1},{"damage":0,"enemies":"Slime Boss","floor":16,"turns":3},{"damage":2,"enemies":"Shell Parasite","floor":18,"turns":2},{"damage":0,"enemies":"Chosen","floor":21,"turns":3},{"damage":12,"enemies":"Centurion and Healer","floor":22,"turns":3},{"damage":36,"enemies":"Shelled Parasite and Fungi","floor":25,"turns":2},{"damage":0,"enemies":"Snake Plant","floor":27,"turns":2},{"damage":41,"enemies":"Book of Stabbing","floor":29,"turns":4}],"seed_played":"-4001839427551400522","potions_obtained":[{"floor":2,"key":"BottledMiracle"},{"floor":14,"key":"Ancient Potion"},{"floor":16,"key":"BottledMiracle"},{"floor":18,"key":"Fire Potion"}],"is_trial":false,"path_per_floor":["M","M","?","M","$","R","E","R","T","E","?","?","M","M","R","B",null,"M","$","?","M","M","R","?","M","T","M","R","E"],"character_chosen":"WATCHER","items_purchased":["SandsOfTime","Toolbox"],"campfire_rested":0,"item_purchase_floors":[5,19],"current_hp_per_floor":[72,72,72,72,72,72,72,72,72,72,39,57,57,59,59,72,72,70,70,70,72,60,60,60,26,26,28,28,0,0],"gold":239,"neow_bonus":"UPGRADE_CARD","is_daily":false,"chose_seed":false,"campfire_upgraded":5,"win_rate":0.0,"timestamp":1613381418,"path_taken":["M","M","?","M","?","R","E","R","T","E","?","?","?","M","R","BOSS","M","$","?","M","M","R","?","M","T","?","R","E"],"items_purchased_type":["Card","Relic"],"build_version":"2020-12-22","purchased_purges":1,"victory":false,"max_hp_per_floor":[72,72,72,72,72,72,72,72,72,72,72,72,72,72,72,72,72,72,72,72,72,72,72,72,72,72,72,72,72,72],"card_choices":[{"not_picked":["FlyingSleeves","Prostrate"],"picked":"FlurryOfBlows","floor":1},{"not_picked":["BowlingBash","Halt"],"picked":"Meditate","floor":2},{"not_picked":["JustLucky","ThirdEye"],"picked":"FlurryOfBlows","floor":4},{"not_picked":["CutThroughFate","Fasting2"],"picked":"Judgement","floor":7},{"not_picked":["BowlingBash","CarveReality"],"picked":"Crescendo","floor":10},{"not_picked":["Prostrate","WheelKick","Weave"],"picked":"SKIP","floor":13},{"not_picked":["BowlingBash","SashWhip","ThirdEye"],"picked":"SKIP","floor":14},{"not_picked":["Evaluate","InnerPeace+1"],"picked":"DeceiveReality","floor":18},{"not_picked":["SignatureMove","WheelKick"],"picked":"MentalFortress","floor":21},{"not_picked":["FlyingSleeves","CrushJoints"],"picked":"Tantrum+1","floor":22},{"not_picked":["Sanctity+1","CutThroughFate"],"picked":"FollowUp","floor":25},{"not_picked":["Wish","Prostrate"],"picked":"BowlingBash","floor":27}],"player_experience":231256,"relics_obtained":[{"floor":7,"key":"Pantograph"},{"floor":9,"key":"Blood Vial"},{"floor":10,"key":"Whetstone"},{"floor":26,"key":"Toy Ornithopter"}],"event_choices":[{"damage_healed":0,"gold_gain":0,"player_choice":"Bought 0 Potions","damage_taken":0,"max_hp_gain":0,"max_hp_loss":0,"event_name":"The Woman in Blue","floor":3,"gold_loss":0},{"damage_healed":0,"gold_gain":0,"player_choice":"Success","damage_taken":33,"relics_obtained":["Mercury Hourglass"],"max_hp_gain":0,"max_hp_loss":0,"event_name":"Scrap Ooze","floor":11,"gold_loss":0},{"damage_healed":18,"gold_gain":0,"player_choice":"Healed","damage_taken":0,"max_hp_gain":0,"max_hp_loss":0,"event_name":"The Cleric","floor":12,"gold_loss":35},{"damage_healed":0,"gold_gain":0,"player_choice":"Ignored","damage_taken":0,"max_hp_gain":0,"max_hp_loss":0,"event_name":"Vampires","floor":20,"gold_loss":0},{"damage_healed":0,"gold_gain":99,"player_choice":"Stole From Cult","damage_taken":0,"max_hp_gain":0,"max_hp_loss":0,"event_name":"Nest","floor":24,"gold_loss":0}],"is_beta":false,"boss_relics":[{"not_picked":["Runic Dome","Astrolabe"],"picked":"Cursed Key"}],"items_purged_floors":[19],"is_endless":false,"potions_floor_spawned":[2,14,16,18,22,27],"killed_by":"Book of Stabbing","ascension_level":0}}