{"host":"19r1ww88x2tc73i0","time":1613406663,"event":{"mods":["BaseMod","BetterRewards","Colored Map","Minty Spire (QoL Compilation)","Relic Stats","StSLib","SuperFastMode","slay the spire mod where everything is the same but ironclad has a cowboy hat"],"gold_per_floor":[111,131,131,148,148,162,162,193,193,193,223,223,238,54,54,131,131,147,163,179,17,287,300,300,300,300],"floor_reached":25,"language":"ENG","playtime":10552,"items_purged":["Strike_G"],"score":426,"play_id":"18079a18-d6cf-43a8-a256-1ef01ff8f5ed","local_time":"25640215233103","is_ascension_mode":true,"campfire_choices":[{"data":"Bouncing Flask","floor":7.0,"key":"SMITH"},{"data":"Burst","floor":10.0,"key":"SMITH"},{"data":"Terror","floor":12.0,"key":"SMITH"},{"data":"Deadly Poison","floor":15.0,"key":"SMITH"},{"data":"Calculated Gamble","floor":24,"key":"SMITH"}],"circlet_count":0,"master_deck":["AscendersBane","Strike_G","Strike_G","Strike_G","Strike_G","Defend_G","Defend_G","Defend_G","Defend_G","Defend_G","Survivor","Neutralize","Bouncing Flask+1","Bane","PiercingWail","Dagger Spray","Terror+1","Poisoned Stab","Burst+1","Accuracy","Backflip","Deadly Poison+1","Night Terror","Well Laid Plans","Backstab","Expertise","Calculated Gamble+1"],"relics":["Ring of the Snake","Calipers","Incense Burner","Meat on the Bone","The Courier","Shuriken","Oddly Smooth Stone","Sozu","Lee\u0027s Waffle"],"acts_visited":["Exordium","TheCity"],"potions_floor_usage":[16],"damage_taken":[{"damage":1.0,"enemies":"Small Slimes","floor":1.0,"turns":4.0},{"damage":0.0,"enemies":"Cultist","floor":2.0,"turns":4.0},{"damage":0.0,"enemies":"Jaw Worm","floor":4.0,"turns":6.0},{"damage":1.0,"enemies":"Red Slaver","floor":6.0,"turns":5.0},{"damage":3.0,"enemies":"Gremlin Nob","floor":8.0,"turns":3.0},{"damage":6.0,"enemies":"3 Sentries","floor":11.0,"turns":8.0},{"damage":9.0,"enemies":"Large Slime","floor":13.0,"turns":5.0},{"damage":38,"enemies":"Slime Boss","floor":16,"turns":8},{"damage":8,"enemies":"3 Byrds","floor":18,"turns":5},{"damage":11,"enemies":"Shell Parasite","floor":19,"turns":3},{"damage":7,"enemies":"Centurion and Healer","floor":20,"turns":6},{"damage":27,"enemies":"Sentry and Sphere","floor":23,"turns":7},{"damage":26,"enemies":"Gremlin Leader","floor":25,"turns":6}],"seed_played":"-1584974703173614460","potions_obtained":[{"floor":1.0,"key":"SneckoOil"},{"floor":4.0,"key":"FearPotion"},{"floor":5.0,"key":"Block Potion"},{"floor":13.0,"key":"FearPotion"}],"is_trial":false,"path_per_floor":["M","M","?","M","?","M","R","E","T","R","E","R","M","$","R","B",null,"M","M","M","$","?","M","R","E"],"character_chosen":"THE_SILENT","items_purchased":["Calipers","Incense Burner","Bouncing Flask","Bane","Oddly Smooth Stone","Deadly Poison","Lee\u0027s Waffle","Expertise"],"campfire_rested":0,"item_purchase_floors":[0,0,0,0,14,14,21,21],"current_hp_per_floor":[58,58,63,63,63,62,62,59,59,59,53,53,44,44,44,18,58,50,39,44,78,51,36,36,10,10],"gold":300,"neow_bonus":"","is_daily":false,"chose_seed":false,"campfire_upgraded":5,"win_rate":0.0,"timestamp":1613406663,"path_taken":["M","M","?","M","?","M","R","E","T","R","E","R","M","$","R","BOSS","M","?","M","$","?","M","R","E"],"items_purchased_type":["Relic","Relic","Card","Card","Relic","Card","Relic","Card"],"build_version":"2020-12-22","purchased_purges":1,"victory":false,"max_hp_per_floor":[66,66,71,71,71,71,71,71,71,71,71,71,71,71,71,71,71,71,71,71,78,78,78,78,78,78],"relic_stats":{"Sozu":1,"Lee\u0027s Waffle":34,"counters":[23,108],"Shuriken":[11],"obtain_stats":[{"Darkstone Periapt":11,"Sozu":17,"Lee\u0027s Waffle":21,"Calipers":0,"Singing Bowl":9,"Shuriken":11,"Oddly Smooth Stone":14,"Ectoplasm":0,"The Courier":9,"Incense Burner":0,"Ring of the Snake":0,"Meat on the Bone":7},{"Darkstone Periapt":9,"Sozu":18,"Lee\u0027s Waffle":21,"Calipers":10,"Singing Bowl":7,"Shuriken":16,"Oddly Smooth Stone":17,"Ectoplasm":0,"The Courier":15,"Incense Burner":10,"Ring of the Snake":0,"Meat on the Bone":6},{"Darkstone Periapt":35,"Sozu":81,"Lee\u0027s Waffle":95,"Calipers":38,"Singing Bowl":28,"Shuriken":68,"Oddly Smooth Stone":73,"Ectoplasm":0,"The Courier":60,"Incense Burner":38,"Ring of the Snake":0,"Meat on the Bone":26}],"Ring of the Snake":[26],"Meat on the Bone":36},"card_choices":[{"not_picked":["Backflip","Blade Dance"],"picked":"PiercingWail","floor":1.0},{"not_picked":["Prepared","Calculated Gamble"],"picked":"Dagger Spray","floor":2.0},{"not_picked":["Choke","Underhanded Strike"],"picked":"Terror","floor":4.0},{"not_picked":["Tactician","PiercingWail"],"picked":"Poisoned Stab","floor":6.0},{"not_picked":["Accuracy","Finisher"],"picked":"Burst","floor":8.0},{"not_picked":["Poisoned Stab","Outmaneuver"],"picked":"Accuracy","floor":11.0},{"not_picked":["Bane","Flying Knee"],"picked":"Backflip","floor":13.0},{"not_picked":["Grand Finale","Unload"],"picked":"Night Terror","floor":16},{"not_picked":["Tactician","Prepared"],"picked":"Well Laid Plans","floor":18},{"not_picked":["Dagger Spray","Poisoned Stab"],"picked":"Backstab","floor":19},{"not_picked":["Flying Knee","Bane","Finisher"],"picked":"SKIP","floor":20},{"not_picked":["Underhanded Strike","Dagger Spray"],"picked":"Calculated Gamble","floor":23}],"player_experience":1085758,"relics_obtained":[{"floor":8.0,"key":"Meat on the Bone"},{"floor":9.0,"key":"The Courier"},{"floor":11.0,"key":"Shuriken"}],"event_choices":[{"damage_healed":0.0,"max_hp_gain":5.0,"max_hp_loss":0.0,"gold_gain":0.0,"event_name":"Big Fish","player_choice":"Donut","floor":3.0,"gold_loss":0.0,"damage_taken":0.0},{"damage_healed":0.0,"max_hp_gain":0.0,"max_hp_loss":0.0,"gold_gain":0.0,"event_name":"Lab","player_choice":"Got Potions","floor":5.0,"gold_loss":0.0,"damage_taken":0.0},{"damage_healed":0,"gold_gain":270,"player_choice":"GOLD GOLD GOLD ","damage_taken":27,"max_hp_gain":0,"max_hp_loss":0,"event_name":"Knowing Skull","floor":22,"potions_obtained":[],"gold_loss":0,"cards_obtained":[]}],"is_beta":false,"boss_relics":[{"not_picked":["Tiny House","Ring of the Serpent"],"picked":"Sozu"}],"items_purged_floors":[0],"is_endless":false,"potions_floor_spawned":[1,4,13,20],"killed_by":"Gremlin Leader","ascension_level":20}}