{"host":"8ztb9kwpjc2zof9s","time":1613348122,"event":{"mods":["BaseMod","Block Reminder","Curses Come First","Minty Spire (QoL Compilation)","Relic Stats","StSLib"],"gold_per_floor":[119,119,119,72,86,113,113,130,130,130,140,140,221,251,251,251,251],"floor_reached":16,"language":"ENG","playtime":746,"items_purged":[],"score":167,"play_id":"1c32863f-ad91-4120-aea5-3ae1295afbbf","local_time":"20210214161522","is_ascension_mode":true,"campfire_choices":[{"floor":7,"key":"REST"},{"floor":10,"key":"REST"},{"floor":12,"key":"REST"},{"floor":15,"key":"REST"}],"circlet_count":0,"master_deck":["AscendersBane","Strike_G","Strike_G","Strike_G","Strike_G","Strike_G","Defend_G","Defend_G","Defend_G","Defend_G","Defend_G","Survivor","Neutralize","Dodge and Roll","Backflip","Blade Dance","Poisoned Stab","Backflip","Dodge and Roll"],"relics":["Ring of the Snake","Potion Belt","Du-Vu Doll","Smiling Mask","CaptainsWheel","Ornamental Fan","WingedGreaves"],"acts_visited":["Exordium"],"potions_floor_usage":[14],"damage_taken":[{"damage":1,"enemies":"Small Slimes","floor":1,"turns":4},{"damage":1,"enemies":"2 Louse","floor":5,"turns":3},{"damage":45,"enemies":"Lagavulin","floor":6,"turns":11},{"damage":3,"enemies":"Jaw Worm","floor":8,"turns":4},{"damage":14,"enemies":"Exordium Thugs","floor":11,"turns":8},{"damage":28,"enemies":"Gremlin Nob","floor":14,"turns":5},{"damage":58,"enemies":"Hexaghost","floor":16,"turns":15}],"seed_played":"7694594076366202394","potions_obtained":[{"floor":8,"key":"Ancient Potion"},{"floor":11,"key":"CultistPotion"}],"is_trial":false,"path_per_floor":["M","?","?","$","M","E","R","M","T","R","M","R","T","E","R","B"],"character_chosen":"THE_SILENT","items_purchased":["Backflip"],"campfire_rested":4,"item_purchase_floors":[4],"current_hp_per_floor":[62,55,60,60,59,14,36,33,33,55,41,63,63,35,57,0,0],"gold":251,"neow_bonus":"RANDOM_COMMON_RELIC","is_daily":false,"chose_seed":false,"campfire_upgraded":0,"win_rate":0.0,"timestamp":1613348122,"path_taken":["M","?","?","$","?","E","R","M","T","R","M","R","?","E","R","BOSS"],"items_purchased_type":["Card"],"build_version":"2020-12-22","purchased_purges":0,"victory":false,"max_hp_per_floor":[70,70,75,75,75,75,75,75,75,75,75,75,75,75,75,75,75],"relic_stats":{"counters":[7,50],"Ornamental Fan":[28],"Smiling Mask":0,"obtain_stats":[{"Potion Belt":0,"Du-Vu Doll":2,"CaptainsWheel":9,"Ornamental Fan":13,"WingedGreaves":14,"Smiling Mask":6,"Ring of the Snake":0},{"Potion Belt":0,"Du-Vu Doll":1,"CaptainsWheel":4,"Ornamental Fan":5,"WingedGreaves":6,"Smiling Mask":3,"Ring of the Snake":0},{"Potion Belt":0,"Du-Vu Doll":4,"CaptainsWheel":22,"Ornamental Fan":30,"WingedGreaves":35,"Smiling Mask":18,"Ring of the Snake":0}],"Ring of the Snake":[14]},"card_choices":[{"not_picked":["Quick Slash","Sucker Punch"],"picked":"Dodge and Roll","floor":1},{"not_picked":["Deflect","Underhanded Strike"],"picked":"Blade Dance","floor":5},{"not_picked":["Flechettes","Bullet Time","Dagger Throw"],"picked":"SKIP","floor":6},{"not_picked":["Bane","Outmaneuver"],"picked":"Poisoned Stab","floor":8},{"not_picked":["Dodge and Roll","Dagger Spray"],"picked":"Backflip","floor":11},{"not_picked":["Dagger Spray","Bouncing Flask"],"picked":"Dodge and Roll","floor":14}],"player_experience":337990,"relics_obtained":[{"floor":6,"key":"Smiling Mask"},{"floor":9,"key":"CaptainsWheel"},{"floor":13,"key":"Ornamental Fan"},{"floor":14,"key":"WingedGreaves"}],"event_choices":[{"damage_healed":0,"gold_gain":0,"player_choice":"Success","damage_taken":7,"relics_obtained":["Du-Vu Doll"],"max_hp_gain":0,"max_hp_loss":0,"event_name":"Scrap Ooze","floor":2,"gold_loss":0},{"damage_healed":0,"gold_gain":0,"player_choice":"Donut","damage_taken":0,"max_hp_gain":5,"max_hp_loss":0,"event_name":"Big Fish","floor":3,"gold_loss":0}],"is_beta":false,"boss_relics":[],"items_purged_floors":[],"is_endless":false,"potions_floor_spawned":[8,11],"killed_by":"Hexaghost","ascension_level":11}}