{"host":"w14xfy17z3c5mpoi","time":1613361242,"event":{"mods":["AchievementEnabler","BaseMod","Minty Spire (QoL Compilation)","Relic Stats"],"gold_per_floor":[118,133,133,147,147,176,176,207,207,51,71,71,98,115,115,215,215,234,234,246,5,25,25,25],"floor_reached":23,"language":"ENG","playtime":1269,"items_purged":["Defend_P","Defend_P"],"score":454,"play_id":"a80d32b3-13ec-4572-9810-a8a329426cae","local_time":"20210214225402","is_ascension_mode":true,"campfire_choices":[{"data":"Eruption","floor":7,"key":"SMITH"},{"data":"Ragnarok","floor":15,"key":"SMITH"}],"circlet_count":0,"master_deck":["Strike_P","Strike_P+1","Defend_P+1","Defend_P","Eruption+1","Vigilance","FlyingSleeves","EmptyMind","BowlingBash","FollowUp","Conclude","FlyingSleeves","Ragnarok+1","Vault","Protect","Indignation","FearNoEvil","Adaptation","InnerPeace"],"relics":["SacredBark","PreservedInsect","Tiny Chest","Art of War","Gremlin Horn","Ornamental Fan","VioletLotus"],"acts_visited":["Exordium","TheCity"],"potions_floor_usage":[8,11,14,23,23],"damage_taken":[{"damage":9,"enemies":"Small Slimes","floor":1,"turns":6},{"damage":1,"enemies":"Jaw Worm","floor":2,"turns":4},{"damage":4,"enemies":"2 Louse","floor":4,"turns":2},{"damage":0,"enemies":"Gremlin Nob","floor":6,"turns":2},{"damage":0,"enemies":"Lagavulin","floor":8,"turns":3},{"damage":0,"enemies":"Blue Slaver","floor":11,"turns":1},{"damage":0,"enemies":"Gremlin Nob","floor":13,"turns":2},{"damage":7,"enemies":"Lots of Slimes","floor":14,"turns":3},{"damage":0,"enemies":"Slime Boss","floor":16,"turns":4},{"damage":30,"enemies":"Shell Parasite","floor":18,"turns":4},{"damage":0,"enemies":"Spheric Guardian","floor":20,"turns":4},{"damage":26,"enemies":"Centurion and Healer","floor":22,"turns":4},{"damage":12,"enemies":"Book of Stabbing","floor":23,"turns":1}],"seed_played":"-2940016236063183813","potions_obtained":[{"floor":1,"key":"Fire Potion"},{"floor":6,"key":"Fire Potion"},{"floor":8,"key":"SkillPotion"},{"floor":14,"key":"Strength Potion"},{"floor":22,"key":"BottledMiracle"}],"is_trial":false,"path_per_floor":["M","M","?","M","T","E","R","E","T","$","M","$","E","M","R","B",null,"M","?","M","$","M","E"],"character_chosen":"WATCHER","items_purchased":["Conclude","Adaptation","InnerPeace"],"campfire_rested":0,"item_purchase_floors":[10,21,21],"current_hp_per_floor":[56,55,41,37,37,37,37,37,37,37,37,37,37,30,30,30,62,32,32,32,32,6,0,0],"gold":25,"neow_bonus":"BOSS_RELIC","is_daily":false,"chose_seed":false,"campfire_upgraded":2,"win_rate":0.0,"timestamp":1613361242,"path_taken":["M","M","?","M","?","E","R","E","T","$","?","$","E","M","R","BOSS","M","?","M","$","M","E"],"items_purchased_type":["Card","Card","Card"],"build_version":"2020-12-22","purchased_purges":2,"victory":false,"max_hp_per_floor":[72,72,72,72,72,72,72,72,72,72,72,72,72,72,72,72,72,72,72,72,72,72,72,72],"relic_stats":{"Gremlin Horn":[5,5],"counters":[13,40],"Ornamental Fan":[24],"Tiny Chest":0,"PreservedInsect":111,"VioletLotus":[2],"Art of War":[2],"obtain_stats":[{"Gremlin Horn":9,"Ornamental Fan":13,"SacredBark":0,"Tiny Chest":6,"PreservedInsect":5,"VioletLotus":17,"Art of War":8,"PureWater":0},{"Gremlin Horn":5,"Ornamental Fan":7,"SacredBark":0,"Tiny Chest":4,"PreservedInsect":3,"VioletLotus":9,"Art of War":5,"PureWater":0},{"Gremlin Horn":17,"Ornamental Fan":20,"SacredBark":0,"Tiny Chest":14,"PreservedInsect":12,"VioletLotus":27,"Art of War":17,"PureWater":0}]},"card_choices":[{"not_picked":["JustLucky","FlurryOfBlows"],"picked":"FlyingSleeves","floor":1},{"not_picked":["WindmillStrike","Prostrate"],"picked":"EmptyMind","floor":2},{"not_picked":["Crescendo","FlurryOfBlows"],"picked":"BowlingBash","floor":4},{"not_picked":["CutThroughFate","BowlingBash"],"picked":"FollowUp","floor":6},{"not_picked":["EmptyMind","Study","ClearTheMind"],"picked":"SKIP","floor":8},{"not_picked":["EmptyBody","ClearTheMind"],"picked":"FlyingSleeves","floor":11},{"not_picked":["Worship","Pray"],"picked":"Ragnarok","floor":13},{"not_picked":["WaveOfTheHand","Conclude","Fasting2"],"picked":"SKIP","floor":14},{"not_picked":["SpiritShield","Establishment"],"picked":"Vault","floor":16},{"not_picked":["CutThroughFate","Pray+1"],"picked":"Protect","floor":18},{"not_picked":["EmptyBody","Pray","Study"],"picked":"SKIP","floor":20},{"not_picked":["DeceiveReality","BowlingBash","ClearTheMind"],"picked":"SKIP","floor":22}],"player_experience":661883,"relics_obtained":[{"floor":5,"key":"PreservedInsect"},{"floor":6,"key":"Tiny Chest"},{"floor":8,"key":"Art of War"},{"floor":9,"key":"Gremlin Horn"},{"floor":13,"key":"Ornamental Fan"}],"event_choices":[{"damage_healed":0,"gold_gain":0,"player_choice":"Entered Light","damage_taken":14,"max_hp_gain":0,"max_hp_loss":0,"event_name":"Shining Light","floor":3,"gold_loss":0,"cards_upgraded":["Strike_P","Defend_P"]},{"damage_healed":0,"gold_gain":0,"cards_transformed":["Strike_P","Strike_P"],"player_choice":"Became Test Subject","damage_taken":0,"max_hp_gain":0,"max_hp_loss":0,"event_name":"Drug Dealer","floor":19,"gold_loss":0,"cards_obtained":["Indignation","FearNoEvil"]}],"is_beta":false,"boss_relics":[{"not_picked":["Pandora\u0027s Box","Astrolabe"],"picked":"VioletLotus"}],"items_purged_floors":[10,21],"is_endless":false,"potions_floor_spawned":[1,6,8,14,22],"killed_by":"Book of Stabbing","ascension_level":7}}