{"host":"lehbxtjrpalkmwwj","time":1613391944,"event":{"mods":["ATMod(°¢èªMod)","Aspiration","BaseMod","Challenge The Spire","Colored Map","Colored Powertips","Conspire","Dota2Spire","Energized Spire","Hunter ÁÔÈË","Minty Spire (QoL Compilation)","Quick Restart","Relic Stats","Reliquary","Replay The Spire","Spicy Shops","StSLib","TestMod","The Cursed","The IronCluck","The Poker Player","Waifu the Spire","Wide Potions","[IsaacMod]ÒÔÈö¼âËþ","¡¾ÒÅÎï¿¨ÅÆ¡¿REMEMod","É³µñ²ÄÖÊ°ümod","óô»ðÖ¸ÄÏ"],"gold_per_floor":[115,133,151,151,164,181,195,326,326,341,468,484,810,610,700,713,713],"floor_reached":16,"language":"ZHS","playtime":437,"items_purged":[],"score":341,"play_id":"ef703370-27c9-47c0-96ad-767dc8f22547","local_time":"20210215202544","is_ascension_mode":true,"campfire_choices":[],"circlet_count":0,"master_deck":["Strike_G","Strike_G+1","Strike_G","Strike_G","Strike_G","Defend_G","Defend_G","Defend_G","Defend_G","Defend_G","Survivor","Neutralize","EpicFetus","EpicFetus","Alpha","ReplayTheSpireMod:Restless Dread","Doubt","Writhe","AT_TearsDenial","Riddle With Holes+1","All Out Attack","Flying Knee","Decay","Toxin Wave","AT_TwilightShroud","Dagger Spray","Dodge and Roll","AT_WindFlip","Replay:Bag of Tricks","Slice","Prepared","conspire:SpireCoStock","conspire:SpireCoStock","conspire:SpireCoStock","conspire:SpireCoStock"],"relics":["Ring of the Snake","HushsDoor","AT_ATBox","testmod-TestBox","REME_ComplimentaryCards","testmod-Laevatain","Damocles","NeowsBlessing","TheBible","reliquary:FerryPass","reliquary:Buckler","testmod-ArcanaOfDestiny","testmod-InjuryResistance","AT_TheCollector","aspiration:HiddenCompartment","Replay:Bottled Steam","Snake Skull","AT_RedTearstoneRing","reliquary:RoseTintedGlasses","BlankCard","Unceasing Top","REME_HandOfSuture","Mummified Hand"],"acts_visited":["Exordium"],"potions_floor_usage":[13],"damage_taken":[{"damage":0.0,"enemies":"2 Louse","floor":1.0,"turns":1.0},{"damage":0.0,"enemies":"Cultist","floor":2.0,"turns":1.0},{"damage":0.0,"enemies":"Small Slimes","floor":3.0,"turns":2.0},{"damage":0.0,"enemies":"2 Fungi Beasts","floor":5.0,"turns":2.0},{"damage":0.0,"enemies":"Gremlin Gang","floor":6.0,"turns":3.0},{"damage":1.0,"enemies":"3 Louse","floor":7.0,"turns":3.0},{"damage":0.0,"enemies":"Gremlin Nob","floor":8.0,"turns":2.0},{"damage":10,"enemies":"Blue Slaver","floor":10,"turns":2},{"damage":0,"enemies":"Lagavulin","floor":11,"turns":3},{"damage":0,"enemies":"Gremlin Gang","floor":12,"turns":1},{"damage":0,"enemies":"3 Sentries","floor":13,"turns":3},{"damage":1,"enemies":"Hexaghost","floor":16,"turns":2}],"seed_played":"4452221017912660661","potions_obtained":[{"floor":2.0,"key":"Adrenaline Potion"},{"floor":7.0,"key":"Venom Potion"},{"floor":8.0,"key":"REME_GoldPotion"},{"floor":11,"key":"PowerPotion"},{"floor":13,"key":"GhostInAJar"}],"is_trial":false,"path_per_floor":["M","M","M","?","M","M","M","E","T","M","E","M","E","?","R_BF","B"],"character_chosen":"THE_SILENT","items_purchased":[],"campfire_rested":0,"item_purchase_floors":[],"current_hp_per_floor":[63,63,63,63,63,63,62,62,62,52,52,52,52,52,52,0,0],"gold":713,"neow_bonus":"THREE_ENEMY_KILL","is_daily":false,"chose_seed":false,"campfire_upgraded":0,"win_rate":0.0,"timestamp":1613391944,"path_taken":["M","M","M","?","M","M","M","E","T","M","E","?","E","?","R_BF","BOSS"],"items_purchased_type":[],"build_version":"2020-12-22","purchased_purges":0,"victory":false,"max_hp_per_floor":[70,70,70,70,70,70,70,70,70,70,70,70,70,70,70,70,70],"relic_stats":{"counters":[12,25],"Mummified Hand":[2],"Snake Skull":[0],"obtain_stats":[{"KeepersGift":0,"Damocles":0,"AT_RedTearstoneRing":10,"AT_ATBox":0,"testmod-TestBox":0,"NeowsBlessing":0,"Snake Skull":9,"aspiration:HiddenCompartment":8,"reliquary:FerryPass":2,"testmod-InjuryResistance":6,"TheBible":1,"testmod-Laevatain":0,"AT_TheCollector":7,"Mummified Hand":13,"reliquary:Buckler":3,"reliquary:RoseTintedGlasses":11,"REME_HandOfSuture":13,"BlankCard":11,"HushsDoor":0,"testmod-ArcanaOfDestiny":5,"Unceasing Top":12,"Ring of the Snake":0,"REME_ComplimentaryCards":0,"Replay:Bottled Steam":8},{"KeepersGift":0,"Damocles":0,"AT_RedTearstoneRing":8,"AT_ATBox":0,"testmod-TestBox":0,"NeowsBlessing":0,"Snake Skull":7,"aspiration:HiddenCompartment":7,"reliquary:FerryPass":2,"testmod-InjuryResistance":5,"TheBible":1,"testmod-Laevatain":0,"AT_TheCollector":6,"Mummified Hand":11,"reliquary:Buckler":3,"reliquary:RoseTintedGlasses":9,"REME_HandOfSuture":11,"BlankCard":9,"HushsDoor":0,"testmod-ArcanaOfDestiny":4,"Unceasing Top":10,"Ring of the Snake":0,"REME_ComplimentaryCards":0,"Replay:Bottled Steam":7},{"KeepersGift":0,"Damocles":0,"AT_RedTearstoneRing":16,"AT_ATBox":0,"testmod-TestBox":0,"NeowsBlessing":0,"Snake Skull":14,"aspiration:HiddenCompartment":14,"reliquary:FerryPass":2,"testmod-InjuryResistance":9,"TheBible":1,"testmod-Laevatain":0,"AT_TheCollector":12,"Mummified Hand":23,"reliquary:Buckler":4,"reliquary:RoseTintedGlasses":19,"REME_HandOfSuture":23,"BlankCard":19,"HushsDoor":0,"testmod-ArcanaOfDestiny":6,"Unceasing Top":20,"Ring of the Snake":0,"REME_ComplimentaryCards":0,"Replay:Bottled Steam":14}],"Unceasing Top":[0],"Ring of the Snake":[24]},"card_choices":[{"not_picked":[],"picked":"EpicFetus","floor":0.0},{"not_picked":[],"picked":"EpicFetus","floor":0.0},{"not_picked":["Quick Slash","Accuracy"],"picked":"Riddle With Holes","floor":1.0},{"not_picked":["ReplayTheSpireMod:The Works","Leg Sweep"],"picked":"All Out Attack","floor":2.0},{"not_picked":["AT_FocusSwordFire","AT_TinkerSharpsword"],"picked":"Flying Knee","floor":3.0},{"not_picked":["ReplayTheSpireMod:Scrap Shanks","Masterful Stab"],"picked":"Toxin Wave","floor":5.0},{"not_picked":["Backflip","Bane"],"picked":"AT_TwilightShroud","floor":6.0},{"not_picked":["Masterful Stab","Catalyst"],"picked":"Dagger Spray","floor":7.0},{"not_picked":["AT_WomanClash","ReplayTheSpireMod:Shiv Toss"],"picked":"Dodge and Roll","floor":8.0},{"not_picked":["Blade Dance","Acrobatics"],"picked":"AT_WindFlip","floor":10},{"not_picked":["Prepared","Riddle With Holes"],"picked":"Replay:Bag of Tricks","floor":11},{"not_picked":["AT_WindFlip","Hidden Blade"],"picked":"Slice","floor":12},{"not_picked":["Masterful Stab","Deflect"],"picked":"Prepared","floor":13}],"player_experience":186659,"relics_obtained":[{"floor":1.0,"key":"TheBible"},{"floor":2.0,"key":"reliquary:FerryPass"},{"floor":3.0,"key":"reliquary:Buckler"},{"floor":5.0,"key":"testmod-ArcanaOfDestiny"},{"floor":6.0,"key":"testmod-InjuryResistance"},{"floor":7.0,"key":"AT_TheCollector"},{"floor":8.0,"key":"aspiration:HiddenCompartment"},{"floor":8.0,"key":"Replay:Bottled Steam"},{"floor":9.0,"key":"Snake Skull"},{"floor":10,"key":"AT_RedTearstoneRing"},{"floor":11,"key":"reliquary:RoseTintedGlasses"},{"floor":11,"key":"BlankCard"},{"floor":12,"key":"Unceasing Top"},{"floor":13,"key":"REME_HandOfSuture"},{"floor":13,"key":"Mummified Hand"}],"event_choices":[{"damage_healed":0.0,"max_hp_gain":0.0,"max_hp_loss":0.0,"gold_gain":0.0,"event_name":"Wheel of Change","player_choice":"Cursed","floor":4.0,"gold_loss":0.0,"damage_taken":0.0,"cards_obtained":["Decay"]},{"damage_healed":0,"gold_gain":0,"player_choice":"Invest 4","damage_taken":0,"max_hp_gain":0,"max_hp_loss":0,"event_name":"conspire:Investor","floor":14,"gold_loss":0}],"is_beta":false,"boss_relics":[],"items_purged_floors":[],"is_endless":false,"potions_floor_spawned":[2,7,8,11,13],"killed_by":"Hexaghost","ascension_level":9}}