{"host":"f3zi5bw4of71qj4o","time":1613387360,"event":{"mods":["BaseMod","DeckTracker","Highlight Path","Minty Spire (QoL Compilation)","Relic Stats","StSLib","SuperFastMode"],"gold_per_floor":[111,3,3,17,17,52,52,85,85,85,85],"floor_reached":10,"language":"ENG","playtime":223,"items_purged":[],"score":198,"play_id":"6da2fd22-c496-4982-81df-de777284eba6","local_time":"20210215120920","is_ascension_mode":true,"campfire_choices":[{"data":"Sweeping Beam","floor":7,"key":"SMITH"}],"circlet_count":0,"master_deck":["AscendersBane","Strike_B","Strike_B","Strike_B","Defend_B","Defend_B+1","Defend_B","Defend_B","Zap","Dualcast+1","Cold Snap","Ball Lightning","Hologram","Gash","Sweeping Beam+1","Force Field"],"relics":["Cracked Core","NeowsBlessing","The Courier","Boot","Gremlin Horn"],"acts_visited":["Exordium"],"potions_floor_usage":[],"damage_taken":[{"damage":0,"enemies":"Small Slimes","floor":1,"turns":1},{"damage":0,"enemies":"Jaw Worm","floor":4,"turns":1},{"damage":0,"enemies":"Lagavulin","floor":6,"turns":1},{"damage":24,"enemies":"Gremlin Nob","floor":8,"turns":4},{"damage":13,"enemies":"3 Sentries","floor":10,"turns":4}],"seed_played":"5814625822985670782","potions_obtained":[{"floor":4,"key":"PotionOfCapacity"}],"is_trial":false,"path_per_floor":["M","$","?","M","?","E","R","E","T","E"],"character_chosen":"DEFECT","items_purchased":["Ball Lightning","Hologram"],"campfire_rested":0,"item_purchase_floors":[2,2],"current_hp_per_floor":[64,64,57,57,36,36,36,12,12,0,0],"gold":85,"neow_bonus":"THREE_ENEMY_KILL","is_daily":false,"chose_seed":false,"campfire_upgraded":1,"win_rate":0.0,"timestamp":1613387360,"path_taken":["M","$","?","M","?","E","R","E","T","E"],"items_purchased_type":["Card","Card"],"build_version":"2020-12-22","purchased_purges":0,"victory":false,"max_hp_per_floor":[71,71,71,71,71,71,71,71,71,71,71],"relic_stats":{"Gremlin Horn":[1,1],"counters":[5,11],"Boot":[2],"obtain_stats":[{"NeowsBlessing":0,"Gremlin Horn":9,"The Courier":6,"Cracked Core":0,"Boot":8},{"NeowsBlessing":0,"Gremlin Horn":4,"The Courier":3,"Cracked Core":0,"Boot":4},{"NeowsBlessing":0,"Gremlin Horn":7,"The Courier":3,"Cracked Core":0,"Boot":7}]},"card_choices":[{"not_picked":["Steam","Force Field"],"picked":"Cold Snap","floor":1},{"not_picked":["Static Discharge","Sweeping Beam"],"picked":"Gash","floor":4},{"not_picked":["Cold Snap","Multi-Cast"],"picked":"Sweeping Beam","floor":6},{"not_picked":["Blizzard","Stack"],"picked":"Force Field","floor":8}],"player_experience":2598741,"relics_obtained":[{"floor":6,"key":"The Courier"},{"floor":8,"key":"Boot"},{"floor":9,"key":"Gremlin Horn"}],"event_choices":[{"cards_removed":["Strike_B"],"damage_healed":0,"gold_gain":0,"player_choice":"Card Removal","damage_taken":7,"max_hp_gain":0,"max_hp_loss":0,"event_name":"Golden Wing","floor":3,"gold_loss":0},{"damage_healed":0,"gold_gain":0,"player_choice":"Entered Light","damage_taken":21,"max_hp_gain":0,"max_hp_loss":0,"event_name":"Shining Light","floor":5,"gold_loss":0,"cards_upgraded":["Defend_B","Dualcast"]}],"is_beta":false,"boss_relics":[],"items_purged_floors":[],"is_endless":false,"potions_floor_spawned":[4],"killed_by":"3 Sentries","ascension_level":20}}