{"host":"y6zg4wwu39otf01a","time":1613369150,"event":{"mods":["Act Like it!","Aspiration","BaseMod","Better Altar","Better Match","Better Note","Better Sensory Stone","Better Skull","Better Third Choice","Challenge The Spire","Colored Map","Colored Powertips","Conspire","GifTheSpireLib","Glutton Mod","Halation","Hermit","Highlight Path","Hubris","Infinite Spire","Mimic Mod","Minty Spire (QoL Compilation)","Quick Restart","Random Character Button","Rare Cards Sparkle","Replay The Spire","Retaliation","Spicy Shops","StSLib","Stuff the Spire","The Blue Laboratory","The Jungle"],"gold_per_floor":[109,109,54,54,54,54,84,84,84,112,112,137,157,181,181,307,307,320,341,341,341],"floor_reached":20,"language":"ENG","playtime":1188,"items_purged":[],"score":200,"play_id":"3dfd0576-b988-4ec7-946a-0e731e6d7bd7","local_time":"20210215000550","is_ascension_mode":true,"campfire_choices":[{"data":"Zap","floor":6,"key":"SMITH"},{"data":"Crystallizer","floor":8,"key":"SMITH"},{"data":"Dualcast","floor":15,"key":"SMITH"}],"circlet_count":0,"master_deck":["Strike_B","Strike_B","Strike_B","Strike_B","Defend_B","Defend_B","Defend_B","Defend_B","Zap+1","Dualcast+1","Melter","StuffTheSpire:GlassShard+1","Crystallizer+1","Mirror Shield","Injury","Go for the Eyes","hubris:PowerSurge","Beam Cell","hubris:SpecializedCircuitry","Blizzard+1","Recycle"],"relics":["infinitespire:DarkRift","aspiration:Nostalgia","Burning Blood","infinitespire:Cubic Diamond","Quantum Egg","InkBottle","Blue Doll","halation:KoshaPiece","Golden Idol","Honey Jar"],"acts_visited":["Exordium","TheCity"],"potions_floor_usage":[7,10,18],"damage_taken":[{"damage":9,"enemies":"2 Louse","floor":1,"turns":2},{"damage":28,"enemies":"Lagavulin","floor":7,"turns":5},{"damage":20,"enemies":"Gremlin Nob","floor":10,"turns":4},{"damage":4,"enemies":"conspire:RoseBush","floor":12,"turns":2},{"damage":9,"enemies":"Jaw Worm","floor":13,"turns":3},{"damage":5,"enemies":"Red Slaver","floor":14,"turns":3},{"damage":10,"enemies":"Hexaghost","floor":16,"turns":8},{"damage":17,"enemies":"2 Thieves","floor":18,"turns":3},{"damage":0,"enemies":"conspire:FuzzyDice","floor":19,"turns":3},{"damage":60,"enemies":"Cultist and Chosen","floor":20,"turns":6}],"seed_played":"-4751229327424808825","potions_obtained":[{"floor":1,"key":"Venom Potion"},{"floor":7,"key":"blueLaboratory:ConsumingVoid"},{"floor":12,"key":"blueLaboratory:EnragingPotion"},{"floor":19,"key":"blueLaboratory:Moonshine"}],"is_trial":false,"path_per_floor":["M","?","$","?","?","R","E","R","T","E","?","M","M","M","R","B",null,"M","M","M"],"character_chosen":"DEFECT","items_purchased":["StuffTheSpire:GlassShard+1"],"campfire_rested":0,"item_purchase_floors":[3],"current_hp_per_floor":[72,72,72,72,69,69,47,47,47,33,33,35,32,33,33,29,75,64,70,10,10],"gold":341,"neow_bonus":"NOSTALGIA","is_daily":false,"chose_seed":false,"campfire_upgraded":3,"win_rate":0.0,"timestamp":1613369150,"path_taken":["M","?","$","?","?","R","E","R","T","E","?","?","M","M","R","BOSS","M","M","M"],"items_purchased_type":["Card"],"build_version":"2020-12-22","purchased_purges":0,"victory":false,"max_hp_per_floor":[75,75,75,75,75,75,75,75,75,75,75,75,75,75,75,75,75,75,75,75,75],"card_choices":[{"not_picked":["Conserve Battery","ReplaySort"],"picked":"Melter","floor":1},{"not_picked":["hubris:Prefetch","Leap"],"picked":"Crystallizer","floor":7},{"not_picked":["StuffTheSpire:Plugnplay","ReplayTheSpireMod:GoodbyeWorld"],"picked":"Mirror Shield","floor":10},{"not_picked":["StuffTheSpire:SnapShoot","aspiration:Polymerization"],"picked":"Go for the Eyes","floor":12},{"not_picked":["BasicCrystalCard","StuffTheSpire:SnapShoot"],"picked":"hubris:PowerSurge","floor":13},{"not_picked":["Turbo","Hologram"],"picked":"Beam Cell","floor":14},{"not_picked":["Rainbow","Multi-Cast"],"picked":"hubris:SpecializedCircuitry","floor":16},{"not_picked":["Heatsinks","Barrage","Beam Cell"],"picked":"Blizzard+1","floor":18},{"not_picked":["StuffTheSpire:CleanHardDrive","conspire:Rain","StuffTheSpire:NuclearReactor+1"],"picked":"Recycle","floor":19}],"player_experience":833570,"relics_obtained":[{"floor":7,"key":"InkBottle"},{"floor":9,"key":"Blue Doll"},{"floor":10,"key":"halation:KoshaPiece"}],"event_choices":[{"damage_healed":0,"gold_gain":0,"player_choice":"Leave","damage_taken":0,"max_hp_gain":0,"max_hp_loss":0,"event_name":"conspire:Investor","floor":2,"gold_loss":0},{"damage_healed":0,"gold_gain":0,"player_choice":"Relic ","damage_taken":3,"max_hp_gain":0,"max_hp_loss":0,"event_name":"betterThird:BetterScrap","floor":5,"gold_loss":0,"cards_obtained":["Storm of Steel"]},{"damage_healed":0,"gold_gain":0,"player_choice":"Take Wound","damage_taken":0,"relics_obtained":["Golden Idol"],"max_hp_gain":0,"max_hp_loss":0,"event_name":"Golden Idol","floor":11,"gold_loss":0,"cards_obtained":["Injury"]}],"is_beta":false,"boss_relics":[{"not_picked":["hubris:Stopwatch","hubris:GrandSneckoEye"],"picked":"Honey Jar"}],"items_purged_floors":[],"is_endless":false,"potions_floor_spawned":[1,7,12,19],"killed_by":"Cultist and Chosen","ascension_level":2}}