{"host":"njruw0b0uprlitpx","time":1613430510,"event":{"mods":["2.2 Compatiblity","Act Like it!","Aspiration","Bartender","BaseMod","Better Altar","Better Match","Better Note","Better Sensory Stone","Better Skull","Better Third Choice","BetterRewards","Block Reminder","Colored Map","Colored Powertips","Curses Come First","Energized Spire","Hallownest","Jedi Mod","Keyboard Shortcuts","Minty Spire (QoL Compilation)","Quick Restart","Rare Cards Sparkle","Relic Stats","Replay The Spire","SacredBarkPlus","Spicy Shops","StSLib","SuperFastMode","The Blackbeard","The Mystic"],"gold_per_floor":[114,114,24,24,24,24,43,43,68,106,106,144,144,163,163,288,288,307,135,154,94,94,94,94,94,169,169,169,169,188,188,188,313,313,332,332,351,351,25,25,25,44,69,69,107,353,353,3,3,3],"floor_reached":51,"language":"ENG","playtime":1240,"items_purged":["Injury","Injury"],"score":723,"play_id":"9bd31f94-cfa6-48fb-8e9c-6122ab57e53c","local_time":"20210215170830","daily_mods":["Heirloom","Flight","Night Terrors"],"is_ascension_mode":false,"campfire_choices":[{"data":"Zap","floor":6.0,"key":"SMITH"},{"data":"Redo","floor":8.0,"key":"SMITH"},{"data":"Chaos","floor":11.0,"key":"SMITH"},{"data":"Time Bomb","floor":13.0,"key":"SMITH"},{"data":"Static Discharge","floor":15.0,"key":"SMITH"},{"data":"jedi:BurstLightning","floor":23.0,"key":"SMITH"},{"data":"Loop","floor":24.0,"key":"SMITH"},{"data":"Glacier","floor":27.0,"key":"SMITH"},{"data":"Thunder Strike","floor":29.0,"key":"SMITH"},{"floor":32.0,"key":"REST"},{"data":"ReplayTheSpireMod:Fabricate Wheel","floor":40.0,"key":"SMITH"},{"data":"Defragment","floor":41.0,"key":"SMITH"},{"data":"Echo Form","floor":44.0,"key":"SMITH"},{"floor":47,"key":"REST"},{"data":"White Noise","floor":49,"key":"SMITH"}],"circlet_count":0,"master_deck":["Strike_B","Strike_B","Strike_B","Strike_B","Defend_B","Defend_B","Defend_B","Defend_B","Zap+1","Dualcast+1","Glacier+1","Redo+1","Time Bomb+1","Chaos+1","Static Discharge+1","Thunder Strike+1","jedi:BurstLightning+1","Loop+1","Necronomicurse","Cold Snap","Ball Lightning","Defragment+1","ReplayTheSpireMod:Calculation Training","ReplayTheSpireMod:Calculation Training","ReplayTheSpireMod:Omega Cannon","Echo Form+1","Force Field","Cold Snap","jedi:hex","ReplayTheSpireMod:Splinters","White Noise+1"],"relics":["Cracked Core","jedi:purplefairy","Golden Idol","ReplayTheSpireMod:CursedCoin","jedi:paperfaux","Dream Catcher","Replay:Rubber Ducky","jedi:cryingmask","jedi:paperlyon","Necronomicon","aspiration:RitualStick","Matryoshka","Bag of Preparation","Toy Ornithopter","CaptainsWheel","energizedSpire:StickyHand","Prayer Wheel","Quantum Egg","aspiration:Lifesprig","Counterbalance","BargainBundle","aspiration:HatOfInfinitePower","Replay:Bottled Snecko"],"acts_visited":["Exordium","TheCity","TheBeyond"],"potions_floor_usage":[50,50,50],"damage_taken":[{"damage":7.0,"enemies":"2 Louse","floor":1.0,"turns":2.0},{"damage":3.0,"enemies":"Jaw Worm","floor":7.0,"turns":3.0},{"damage":8.0,"enemies":"Lagavulin","floor":10.0,"turns":5.0},{"damage":6.0,"enemies":"3 Sentries","floor":12.0,"turns":7.0},{"damage":0.0,"enemies":"Cultist","floor":14.0,"turns":3.0},{"damage":23.0,"enemies":"Hexaghost","floor":16.0,"turns":8.0},{"damage":15.0,"enemies":"2 Thieves","floor":18.0,"turns":4.0},{"damage":6.0,"enemies":"Spheric Guardian","floor":20.0,"turns":4.0},{"damage":23.0,"enemies":"Cultist and Chosen","floor":30.0,"turns":4.0},{"damage":40.0,"enemies":"Automaton","floor":33.0,"turns":8.0},{"damage":6.0,"enemies":"Orb Walker","floor":35.0,"turns":4.0},{"damage":15.0,"enemies":"3 Shapes","floor":37.0,"turns":2.0},{"damage":26.0,"enemies":"Sphere and 2 Shapes","floor":42.0,"turns":3.0},{"damage":16,"enemies":"Reptomancer","floor":45,"turns":4},{"damage":44,"enemies":"Time Eater","floor":50,"turns":6}],"seed_played":"5535013652570512859","potions_obtained":[{"floor":1.0,"key":"Dexterity Potion"},{"floor":10.0,"key":"EssenceOfDarkness"},{"floor":12.0,"key":"SteroidPotion"},{"floor":18.0,"key":"SkillPotion"},{"floor":20.0,"key":"Weak Potion"},{"floor":35.0,"key":"Explosive Potion"},{"floor":36.0,"key":"GamblersBrew"},{"floor":37.0,"key":"AttackPotion"}],"is_trial":false,"path_per_floor":["M","?","$","T","?","R","M","R","T","E","R","E","R","M","R","B",null,"M","$","M","?","?","R","R","?","T","R","T","R","M","?","R","B",null,"M","?","M","?","$","R","R","M","T","R","E","?","R","$","R","B",null],"character_chosen":"DEFECT","items_purchased":["ReplayTheSpireMod:CursedCoin","jedi:paperfaux","Redo","Loop","Defragment","ReplayTheSpireMod:Calculation Training","ReplayTheSpireMod:Omega Cannon","Strength Potion","BargainBundle","aspiration:HatOfInfinitePower","White Noise","Replay:Bottled Snecko","FocusPotion"],"campfire_rested":2,"item_purchase_floors":[3,3,3,19,39,39,39,39,48,48,48,48,48],"current_hp_per_floor":[68,68,68,68,68,75,72,75,75,67,72,66,71,71,75,52,75,60,60,54,54,38,48,53,38,38,43,43,44,21,14,70,35,70,64,64,54,54,54,55,60,34,34,35,19,19,65,65,65,21],"gold":3,"neow_bonus":"","is_daily":true,"chose_seed":false,"campfire_upgraded":13,"win_rate":0.0,"timestamp":1613430510,"path_taken":["M","?","$","?","?","R","?","R","T","E","R","E","R","?","R","BOSS","M","$","?","?","?","R","R","?","T","R","?","R","?","?","R","BOSS","M","?","?","?","$","R","R","?","T","R","E","?","R","$","R","BOSS"],"items_purchased_type":["Relic","Relic","Card","Card","Card","Card","Card","Potion","Relic","Relic","Card","Relic","Potion"],"build_version":"2020-12-22","purchased_purges":2,"victory":true,"max_hp_per_floor":[75,75,75,75,75,75,75,75,75,75,75,75,75,75,75,75,75,75,75,75,75,75,75,75,75,75,75,75,75,75,75,70,70,70,70,70,70,70,70,70,70,70,70,70,70,70,65,65,65,65],"relic_stats":{"Dream Catcher":2,"counters":[15,66],"Golden Idol":184,"Prayer Wheel":2,"Necronomicon":[9],"Bag of Preparation":[14],"obtain_stats":[{"aspiration:Lifesprig":43,"BargainBundle":48,"Golden Idol":2,"ReplayTheSpireMod:CursedCoin":3,"Quantum Egg":43,"Counterbalance":45,"jedi:purplefairy":0,"Bag of Preparation":28,"energizedSpire:StickyHand":34,"aspiration:RitualStick":25,"Replay:Rubber Ducky":9,"Dream Catcher":4,"CaptainsWheel":31,"Matryoshka":26,"jedi:paperlyon":17,"jedi:paperfaux":3,"jedi:cryingmask":12,"Prayer Wheel":42,"Necronomicon":22,"Replay:Bottled Snecko":48,"Cracked Core":0,"aspiration:HatOfInfinitePower":48,"Toy Ornithopter":28},{"aspiration:Lifesprig":13,"BargainBundle":14,"Golden Idol":1,"ReplayTheSpireMod:CursedCoin":1,"Quantum Egg":13,"Counterbalance":14,"jedi:purplefairy":0,"Bag of Preparation":8,"energizedSpire:StickyHand":10,"aspiration:RitualStick":8,"Replay:Rubber Ducky":2,"Dream Catcher":1,"CaptainsWheel":9,"Matryoshka":8,"jedi:paperlyon":6,"jedi:paperfaux":1,"jedi:cryingmask":4,"Prayer Wheel":13,"Necronomicon":8,"Replay:Bottled Snecko":14,"Cracked Core":0,"aspiration:HatOfInfinitePower":14,"Toy Ornithopter":8},{"aspiration:Lifesprig":56,"BargainBundle":60,"Golden Idol":2,"ReplayTheSpireMod:CursedCoin":2,"Quantum Egg":56,"Counterbalance":60,"jedi:purplefairy":0,"Bag of Preparation":36,"energizedSpire:StickyHand":48,"aspiration:RitualStick":36,"Replay:Rubber Ducky":5,"Dream Catcher":2,"CaptainsWheel":40,"Matryoshka":36,"jedi:paperlyon":28,"jedi:paperfaux":2,"jedi:cryingmask":17,"Prayer Wheel":54,"Necronomicon":36,"Replay:Bottled Snecko":60,"Cracked Core":0,"aspiration:HatOfInfinitePower":60,"Toy Ornithopter":36}],"aspiration:RitualStick":[2],"Toy Ornithopter":10},"card_choices":[{"not_picked":["BootSequence","Turbo"],"picked":"Glacier","floor":1.0},{"not_picked":["Barrage","Stack"],"picked":"Time Bomb","floor":7.0},{"not_picked":["Ball Lightning","Reinforced Body"],"picked":"Chaos","floor":10.0},{"not_picked":["Redo","Capacitor","Steam"],"picked":"SKIP","floor":12.0},{"not_picked":["Rebound","Barrage"],"picked":"Static Discharge","floor":14.0},{"not_picked":["Rainbow","Seek"],"picked":"Thunder Strike","floor":16.0},{"not_picked":["Gash","Force Field+1"],"picked":"jedi:BurstLightning","floor":18.0},{"not_picked":["jedi:spotbugs","Double Energy","Turbo"],"picked":"SKIP","floor":20.0},{"not_picked":["jedi:sharpshooter","BasicCrystalCard+1"],"picked":"Cold Snap","floor":30.0},{"not_picked":["Hello World","Barrage+1"],"picked":"Ball Lightning","floor":32.0},{"not_picked":["jedi:BurstDark","All For One"],"picked":"ReplayTheSpireMod:Fabricate Wheel","floor":33.0},{"not_picked":["FIFO Queue+1","Conserve Battery+1","Streamline+1"],"picked":"SKIP","floor":35.0},{"not_picked":["Barrage","Beam Cell","Stack"],"picked":"SKIP","floor":37.0},{"not_picked":["Sweeping Beam+1","Beam Cell","Conserve Battery+1"],"picked":"SKIP","floor":42.0},{"not_picked":["Compile Driver+1","Gash+1","jedi:BurstFrost"],"picked":"SKIP","floor":42.0},{"not_picked":["Force Field","Cold Snap"],"picked":"jedi:hex","floor":45}],"player_experience":1365749,"relics_obtained":[{"floor":4.0,"key":"Dream Catcher"},{"floor":9.0,"key":"Replay:Rubber Ducky"},{"floor":12.0,"key":"jedi:cryingmask"},{"floor":22.0,"key":"Necronomicon"},{"floor":26.0,"key":"Matryoshka"},{"floor":28.0,"key":"Bag of Preparation"},{"floor":28.0,"key":"Toy Ornithopter"},{"floor":43.0,"key":"Quantum Egg"},{"floor":43.0,"key":"aspiration:Lifesprig"},{"floor":45,"key":"Counterbalance"}],"event_choices":[{"damage_healed":0.0,"max_hp_gain":0.0,"max_hp_loss":0.0,"gold_gain":0.0,"event_name":"Golden Idol","player_choice":"Take Wound","floor":2.0,"gold_loss":0.0,"damage_taken":0.0,"relics_obtained":["Golden Idol"],"cards_obtained":["Injury"]},{"damage_healed":0.0,"max_hp_gain":0.0,"max_hp_loss":0.0,"gold_gain":0.0,"event_name":"Cursed Tome","player_choice":"Obtained Book","floor":22.0,"gold_loss":0.0,"damage_taken":16.0},{"damage_healed":0.0,"max_hp_gain":0.0,"max_hp_loss":0.0,"gold_gain":0.0,"event_name":"blackbeard:ShipwreckEvent","player_choice":"CaptainsWheel","floor":31.0,"gold_loss":0.0,"damage_taken":0.0,"relics_obtained":["CaptainsWheel"]},{"damage_healed":0.0,"max_hp_gain":0.0,"max_hp_loss":0.0,"gold_gain":0.0,"event_name":"Lab","player_choice":"Got Potions","floor":36.0,"gold_loss":0.0,"damage_taken":0.0},{"cards_removed":["Clumsy"],"damage_healed":0.0,"max_hp_gain":0.0,"max_hp_loss":0.0,"gold_gain":0.0,"event_name":"Fountain of Cleansing","player_choice":"Removed Curses","floor":38.0,"gold_loss":0.0,"damage_taken":0.0}],"is_beta":false,"boss_relics":[{"not_picked":["Painkiller Herb","Replay:Ancient Bell"],"picked":"jedi:paperlyon"},{"not_picked":["energizedSpire:MagnifyingGlass","Replay:Wanted Poster"],"picked":"energizedSpire:StickyHand"}],"items_purged_floors":[3,19],"is_endless":false,"potions_floor_spawned":[1,10,12,16,18,20,35,37,45],"ascension_level":0}}