{"host":"dlqyscxstsnu98l1","time":1613427559,"event":{"mods":["AchievementEnabler","BaseMod","Colored Map","Colored Powertips","GifTheSpireLib","Highlight Path","Minty Spire (QoL Compilation)","Random Character Button","SacredBarkPlus","StSLib","everything is the same but u backflip on backflip"],"gold_per_floor":[113,188,188,203,31,65,79,79,103,126,138,184,166,197,209,221,221],"floor_reached":16,"language":"ENG","playtime":716,"items_purged":[],"score":132,"play_id":"0f99c5c8-2b5b-4560-b99c-ce41c07ed1a4","local_time":"20210215161919","is_ascension_mode":true,"campfire_choices":[{"floor":8,"key":"REST"},{"data":"Armaments","floor":11,"key":"SMITH"},{"floor":15,"key":"REST"}],"circlet_count":0,"master_deck":["Strike_R","Strike_R","Strike_R","Strike_R","Strike_R","Defend_R","Defend_R","Defend_R","Defend_R","Bash","Pommel Strike","Feed","Armaments+1","Shrug It Off","True Grit","Wild Strike","Flame Barrier"],"relics":["Burning Blood","Potion Belt","MawBank","Tiny Chest"],"acts_visited":["Exordium"],"potions_floor_usage":[14,16,16],"damage_taken":[{"damage":2,"enemies":"2 Louse","floor":1,"turns":4},{"damage":13,"enemies":"Jaw Worm","floor":4,"turns":4},{"damage":45,"enemies":"3 Sentries","floor":6,"turns":10},{"damage":6,"enemies":"Cultist","floor":7,"turns":4},{"damage":0,"enemies":"Blue Slaver","floor":10,"turns":6},{"damage":36,"enemies":"Gremlin Nob","floor":12,"turns":5},{"damage":0,"enemies":"Looter","floor":13,"turns":4},{"damage":32,"enemies":"Exordium Thugs","floor":14,"turns":10},{"damage":40,"enemies":"Hexaghost","floor":16,"turns":14}],"seed_played":"4421612078503002790","potions_obtained":[{"floor":1,"key":"Dexterity Potion"},{"floor":7,"key":"SpeedPotion"},{"floor":12,"key":"Block Potion"},{"floor":14,"key":"Energy Potion"}],"is_trial":false,"path_per_floor":["M","?","?","M","$","E","M","R","T","M","R","E","M","M","R","B"],"character_chosen":"IRONCLAD","items_purchased":["Feed","Armaments"],"campfire_rested":2,"item_purchase_floors":[5,5],"current_hp_per_floor":[80,69,62,55,55,20,23,49,49,58,58,31,37,11,38,0,0],"gold":221,"neow_bonus":"ONE_RANDOM_RARE_CARD","is_daily":false,"chose_seed":false,"campfire_upgraded":1,"win_rate":0.0,"timestamp":1613427559,"path_taken":["M","?","?","M","?","E","M","R","T","?","R","E","M","M","R","BOSS"],"items_purchased_type":["Card","Card"],"build_version":"2020-12-22","purchased_purges":0,"victory":false,"max_hp_per_floor":[80,80,80,80,80,84,87,87,87,90,90,93,93,93,93,93,93],"card_choices":[{"not_picked":["Entrench","Dropkick","Flex"],"picked":"SKIP","floor":1},{"not_picked":["True Grit","Flex"],"picked":"Pommel Strike","floor":4},{"not_picked":["Twin Strike","Infernal Blade"],"picked":"Shrug It Off","floor":6},{"not_picked":["Infernal Blade","Fire Breathing"],"picked":"True Grit","floor":7},{"not_picked":["Corruption","Iron Wave","Fire Breathing"],"picked":"SKIP","floor":10},{"not_picked":["Seeing Red","Shrug It Off"],"picked":"Wild Strike","floor":12},{"not_picked":["Twin Strike","Wild Strike","Reckless Charge"],"picked":"SKIP","floor":13},{"not_picked":["Iron Wave","Sword Boomerang"],"picked":"Flame Barrier","floor":14}],"player_experience":214129,"relics_obtained":[{"floor":6,"key":"Potion Belt"},{"floor":9,"key":"MawBank"},{"floor":12,"key":"Tiny Chest"}],"event_choices":[{"damage_healed":0,"gold_gain":75,"player_choice":"Gather Gold","damage_taken":11,"max_hp_gain":0,"max_hp_loss":0,"event_name":"World of Goop","floor":2,"gold_loss":0},{"cards_removed":["Double Tap"],"damage_healed":0,"gold_gain":0,"player_choice":"Card Removal","damage_taken":7,"max_hp_gain":0,"max_hp_loss":0,"event_name":"Golden Wing","floor":3,"gold_loss":0}],"is_beta":false,"boss_relics":[],"items_purged_floors":[],"is_endless":false,"potions_floor_spawned":[1,7,12,14],"killed_by":"Hexaghost","ascension_level":4}}