{"host":"b7dyfc527bmrkvbm","time":1613405967,"event":{"mods":["2.2 Compatiblity","Act Like it!","BaseMod","Better Altar","Better Match","Better Note","Better Sensory Stone","Better Skull","Better Third Choice","BetterRewards","Conspire","Downfall","Duelist Mod","Ekko","Elementarium","Hubris","Infinite Spire","Mimic Mod","Minty Spire (QoL Compilation)","Rare Cards Sparkle","Reliquary","Replay The Spire","Shop Mod","Smile Girya","Spire Arcade","StSLib","The Accelerator","The Animator","The Blackbeard","The Construct","The Cursed","The Disciple","The Jungle","The Runesmith","The Vixen"],"gold_per_floor":[116,129,234,234,16,47,12,12,12,42,53,65,96,115,115,216,216,228,228,228,239,255,289,289,306,345,345,345,380,380,35,35,35,35],"floor_reached":33,"language":"ENG","playtime":7948,"items_purged":["construct:AttackMode"],"score":378,"play_id":"4ba88809-0aea-4c04-920d-227af124ff35","local_time":"20210215111927","is_ascension_mode":false,"campfire_choices":[{"data":"1","floor":15,"key":"LIFT"},{"floor":24,"key":"REST"},{"floor":27,"key":"REST"},{"data":"2","floor":30,"key":"LIFT"},{"data":"3","floor":32,"key":"LIFT"}],"circlet_count":0,"master_deck":["construct:Strike_Gold","construct:Strike_Gold","construct:Strike_Gold","construct:Strike_Gold","construct:Defend_Gold","construct:Defend_Gold","construct:Defend_Gold","construct:Defend_Gold","construct:Defend_Gold+1","construct:DefenseMode","construct:Tumble","construct:ReactiveShield+1","construct:ForceCore","construct:Reinforce","Flash of Steel","construct:Enhance+1","construct:ScopeCore","construct:BatteryCore","construct:SiegeForm","construct:Autoturret","construct:MetalShell","construct:ChargeShot","construct:ShieldBurst","construct:Autoturret+1","construct:Zapper","construct:CripplingShot","construct:ElectricArmor","Finesse","construct:CriticalHit","construct:Synchronize","construct:BatteryCore"],"relics":["construct:BoolHorns","hubris:OldNail","Replay:Antivirus Software","Membership Card","Mummified Hand","Girya","WingedGreaves","reliquary:ThirdArm","Gremlin Food","hubris:CrystalStatue","infinitespire:Broken Mirror","Runesmith:Locket","Tiny Chest","Sling","PreservedInsect"],"acts_visited":["Exordium","Exordium"],"potions_floor_usage":[16,16,23,23,29,29],"damage_taken":[{"damage":0,"enemies":"Cultist","floor":1,"turns":4},{"damage":1,"enemies":"Jaw Worm","floor":2,"turns":6},{"damage":31,"enemies":"3 Sentries","floor":6,"turns":8},{"damage":40,"enemies":"Gremlin Nob","floor":10,"turns":5},{"damage":0,"enemies":"2 Louse","floor":11,"turns":4},{"damage":0,"enemies":"Exordium Wildlife","floor":12,"turns":5},{"damage":0,"enemies":"Replay:BlueRogue","floor":13,"turns":5},{"damage":2,"enemies":"Gremlin Gang","floor":14,"turns":5},{"damage":0,"enemies":"The Guardian","floor":16,"turns":10},{"damage":22,"enemies":"Elementarium:VoidCorruption","floor":18,"turns":6},{"damage":5,"enemies":"Elementarium:2_ELEMENTALS","floor":21,"turns":4},{"damage":24,"enemies":"Elementarium:Hydrostalker","floor":22,"turns":6},{"damage":21,"enemies":"Elementarium:ElementalPortal","floor":23,"turns":6},{"damage":24,"enemies":"Elementarium:3_ELEMENTALS","floor":25,"turns":4},{"damage":2,"enemies":"Elementarium:VoidBeast","floor":26,"turns":7},{"damage":10,"enemies":"Elementarium:WarGolem","floor":29,"turns":3},{"damage":18,"enemies":"Elementarium:GoldenDragon","floor":33,"turns":1}],"seed_played":"-6887481811284532745","potions_obtained":[{"floor":6,"key":"AttackPotion"},{"floor":10,"key":"ColorlessPotion"},{"floor":13,"key":"construct:ShiftPotion"},{"floor":14,"key":"Energy Potion"},{"floor":18,"key":"Fire Potion"},{"floor":22,"key":"Weak Potion"},{"floor":25,"key":"SkillPotion"}],"is_trial":false,"path_per_floor":["M","M","?","?","$","E","$","?","T","E","M","M","E","M","R","B",null,"M","?","T","M","M","E","R","M","MIM","R","?","E","R","$","R","B"],"character_chosen":"THE_CONSTRUCT_MOD","items_purchased":["Membership Card","construct:Reinforce","Flash of Steel","construct:ScopeCore","Finesse","Sling","construct:CriticalHit","PreservedInsect","construct:Synchronize","construct:BatteryCore"],"campfire_rested":2,"item_purchase_floors":[5,5,5,7,31,31,31,31,31,31],"current_hp_per_floor":[77,76,76,76,76,45,45,45,45,5,5,5,5,3,3,3,77,55,55,55,50,26,5,28,4,2,25,25,15,15,15,15,0,0],"gold":35,"neow_bonus":"ONE_RARE_RELIC","is_daily":false,"chose_seed":false,"campfire_upgraded":0,"win_rate":0.0,"timestamp":1613405967,"path_taken":["M","M","?","?","$","E","$","?","T","E","?","M","E","M","R","BOSS","M","?","?","M","?","E","R","?","MIM","R","?","E","R","$","R","BOSS"],"items_purchased_type":["Relic","Card","Card","Card","Card","Relic","Card","Relic","Card","Card"],"build_version":"2020-12-22","purchased_purges":1,"victory":false,"max_hp_per_floor":[77,77,77,77,77,77,77,77,77,77,77,77,77,77,77,77,77,77,77,77,77,77,77,77,77,77,77,77,77,77,77,77,77,77],"card_choices":[{"not_picked":["construct:ClusterMines","construct:Reinforce"],"picked":"construct:Tumble","floor":1},{"not_picked":["construct:UnbalancingBlast","construct:FocusedBeam"],"picked":"construct:ReactiveShield","floor":2},{"not_picked":["construct:Failsafe","construct:SpinDrive"],"picked":"construct:ForceCore","floor":3},{"not_picked":["construct:Backfire","construct:Reinforce"],"picked":"construct:Enhance","floor":6},{"not_picked":["construct:Forcefield","construct:OmegaCannon"],"picked":"construct:SiegeForm","floor":10},{"not_picked":["construct:SuppressiveFire","construct:HastyRepair","construct:Accumulate"],"picked":"SKIP","floor":11},{"not_picked":["construct:Missile","construct:SaveState"],"picked":"construct:Autoturret","floor":12},{"not_picked":["construct:Backfire","construct:SyphonStrike"],"picked":"construct:MetalShell","floor":13},{"not_picked":["construct:OmegaCannon","construct:FierceBash"],"picked":"construct:ChargeShot","floor":14},{"not_picked":["construct:HyperBeam","construct:MassProduction"],"picked":"construct:ShieldBurst","floor":16},{"not_picked":["construct:Electrocute+1","construct:OneWayMirror"],"picked":"construct:Autoturret+1","floor":18},{"not_picked":["construct:FierceBash+1","construct:Stasis+1"],"picked":"construct:Zapper","floor":21},{"not_picked":["construct:Boost","construct:UnbalancingBlast","construct:HardReboot"],"picked":"SKIP","floor":22},{"not_picked":["construct:FierceBash","construct:OneWayMirror+1"],"picked":"construct:CripplingShot","floor":23},{"not_picked":["construct:QuickAttack","construct:Reinforce+1","construct:SyphonStrike+1"],"picked":"SKIP","floor":25},{"not_picked":["construct:Anticipate","construct:ScrapCannon+1"],"picked":"construct:ElectricArmor","floor":26},{"not_picked":["construct:ShiftStrike","construct:Reinforce","construct:MassProduction"],"picked":"SKIP","floor":29}],"player_experience":600899,"relics_obtained":[{"floor":3,"key":"hubris:OldNail"},{"floor":6,"key":"Mummified Hand"},{"floor":10,"key":"Girya"},{"floor":13,"key":"WingedGreaves"},{"floor":20,"key":"Gremlin Food"},{"floor":23,"key":"hubris:CrystalStatue"},{"floor":26,"key":"infinitespire:Broken Mirror"},{"floor":29,"key":"Tiny Chest"}],"event_choices":[{"damage_healed":0,"gold_gain":0,"cards_transformed":["construct:Strike_Gold"],"player_choice":"Change","damage_taken":0,"max_hp_gain":0,"max_hp_loss":0,"event_name":"Living Wall","floor":8,"gold_loss":0,"cards_obtained":["construct:BatteryCore"]},{"damage_healed":0,"gold_gain":0,"player_choice":"Open","damage_taken":0,"relics_obtained":["Runesmith:Locket"],"max_hp_gain":0,"max_hp_loss":0,"event_name":"Elementarium:TarCoveredCasket","floor":28,"gold_loss":0,"cards_obtained":["Elementarium:StickyTar"]}],"is_beta":false,"boss_relics":[{"not_picked":["bronze:MakeshiftBattery","Kintsugi"],"picked":"reliquary:ThirdArm"}],"items_purged_floors":[31],"is_endless":false,"potions_floor_spawned":[6,10,13,14,18,22,25],"killed_by":"Elementarium:GoldenDragon","ascension_level":0}}