{"host":"xo0glkmxta74xh34","time":1613420257,"event":{"mods":["BaseMod","Downfall","Minty Spire (QoL Compilation)","Reliquary","Replay The Spire","StSLib"],"gold_per_floor":[157,175,194,204,204,45,99,84,84,84,96,96,123,123,136,233,233,233,253,267,96,115,0,79,96,142,142,158,190,190,223,223,223,223],"floor_reached":32,"language":"ENG","playtime":2310,"items_purged":["Doubt","bronze:Strike"],"score":399,"play_id":"c0d5aa93-8809-4a7a-80e0-ec15f316eb3e","local_time":"20210215141737","is_ascension_mode":true,"campfire_choices":[{"data":"bronze:Repair","floor":10,"key":"SMITH"},{"data":"Sadistic Nature","floor":12,"key":"SMITH"},{"floor":18,"key":"DIG"},{"floor":27,"key":"REST"},{"floor":30,"key":"REST"}],"circlet_count":0,"master_deck":["bronze:Strike","bronze:Strike","bronze:Strike","bronze:Defend","bronze:Defend","bronze:Defend","bronze:Replicate","bronze:Goto","Sadistic Nature+1","bronze:ChosenStrike","bronze:BronzeOrb","bronze:Repair+1","bronze:Optimize","bronze:BronzeArmor","bronze:OilSpill","bronze:InfiniteLoop","bronze:Mutator","bronze:FineTuning+1","bronze:Repulsor","bronze:Flail","ReplayTheSpireMod:Splinters","bronze:OilSpill+1","bronze:OilSpill+1"],"relics":["bronze:BronzeCore","reliquary:Knoch","bronze:BottledCode","Strawberry","reliquary:Ember","reliquary:SharkskinSheath","bronze:SilverBullet","Replay:WaspNest","Toxic Egg 2","Potion Belt","reliquary:TuningFork"],"acts_visited":["Exordium","TheCity"],"potions_floor_usage":[16,22,28,29,32],"damage_taken":[{"damage":7.0,"enemies":"Jaw Worm","floor":2.0,"turns":4.0},{"damage":10.0,"enemies":"Small Slimes","floor":3.0,"turns":3.0},{"damage":3.0,"enemies":"2 Louse","floor":4.0,"turns":2.0},{"damage":0,"enemies":"downfall:FleeingMerchant","floor":6,"turns":4},{"damage":10,"enemies":"downfall:FleeingMerchant","floor":8,"turns":4},{"damage":0,"enemies":"downfall:LooterAlt","floor":11,"turns":2},{"damage":10,"enemies":"Gremlin Nob","floor":13,"turns":4},{"damage":1,"enemies":"Red Slaver","floor":15,"turns":3},{"damage":12,"enemies":"SI_SHIV_ARCHETYPE","floor":16,"turns":7},{"damage":10,"enemies":"Spheric Guardian","floor":19,"turns":3},{"damage":14,"enemies":"downfall:LooterAlt2","floor":20,"turns":4},{"damage":17,"enemies":"downfall:FleeingMerchant","floor":21,"turns":4},{"damage":26,"enemies":"Snecko","floor":22,"turns":4},{"damage":22,"enemies":"downfall:FleeingMerchant","floor":23,"turns":4},{"damage":6,"enemies":"Centurion and Healer","floor":25,"turns":6},{"damage":21,"enemies":"Snake Plant","floor":28,"turns":3},{"damage":31,"enemies":"Slavers","floor":29,"turns":3},{"damage":24,"enemies":"Book of Stabbing","floor":31,"turns":3},{"damage":35,"enemies":"Shelled Parasite and Fungi","floor":32,"turns":3}],"seed_played":"-6101345290365072498","potions_obtained":[{"floor":2.0,"key":"Ancient Potion"},{"floor":4.0,"key":"bronze:FreeFunctionsPotion"},{"floor":11,"key":"BlessingOfTheForge"},{"floor":19,"key":"LiquidMemories"},{"floor":25,"key":"SneckoOil"},{"floor":26,"key":"LiquidBronze"},{"floor":29,"key":"LifebloodPotion"},{"floor":31,"key":"Energy Potion"}],"is_trial":false,"path_per_floor":["R","M","M","M","?","$","T","$","?","R","M","R","E","?","M","B",null,"R","M","M","$","M","$","T","M","?","R","M","E","R","E","M"],"character_chosen":"THE_AUTOMATON","items_purchased":["bronze:Optimize","bronze:SilverBullet"],"campfire_rested":2,"item_purchase_floors":[6,21],"current_hp_per_floor":[70,63,53,50,50,57,57,57,57,57,60,60,57,57,66,55,67,67,57,53,46,30,19,19,23,23,43,32,12,32,18,0,0,0],"gold":223,"neow_bonus":"RANDOM_COLORLESS_2","is_daily":false,"chose_seed":false,"campfire_upgraded":2,"win_rate":0.0,"timestamp":1613420257,"path_taken":["R","M","M","M","?","$","T","$","?","R","M","R","E","?","M","BOSS","R","M","M","$","M","$","T","M","?","R","M","E","R","E","M"],"items_purchased_type":["Card","Relic"],"build_version":"2020-12-22","purchased_purges":2,"victory":false,"max_hp_per_floor":[70,70,70,70,70,70,70,70,60,60,60,60,67,67,67,67,67,67,67,67,67,67,67,67,67,67,67,67,67,67,67,67,67,67],"card_choices":[{"not_picked":["Thinking Ahead","Magnetism"],"picked":"Sadistic Nature","floor":0.0},{"not_picked":["bronze:ClassDefault","bronze:Boost"],"picked":"bronze:ChosenStrike","floor":2.0},{"not_picked":["bronze:Boost","bronze:FineTuning"],"picked":"bronze:BronzeOrb","floor":3.0},{"not_picked":["bronze:DelayedGuard","bronze:Constructor"],"picked":"bronze:Repair","floor":4.0},{"not_picked":["bronze:Constructor","bronze:Turbo","bronze:WildBeam"],"picked":"SKIP","floor":6},{"not_picked":["bronze:DelayedSlice","bronze:MaxOutput"],"picked":"bronze:BronzeArmor","floor":8},{"not_picked":["bronze:WildBeam","bronze:Branch"],"picked":"bronze:OilSpill","floor":11},{"not_picked":["bronze:Backtrace","bronze:ForLoop","bronze:BuggyMess"],"picked":"SKIP","floor":13},{"not_picked":["bronze:Flail","bronze:DigitalCarnage"],"picked":"bronze:InfiniteLoop","floor":15},{"not_picked":["bronze:SpaghettiCode","bronze:HyperBeam"],"picked":"bronze:Mutator","floor":16},{"not_picked":["bronze:Branch","bronze:Philosophize","bronze:BuggyMess"],"picked":"SKIP","floor":19},{"not_picked":["bronze:DelayedSlice+1","bronze:Shield","bronze:Branch"],"picked":"SKIP","floor":20},{"not_picked":["bronze:DigitalCarnage","bronze:FollowUp"],"picked":"bronze:FineTuning+1","floor":21},{"not_picked":["bronze:Overload","bronze:Overheat","bronze:Separator"],"picked":"SKIP","floor":22},{"not_picked":["bronze:Safeguard","bronze:BuggyMess"],"picked":"bronze:Repulsor","floor":23},{"not_picked":["bronze:Iterate+1","bronze:NullPointer"],"picked":"bronze:Flail","floor":25},{"not_picked":["bronze:Shield+1","bronze:BugBarrage"],"picked":"bronze:OilSpill+1","floor":26},{"not_picked":["bronze:WildBeam","bronze:Overheat+1","bronze:Allocate+1"],"picked":"SKIP","floor":28},{"not_picked":["bronze:Break","bronze:Overheat+1"],"picked":"bronze:OilSpill+1","floor":29},{"not_picked":["bronze:ChosenStrike","bronze:ForLoop+1","bronze:BugBarrage+1"],"picked":"SKIP","floor":31}],"player_experience":484724,"relics_obtained":[{"floor":7,"key":"reliquary:Knoch"},{"floor":13,"key":"Strawberry"},{"floor":18,"key":"reliquary:SharkskinSheath"},{"floor":24,"key":"Replay:WaspNest"},{"floor":26,"key":"Toxic Egg 2"},{"floor":29,"key":"Potion Belt"},{"floor":31,"key":"reliquary:TuningFork"}],"event_choices":[],"is_beta":false,"boss_relics":[{"not_picked":["ReplayTheSpireMod:DimensionalGlitch","Replay:Drink Me"],"picked":"reliquary:Ember"}],"items_purged_floors":[6,23],"is_endless":false,"potions_floor_spawned":[2,4,11,15,19,25,29,31],"killed_by":"Shelled Parasite and Fungi","ascension_level":1}}