{"host":"ryxkq7m36cv0y2ky","time":1613356234,"event":{"mods":["Act Like it!","Arknights","Bard","BaseMod","CapriCore","Dio Mod","Downfall","Gensokyo","Gremlin Mod","Hermit","HololiveMod","Hubris","Hunter ??","Marisa????????","Minty Spire (QoL Compilation)","Nova Terra(??·??)","Reliquary","Remilia??????","Replay The Spire","SOS???????","Shade Mod","Spire Arcade","StSLib","The Bladedancer","The Hayseed","The Immortal","The Judge","The Juggle","The Marked","The Mystic","The Necromancer","The Saiyan","The Showman","The Witch","TheVacant","thorton"],"gold_per_floor":[77,92,107,133,148,178,178,208,108,138,153,183,213,243,258,258,258],"floor_reached":16,"language":"ENG","playtime":1037,"items_purged":[],"score":190,"play_id":"9ae8c274-0ef4-4989-84a0-3b3f06502047","local_time":"20210215130034","daily_mods":["Heirloom","Red Cards","Elite Swarm"],"is_ascension_mode":false,"campfire_choices":[{"floor":1,"key":"RECALL"},{"data":"Saiyan:SuperSaiyanThree","floor":9,"key":"SMITH"}],"circlet_count":0,"master_deck":["Saiyan:SAIYA_Strike","Saiyan:SAIYA_Strike","Saiyan:SAIYA_Strike","Saiyan:SAIYA_Strike","Saiyan:SAIYA_Defend","Saiyan:SAIYA_Defend","Saiyan:SAIYA_Defend","Saiyan:SAIYA_Defend","Saiyan:EnergyBlast","Saiyan:KaioKen","Saiyan:RuthlessBlow","Saiyan:LastResort","Saiyan:BurningSoul","Saiyan:Quickening","Saiyan:SoulSpice","Saiyan:SuperSaiyanThree+1","Saiyan:SolarFlare","Saiyan:MonkeyTail","Saiyan:DragonRadar","Saiyan:MajinSeal","Saiyan:SolarFlare","Saiyan:SaiyanHubris","Saiyan:SaiyanHubris"],"relics":["SaiyanSoul","SaiyanHeart","hubris:FunFungus","Peace Pipe","Eternal Feather","Happy Flower","Replay:Bottled Flurry","downfall:HeartBlessingRed","Du-Vu Doll","Counterbalance","sneckomod:BlankCard","Prayer Wheel"],"acts_visited":["Exordium"],"potions_floor_usage":[8,15,16,16],"damage_taken":[{"damage":0,"enemies":"Small Slimes","floor":2,"turns":4},{"damage":0,"enemies":"Jaw Worm","floor":3,"turns":3},{"damage":0,"enemies":"ats:Genji","floor":5,"turns":3},{"damage":14,"enemies":"3 Sentries","floor":6,"turns":7},{"damage":13,"enemies":"Lagavulin","floor":8,"turns":8},{"damage":19,"enemies":"3 Sentries","floor":10,"turns":4},{"damage":7,"enemies":"Looter","floor":11,"turns":3},{"damage":6,"enemies":"Lagavulin","floor":12,"turns":7},{"damage":0,"enemies":"Replay:BlueRogue","floor":14,"turns":4},{"damage":0,"enemies":"Gremlin Gang","floor":15,"turns":4},{"damage":23,"enemies":"WA_ARCHETYPE_RETAIN","floor":16,"turns":8}],"seed_played":"5535013652570512859","potions_obtained":[{"floor":2,"key":"Energy Potion"},{"floor":3,"key":"Doom Potion"},{"floor":5,"key":"Explosive Potion"},{"floor":11,"key":"Guardian:BlockOnCardUsePotion"}],"is_trial":false,"path_per_floor":["R","M","M","?","M","E","T","E","R","E","M","E","?","E","M","B"],"character_chosen":"SAIYAJIN","items_purchased":[],"campfire_rested":0,"item_purchase_floors":[],"current_hp_per_floor":[60,62,63,38,39,28,28,24,33,16,11,10,10,13,16,0,0],"gold":258,"neow_bonus":"","is_daily":true,"chose_seed":false,"campfire_upgraded":1,"win_rate":0.0,"timestamp":1613356234,"path_taken":["R","M","M","?","M","E","T","E","R","E","M","E","?","E","M","BOSS"],"items_purchased_type":[],"build_version":"2020-12-22","purchased_purges":0,"victory":false,"max_hp_per_floor":[60,62,63,63,64,65,65,66,66,68,70,71,71,74,77,78,78],"card_choices":[{"not_picked":["Saiyan:SpiritSword","Saiyan:Planning"],"picked":"Saiyan:LastResort","floor":2},{"not_picked":["Saiyan:Medicine","Saiyan:PlotArmor"],"picked":"Saiyan:BurningSoul","floor":3},{"not_picked":["Saiyan:RemoveWeights","Saiyan:KiExplosion"],"picked":"Saiyan:Quickening","floor":4},{"not_picked":["Saiyan:DragonFist","Saiyan:DoubleMasenko"],"picked":"Saiyan:SoulSpice","floor":5},{"not_picked":["Saiyan:MonkeyTail","Saiyan:MajinSeal"],"picked":"Saiyan:SuperSaiyanThree","floor":6},{"not_picked":["Saiyan:TheBomb","Saiyan:MindBoom"],"picked":"Saiyan:SolarFlare","floor":8},{"not_picked":["Saiyan:GhostAttack","Saiyan:TransfigurationBeam"],"picked":"Saiyan:MonkeyTail","floor":10},{"not_picked":["Saiyan:Taunt","Saiyan:Planning"],"picked":"Saiyan:DragonRadar","floor":11},{"not_picked":["Saiyan:SenzuBean","Saiyan:SolarFlare"],"picked":"Saiyan:MajinSeal","floor":12},{"not_picked":["Saiyan:TransfigurationBeam","Saiyan:MindBoom"],"picked":"Saiyan:SolarFlare","floor":14},{"not_picked":["Saiyan:DoubleMasenko","Saiyan:Endure"],"picked":"Saiyan:SaiyanHubris","floor":15},{"not_picked":["Saiyan:MeteorDash","Saiyan:Medicine"],"picked":"Saiyan:SaiyanHubris","floor":15}],"player_experience":346444,"relics_obtained":[{"floor":4,"key":"Peace Pipe"},{"floor":6,"key":"Eternal Feather"},{"floor":7,"key":"Happy Flower"},{"floor":8,"key":"Replay:Bottled Flurry"},{"floor":10,"key":"Du-Vu Doll"},{"floor":12,"key":"Counterbalance"},{"floor":14,"key":"Prayer Wheel"}],"event_choices":[{"damage_healed":0,"gold_gain":30,"player_choice":"Searched \u00272\u0027 times","damage_taken":0,"relics_obtained":["sneckomod:BlankCard"],"max_hp_gain":0,"max_hp_loss":0,"event_name":"Dead Adventurer","floor":13,"gold_loss":0}],"is_beta":false,"boss_relics":[],"items_purged_floors":[],"is_endless":false,"potions_floor_spawned":[2,3,5,11,12],"killed_by":"WA_ARCHETYPE_RETAIN","ascension_level":0}}