{"host":"6ulps5ednfgqn0to","time":1613380618,"event":{"mods":["AchievementEnabler","BaseMod","Colored Map","Highlight Path","Minty Spire (QoL Compilation)","Relic Sorter","Relic Stats","StSLib"],"gold_per_floor":[112,112,112,123,139,170,170,197,197,226,140,315,69,81,81,186,186,205,16,36,36,47,47,66,66,66,66,92,52,65,65,65,166,166,176,223,223,223,233,233,258,258,307,307,36,63,88,120,120,120],"floor_reached":51,"language":"ENG","playtime":2357,"items_purged":["Doubt","Clumsy"],"score":971,"play_id":"aaa13bdf-3a4c-4ac8-b104-bbeb2c1e19bf","local_time":"20210215111658","is_ascension_mode":true,"campfire_choices":[{"data":"Armaments","floor":7,"key":"SMITH"},{"data":"Rupture","floor":15,"key":"SMITH"},{"data":"Berserk","floor":23,"key":"SMITH"},{"floor":25,"key":"REST"},{"floor":32,"key":"REST"},{"floor":40,"key":"REST"},{"data":"Offering","floor":42,"key":"SMITH"},{"data":"Rage","floor":44,"key":"SMITH"},{"data":"Dual Wield","floor":49,"key":"SMITH"}],"circlet_count":0,"master_deck":["Defend_R","Defend_R","Defend_R","Bash","Hemokinesis","Immolate","Disarm","Thunderclap","Fire Breathing","Armaments+1","Clothesline","Trip","Rupture+1","Bandage Up","Offering+1","Evolve+1","Pommel Strike+1","Hemokinesis+1","Wild Strike","Combust","Berserk+1","Bite","Bite","Bite","Bite","Shrug It Off","Rage+1","Fiend Fire","Dual Wield+1","Iron Wave+1","Shrug It Off+1","Sadistic Nature","Shockwave","Dual Wield+1"],"relics":["Burning Blood","Champion Belt","Mummified Hand","Vajra","White Beast Statue","Lizard Tail","Astrolabe","Bag of Marbles","Darkstone Periapt","Ginger","WingedGreaves","Busted Crown","Gambling Chip","Pear","Nunchaku","Centennial Puzzle","CaptainsWheel","Molten Egg 2"],"acts_visited":["Exordium","TheCity","TheBeyond"],"potions_floor_usage":[16,30,36,41,50,50,50],"damage_taken":[{"damage":8,"enemies":"Small Slimes","floor":1,"turns":3},{"damage":8,"enemies":"Cultist","floor":4,"turns":3},{"damage":6,"enemies":"2 Louse","floor":5,"turns":2},{"damage":22,"enemies":"3 Sentries","floor":6,"turns":4},{"damage":22,"enemies":"Lagavulin","floor":8,"turns":6},{"damage":26,"enemies":"Gremlin Nob","floor":10,"turns":4},{"damage":0,"enemies":"Exordium Wildlife","floor":14,"turns":2},{"damage":16,"enemies":"The Guardian","floor":16,"turns":10},{"damage":13,"enemies":"3 Byrds","floor":18,"turns":6},{"damage":12,"enemies":"Spheric Guardian","floor":20,"turns":3},{"damage":17,"enemies":"Cultist and Chosen","floor":22,"turns":3},{"damage":48,"enemies":"Sentry and Sphere","floor":24,"turns":5},{"damage":43,"enemies":"Book of Stabbing","floor":28,"turns":5},{"damage":23,"enemies":"Snake Plant","floor":30,"turns":4},{"damage":35,"enemies":"Collector","floor":33,"turns":6},{"damage":19,"enemies":"3 Darklings","floor":35,"turns":3},{"damage":52,"enemies":"2 Orb Walkers","floor":36,"turns":4},{"damage":16,"enemies":"Orb Walker","floor":39,"turns":3},{"damage":47,"enemies":"Nemesis","floor":41,"turns":7},{"damage":27,"enemies":"Giant Head","floor":46,"turns":6},{"damage":18,"enemies":"Reptomancer","floor":47,"turns":5},{"damage":17,"enemies":"Giant Head","floor":48,"turns":5},{"damage":54,"enemies":"Donu and Deca","floor":50,"turns":7}],"seed_played":"-1964633794658480523","potions_obtained":[{"floor":4,"key":"Ancient Potion"},{"floor":5,"key":"Ancient Potion"},{"floor":10,"key":"AttackPotion"},{"floor":14,"key":"SmokeBomb"},{"floor":16,"key":"FearPotion"},{"floor":20,"key":"FairyPotion"},{"floor":22,"key":"Regen Potion"},{"floor":24,"key":"Block Potion"},{"floor":30,"key":"Fire Potion"},{"floor":36,"key":"Strength Potion"},{"floor":41,"key":"Strength Potion"},{"floor":46,"key":"Ancient Potion"},{"floor":47,"key":"Fire Potion"}],"is_trial":false,"path_per_floor":["M","?","?","M","M","E","R","E","T","E","$","?","$","M","R","B",null,"M","$","M","?","M","R","M","R","T","?","E","$","M","T","R","B",null,"M","?","?","?","M","R","E","R","T","R","$","E","E","E","R","B",null],"character_chosen":"IRONCLAD","items_purchased":["Trip","Rupture","Bandage Up","Bag of Marbles","Combust","Rage","Sadistic Nature"],"campfire_rested":3,"item_purchase_floors":[11,13,13,19,19,29,45],"current_hp_per_floor":[78,78,78,76,76,60,60,44,44,24,24,24,24,30,30,26,80,79,79,73,73,66,66,28,52,52,52,23,23,27,27,43,28,56,53,21,21,21,21,37,38,38,38,38,38,40,40,43,43,12],"gold":120,"neow_bonus":"ONE_RARE_RELIC","is_daily":false,"chose_seed":false,"campfire_upgraded":6,"win_rate":0.0,"timestamp":1613380618,"path_taken":["M","?","?","?","?","E","R","E","T","E","$","?","$","M","R","BOSS","M","$","M","?","M","R","?","R","T","?","E","?","M","?","R","BOSS","M","?","?","?","M","R","E","R","T","R","$","E","E","E","R","BOSS"],"items_purchased_type":["Card","Card","Card","Relic","Card","Card","Card"],"build_version":"2020-12-22","purchased_purges":2,"victory":true,"max_hp_per_floor":[80,80,80,80,80,80,80,80,80,80,80,80,80,80,80,80,80,80,80,80,80,80,80,80,80,80,56,56,56,56,56,56,56,56,56,56,56,56,56,56,66,66,66,66,66,66,66,66,66,66],"relic_stats":{"Darkstone Periapt":0,"counters":[23,106],"Astrolabe":["Evolve","Pommel Strike","Hemokinesis"],"Ginger":[11],"Burning Blood":138,"Lizard Tail":0,"Nunchaku":[6],"Centennial Puzzle":[9],"Busted Crown":16,"Mummified Hand":[81],"Gambling Chip":[20],"Champion Belt":[77],"obtain_stats":[{"Darkstone Periapt":26,"Pear":41,"Astrolabe":17,"Vajra":8,"Ginger":28,"Burning Blood":0,"White Beast Statue":9,"Lizard Tail":10,"Nunchaku":43,"Centennial Puzzle":46,"CaptainsWheel":47,"Busted Crown":34,"Mummified Hand":6,"Gambling Chip":36,"Molten Egg 2":48,"WingedGreaves":31,"Bag of Marbles":19,"Champion Belt":0},{"Darkstone Periapt":12,"Pear":19,"Astrolabe":8,"Vajra":5,"Ginger":13,"Burning Blood":0,"White Beast Statue":5,"Lizard Tail":6,"Nunchaku":19,"Centennial Puzzle":20,"CaptainsWheel":21,"Busted Crown":15,"Mummified Hand":4,"Gambling Chip":17,"Molten Egg 2":22,"WingedGreaves":14,"Bag of Marbles":9,"Champion Belt":0},{"Darkstone Periapt":51,"Pear":83,"Astrolabe":34,"Vajra":18,"Ginger":56,"Burning Blood":0,"White Beast Statue":18,"Lizard Tail":22,"Nunchaku":83,"Centennial Puzzle":89,"CaptainsWheel":94,"Busted Crown":66,"Mummified Hand":12,"Gambling Chip":73,"Molten Egg 2":99,"WingedGreaves":60,"Bag of Marbles":40,"Champion Belt":0}]},"card_choices":[{"not_picked":["Infernal Blade","True Grit"],"picked":"Hemokinesis","floor":1},{"not_picked":["Clash","Second Wind"],"picked":"Thunderclap","floor":4},{"not_picked":["Evolve","Seeing Red"],"picked":"Fire Breathing","floor":5},{"not_picked":["Clothesline","Wild Strike"],"picked":"Armaments","floor":6},{"not_picked":["Uppercut","Carnage","Impervious"],"picked":"SKIP","floor":8},{"not_picked":["Flex","Twin Strike"],"picked":"Clothesline","floor":10},{"not_picked":["Flex","Intimidate","Rampage"],"picked":"SKIP","floor":14},{"not_picked":["Limit Break","Demon Form"],"picked":"Offering","floor":16},{"not_picked":["Perfected Strike","Carnage"],"picked":"Wild Strike","floor":18},{"not_picked":["Havoc","Sever Soul","Warcry"],"picked":"SKIP","floor":20},{"not_picked":["Twin Strike","Clash+1","Perfected Strike"],"picked":"SKIP","floor":22},{"not_picked":["Thunderclap","Clash","Cleave"],"picked":"SKIP","floor":24},{"not_picked":["Heavy Blade","Body Slam"],"picked":"Shrug It Off","floor":28},{"not_picked":["Pommel Strike","Heavy Blade+1","Warcry"],"picked":"SKIP","floor":30},{"not_picked":["Berserk","Demon Form"],"picked":"Fiend Fire","floor":33},{"not_picked":[],"picked":"Dual Wield+1","floor":35},{"not_picked":[],"picked":"Iron Wave+1","floor":39},{"not_picked":[],"picked":"Shrug It Off+1","floor":41},{"not_picked":["Wild Strike+1"],"picked":"SKIP","floor":46},{"not_picked":[],"picked":"Shockwave","floor":47},{"not_picked":[],"picked":"Dual Wield","floor":48}],"player_experience":16765,"relics_obtained":[{"floor":6,"key":"Mummified Hand"},{"floor":8,"key":"Vajra"},{"floor":9,"key":"White Beast Statue"},{"floor":10,"key":"Lizard Tail"},{"floor":26,"key":"Darkstone Periapt"},{"floor":28,"key":"Ginger"},{"floor":31,"key":"WingedGreaves"},{"floor":36,"key":"Gambling Chip"},{"floor":41,"key":"Pear"},{"floor":43,"key":"Nunchaku"},{"floor":46,"key":"Centennial Puzzle"},{"floor":47,"key":"CaptainsWheel"},{"floor":48,"key":"Molten Egg 2"}],"event_choices":[{"cards_removed":["Strike_R"],"damage_healed":0,"gold_gain":0,"player_choice":"Forget","damage_taken":0,"max_hp_gain":0,"max_hp_loss":0,"event_name":"Living Wall","floor":2,"gold_loss":0},{"damage_healed":0,"gold_gain":0,"player_choice":"2 cards matched","damage_taken":0,"max_hp_gain":0,"max_hp_loss":0,"event_name":"Match and Keep!","floor":3,"gold_loss":0,"cards_obtained":["Immolate","Disarm"]},{"damage_healed":0,"gold_gain":175,"player_choice":"AGREE","damage_taken":0,"max_hp_gain":0,"max_hp_loss":0,"event_name":"Liars Game","floor":12,"gold_loss":0,"cards_obtained":["Doubt"]},{"damage_healed":0,"gold_gain":0,"cards_transformed":["Strike_R"],"player_choice":"Transformed","damage_taken":0,"max_hp_gain":0,"max_hp_loss":0,"event_name":"Transmorgrifier","floor":21,"gold_loss":0,"cards_obtained":["Berserk"]},{"damage_healed":0,"gold_gain":0,"player_choice":"Became a vampire","damage_taken":0,"max_hp_gain":0,"max_hp_loss":24,"event_name":"Vampires","floor":27,"gold_loss":0,"cards_obtained":["Bite","Bite","Bite","Bite","Bite"]},{"damage_healed":0,"gold_gain":0,"player_choice":"Fight","damage_taken":0,"max_hp_gain":0,"max_hp_loss":0,"event_name":"Mysterious Sphere","floor":36,"gold_loss":0},{"damage_healed":0,"gold_gain":0,"player_choice":"Memory 1","damage_taken":0,"max_hp_gain":0,"max_hp_loss":0,"event_name":"SensoryStone","floor":37,"gold_loss":0},{"cards_removed":["Bite"],"damage_healed":0,"gold_gain":0,"player_choice":"Removed Attack","damage_taken":0,"max_hp_gain":0,"max_hp_loss":0,"event_name":"Falling","floor":38,"gold_loss":0}],"is_beta":false,"boss_relics":[{"not_picked":["Runic Pyramid","Runic Dome"],"picked":"Astrolabe"},{"not_picked":["SacredBark","Black Star"],"picked":"Busted Crown"}],"items_purged_floors":[13,45],"is_endless":false,"potions_floor_spawned":[4,5,10,14,16,18,20,22,24,28,30,33,35,36,39,41,46,47,48],"ascension_level":4}}