{"host":"wbn3xdfsa5pc2kse","time":1613382561,"event":{"mods":["AchievementEnabler","BaseMod","Bestiary","Colored Map","Colored Powertips","Curses Come First","Highlight Path","Minty Spire (QoL Compilation)","Permanent Neow","Rare Cards Sparkle","Relic Stats","StSLib"],"gold_per_floor":[112,69,144,12,162,188,207,230,230,245,270,270,300,311,311,383,383,399,386,386,42,42,42,55,55,104,138,153,99,99,99,99],"floor_reached":31,"language":"ZHT","playtime":853,"items_purged":["Strike_R","Doubt"],"score":533,"play_id":"1f9d34a1-bf39-414e-86aa-e47bfa7f608e","local_time":"20210215174921","is_ascension_mode":true,"campfire_choices":[{"data":"Rupture","floor":12.0,"key":"SMITH"},{"data":"Disarm","floor":15.0,"key":"SMITH"},{"floor":23.0,"key":"REST"},{"data":"Corruption","floor":25.0,"key":"SMITH"},{"data":"Armaments","floor":30,"key":"SMITH"}],"circlet_count":0,"master_deck":["AscendersBane","Strike_R","Strike_R","Strike_R","Defend_R","Defend_R","Defend_R","Bash","Rupture+1","Bloodletting","Clothesline","Spot Weakness","Heavy Blade","Feel No Pain","Armaments+1","Disarm","Disarm+1","Corruption+1","True Grit+1","Feel No Pain","Flame Barrier","Searing Blow","Battle Trance","Shrug It Off","Combust","Shrug It Off"],"relics":["Burning Blood","NeowsBlessing","Kunai","Odd Mushroom","Bag of Marbles","Bottled Flame","Question Card","Sozu","Lantern","Tiny Chest","White Beast Statue"],"acts_visited":["Exordium","TheCity"],"potions_floor_usage":[],"damage_taken":[{"damage":0.0,"enemies":"Jaw Worm","floor":1.0,"turns":1.0},{"damage":0.0,"enemies":"Lagavulin","floor":6.0,"turns":2.0},{"damage":3.0,"enemies":"Small Slimes","floor":7.0,"turns":2.0},{"damage":34.0,"enemies":"The Mushroom Lair","floor":8.0,"turns":6.0},{"damage":0.0,"enemies":"2 Louse","floor":10.0,"turns":2.0},{"damage":28.0,"enemies":"Gremlin Nob","floor":11.0,"turns":4.0},{"damage":19.0,"enemies":"3 Sentries","floor":13.0,"turns":8.0},{"damage":11.0,"enemies":"Exordium Thugs","floor":14.0,"turns":5.0},{"damage":6.0,"enemies":"Hexaghost","floor":16.0,"turns":9.0},{"damage":28.0,"enemies":"Shell Parasite","floor":18.0,"turns":7.0},{"damage":29.0,"enemies":"2 Thieves","floor":19.0,"turns":4.0},{"damage":6.0,"enemies":"Snecko","floor":24.0,"turns":7.0},{"damage":9.0,"enemies":"Book of Stabbing","floor":27.0,"turns":6.0},{"damage":17.0,"enemies":"Sentry and Sphere","floor":28.0,"turns":6.0},{"damage":19,"enemies":"3 Cultists","floor":31,"turns":3}],"seed_played":"-6771788486329210559","potions_obtained":[{"floor":6.0,"key":"PowerPotion"},{"floor":11.0,"key":"LiquidMemories"},{"floor":13.0,"key":"SpeedPotion"}],"is_trial":false,"path_per_floor":["M","$","?","$","?","E","M","?","T","M","E","R","E","M","R","B",null,"M","M","?","$","?","R","M","R","T","E","M","$","R","M"],"character_chosen":"IRONCLAD","items_purchased":["Bloodletting","PowerPotion","Lantern","Feel No Pain","Shrug It Off"],"campfire_rested":1,"item_purchase_floors":[2,4,21,21,29],"current_hp_per_floor":[74,74,63,63,63,69,72,44,44,50,28,28,15,10,10,10,59,37,14,5,5,5,27,27,27,27,24,13,13,13,0,0],"gold":99,"neow_bonus":"THREE_ENEMY_KILL","is_daily":false,"chose_seed":false,"campfire_upgraded":4,"win_rate":0.0,"timestamp":1613382561,"path_taken":["M","$","?","$","?","E","M","?","T","M","E","R","E","?","R","BOSS","M","M","?","$","?","R","M","R","T","E","M","?","R","M"],"items_purchased_type":["Card","Potion","Relic","Card","Card"],"build_version":"2020-12-22","purchased_purges":2,"victory":false,"max_hp_per_floor":[75,75,75,75,75,75,75,75,75,75,75,75,75,75,75,75,75,75,75,75,75,75,75,75,75,75,75,75,75,75,75,75],"relic_stats":{"Sozu":2,"counters":[15,72],"Tiny Chest":0,"Kunai":[5],"Question Card":7,"obtain_stats":[{"Sozu":17,"Bottled Flame":11,"Lantern":21,"NeowsBlessing":0,"Tiny Chest":26,"Bag of Marbles":9,"Kunai":6,"Odd Mushroom":8,"Question Card":13,"Burning Blood":0,"White Beast Statue":27},{"Sozu":9,"Bottled Flame":6,"Lantern":11,"NeowsBlessing":0,"Tiny Chest":12,"Bag of Marbles":4,"Kunai":2,"Odd Mushroom":4,"Question Card":7,"Burning Blood":0,"White Beast Statue":13},{"Sozu":39,"Bottled Flame":17,"Lantern":50,"NeowsBlessing":0,"Tiny Chest":57,"Bag of Marbles":11,"Kunai":3,"Odd Mushroom":11,"Question Card":25,"Burning Blood":0,"White Beast Statue":63}],"Burning Blood":84},"card_choices":[{"not_picked":["Perfected Strike","Wild Strike"],"picked":"Rupture","floor":1.0},{"not_picked":["Heavy Blade","Fire Breathing"],"picked":"Clothesline","floor":6.0},{"not_picked":["Rupture","Warcry"],"picked":"Spot Weakness","floor":7.0},{"not_picked":["Body Slam","Bloodletting"],"picked":"Heavy Blade","floor":8.0},{"not_picked":["Havoc","Warcry"],"picked":"Feel No Pain","floor":10.0},{"not_picked":["Cleave","Heavy Blade"],"picked":"Armaments","floor":11.0},{"not_picked":["Heavy Blade","Uppercut"],"picked":"Disarm","floor":13.0},{"not_picked":["Body Slam","Thunderclap","Power Through"],"picked":"Disarm","floor":14.0},{"not_picked":["Berserk","Bludgeon","Juggernaut"],"picked":"Corruption","floor":16.0},{"not_picked":["Warcry","Flex","Burning Pact"],"picked":"True Grit+1","floor":18.0},{"not_picked":["Blood for Blood","Iron Wave","Perfected Strike","Body Slam"],"picked":"SKIP","floor":19.0},{"not_picked":["Shockwave","Twin Strike","Heavy Blade"],"picked":"Battle Trance","floor":24.0},{"not_picked":["Clash","Reaper","Thunderclap"],"picked":"Shrug It Off","floor":27.0},{"not_picked":["Twin Strike","Dual Wield","Carnage"],"picked":"Combust","floor":28.0}],"player_experience":818116,"relics_obtained":[{"floor":6.0,"key":"Kunai"},{"floor":8.0,"key":"Odd Mushroom"},{"floor":9.0,"key":"Bag of Marbles"},{"floor":11.0,"key":"Bottled Flame"},{"floor":13.0,"key":"Question Card"},{"floor":26.0,"key":"Tiny Chest"},{"floor":27.0,"key":"White Beast Statue"}],"event_choices":[{"damage_healed":0.0,"max_hp_gain":0.0,"max_hp_loss":0.0,"gold_gain":75.0,"event_name":"World of Goop","player_choice":"Gather Gold","floor":3.0,"gold_loss":0.0,"damage_taken":11.0},{"damage_healed":0.0,"max_hp_gain":0.0,"max_hp_loss":0.0,"gold_gain":150.0,"event_name":"Liars Game","player_choice":"AGREE","floor":5.0,"gold_loss":0.0,"damage_taken":0.0,"cards_obtained":["Doubt"]},{"damage_healed":0.0,"max_hp_gain":0.0,"max_hp_loss":0.0,"gold_gain":0.0,"event_name":"Mushrooms","player_choice":"Fought Mushrooms","floor":8.0,"gold_loss":0.0,"damage_taken":0.0},{"damage_healed":0.0,"max_hp_gain":0.0,"max_hp_loss":0.0,"gold_gain":0.0,"event_name":"Cursed Tome","player_choice":"Stopped","floor":20.0,"gold_loss":0.0,"damage_taken":9.0},{"damage_healed":0.0,"max_hp_gain":0.0,"max_hp_loss":0.0,"gold_gain":0.0,"cards_transformed":["Strike_R","Defend_R"],"event_name":"Drug Dealer","player_choice":"Became Test Subject","floor":22.0,"gold_loss":0.0,"damage_taken":0.0,"cards_obtained":["Flame Barrier","Searing Blow"]}],"is_beta":false,"boss_relics":[{"not_picked":["SacredBark","Runic Pyramid"],"picked":"Sozu"}],"items_purged_floors":[4,21],"is_endless":false,"potions_floor_spawned":[6,7,11,13,24,28],"killed_by":"3 Cultists","ascension_level":16}}