{"host":"wshh0nphwn6jv7vj","time":1613370328,"event":{"mods":["BaseMod","Bestiary","Minty Spire (QoL Compilation)","Relic Stats"],"gold_per_floor":[111,111,72,88,163,163,193,193,218,234,248,274,288,302,302,405,405,423,423,436,38,57,84,84,99,125,125,125,152,164,196,208,320,332,361,373,22,32,50,84,99,99,99,147,174,174,185,204,204,204,204,204,15,48,48],"floor_reached":56,"language":"ENG","playtime":7639,"items_purged":["Strike_B","Strike_B+1"],"score":1384,"play_id":"8c763485-4e43-4a73-9a1a-0938713d0924","local_time":"20210215012528","is_ascension_mode":false,"campfire_choices":[{"data":"Defragment","floor":6,"key":"SMITH"},{"data":"Defragment","floor":8,"key":"SMITH"},{"data":"Go for the Eyes","floor":15,"key":"SMITH"},{"data":"Dualcast","floor":24,"key":"SMITH"},{"floor":27,"key":"REST"},{"data":"Coolheaded","floor":30,"key":"SMITH"},{"data":"Defragment","floor":32,"key":"SMITH"},{"floor":42,"key":"RECALL"},{"data":"Aggregate","floor":46,"key":"SMITH"},{"data":"1","floor":49,"key":"LIFT"},{"data":"Aggregate","floor":52,"key":"SMITH"}],"circlet_count":0,"master_deck":["Defend_B+1","Defend_B+1","Defend_B+1","Defend_B+1","Dualcast+1","Genetic Algorithm","Defragment+1","Doom and Gloom+1","Coolheaded+1","Defragment+1","Go for the Eyes+1","Ball Lightning+1","Melter","Leap","Compile Driver","Echo Form","Sweeping Beam","Echo Form","Aggregate+1","White Noise","Hello World+1","Defragment+1","Defragment+1","Coolheaded+1","Fission+1","BootSequence","Capacitor","Hologram+1","Aggregate+1","Redo+1","Sweeping Beam+1","Hologram+1","Thunder Strike","Turbo+1","Tempest+1","Tempest+1","Loop+1"],"relics":["FrozenCore","NeowsBlessing","Akabeko","Regal Pillow","Potion Belt","Runic Capacitor","Matryoshka","Blood Vial","Whetstone","MawBank","Empty Cage","Membership Card","Mummified Hand","Bronze Scales","Blue Candle","Girya","Toxic Egg 2","Pantograph","Toy Ornithopter"],"acts_visited":["Exordium","TheCity","TheBeyond","TheEnding"],"potions_floor_usage":[12,14,23,23,23,33,48,55,55,55],"damage_taken":[{"damage":0,"enemies":"2 Louse","floor":1,"turns":1},{"damage":0,"enemies":"Small Slimes","floor":4,"turns":1},{"damage":0,"enemies":"Lagavulin","floor":7,"turns":2},{"damage":3,"enemies":"Cultist","floor":10,"turns":3},{"damage":0,"enemies":"3 Louse","floor":11,"turns":2},{"damage":14,"enemies":"3 Sentries","floor":12,"turns":4},{"damage":1,"enemies":"Blue Slaver","floor":13,"turns":4},{"damage":10,"enemies":"Exordium Thugs","floor":14,"turns":4},{"damage":0,"enemies":"The Guardian","floor":16,"turns":10},{"damage":0,"enemies":"Spheric Guardian","floor":18,"turns":2},{"damage":12,"enemies":"Chosen","floor":20,"turns":6},{"damage":15,"enemies":"Centurion and Healer","floor":22,"turns":6},{"damage":28,"enemies":"Slavers","floor":23,"turns":8},{"damage":12,"enemies":"Shelled Parasite and Fungi","floor":25,"turns":5},{"damage":10,"enemies":"Book of Stabbing","floor":29,"turns":5},{"damage":0,"enemies":"Sentry and Sphere","floor":31,"turns":3},{"damage":14,"enemies":"Champ","floor":33,"turns":8},{"damage":7,"enemies":"3 Shapes","floor":35,"turns":6},{"damage":0,"enemies":"Orb Walker","floor":38,"turns":6},{"damage":0,"enemies":"Maw","floor":39,"turns":7},{"damage":0,"enemies":"Giant Head","floor":40,"turns":7},{"damage":4,"enemies":"4 Shapes","floor":41,"turns":6},{"damage":10,"enemies":"2 Orb Walkers","floor":44,"turns":5},{"damage":8,"enemies":"Reptomancer","floor":45,"turns":6},{"damage":3,"enemies":"Jaw Worm Horde","floor":47,"turns":5},{"damage":8,"enemies":"Transient","floor":48,"turns":5},{"damage":30,"enemies":"Awakened One","floor":50,"turns":8},{"damage":0,"enemies":"Shield and Spear","floor":54,"turns":4},{"damage":16,"enemies":"The Heart","floor":55,"turns":6}],"seed_played":"-5445714448454675400","potions_obtained":[{"floor":4,"key":"SteroidPotion"},{"floor":10,"key":"Fire Potion"},{"floor":12,"key":"Swift Potion"},{"floor":14,"key":"Strength Potion"},{"floor":22,"key":"Regen Potion"},{"floor":23,"key":"EssenceOfDarkness"},{"floor":29,"key":"FearPotion"},{"floor":35,"key":"ColorlessPotion"},{"floor":38,"key":"Energy Potion"},{"floor":41,"key":"Energy Potion"}],"is_trial":false,"path_per_floor":["M","?","$","M","?","R","E","R","T","M","M","E","M","M","R","B",null,"M","?","M","$","M","E","R","M","T","R","?","E","R","M","R","B",null,"M","?","$","M","M","E","M","R","T","?","E","R","M","M","R","B",null,"R","$","E","B",null],"character_chosen":"DEFECT","items_purchased":["Doom and Gloom","Runic Capacitor","White Noise","Energy Potion","PowerPotion","Membership Card","Mummified Hand","Capacitor","Pantograph","Block Potion","Tempest+1"],"campfire_rested":1,"item_purchase_floors":[3,21,21,21,21,37,37,37,53,53,53],"current_hp_per_floor":[75,75,75,75,64,64,64,64,64,61,61,47,46,36,36,36,75,75,75,63,63,48,35,35,23,23,60,60,52,52,54,54,42,75,68,68,68,70,72,74,71,71,71,63,57,57,56,50,50,22,75,75,75,75,72],"gold":48,"neow_bonus":"THREE_ENEMY_KILL","is_daily":false,"chose_seed":false,"campfire_upgraded":8,"win_rate":0.0,"timestamp":1613370328,"path_taken":["M","?","$","M","?","R","E","R","T","M","M","E","M","M","R","BOSS","M","?","M","$","?","E","R","M","T","R","?","E","R","M","R","BOSS","M","?","?","M","M","E","M","R","T","?","E","R","?","M","R","BOSS","R","$","E","BOSS"],"items_purchased_type":["Card","Relic","Card","Potion","Potion","Relic","Relic","Card","Relic","Potion","Card"],"build_version":"2020-12-22","purchased_purges":2,"victory":true,"max_hp_per_floor":[75,75,75,75,75,75,75,75,75,75,75,75,75,75,75,75,75,75,75,75,75,75,75,75,75,75,75,75,75,75,75,75,75,75,75,75,75,75,75,75,75,75,75,75,75,75,75,75,75,75,75,75,75,75,75],"relic_stats":{"Blood Vial":23,"Regal Pillow":15,"counters":[29,144],"Mummified Hand":[127],"Bronze Scales":[225],"Blue Candle":[0],"Pantograph":0,"Whetstone":["Doom and Gloom","Ball Lightning"],"MawBank":96,"obtain_stats":[{"Potion Belt":12,"Girya":44,"Regal Pillow":9,"NeowsBlessing":0,"Blue Candle":43,"Runic Capacitor":21,"Whetstone":26,"MawBank":29,"Empty Cage":34,"Akabeko":7,"FrozenCore":17,"Blood Vial":26,"Matryoshka":23,"Mummified Hand":37,"Bronze Scales":40,"Pantograph":53,"Membership Card":37,"Toxic Egg 2":45,"Cracked Core":0,"Toy Ornithopter":54},{"Potion Belt":6,"Girya":23,"Regal Pillow":3,"NeowsBlessing":0,"Blue Candle":22,"Runic Capacitor":11,"Whetstone":14,"MawBank":15,"Empty Cage":17,"Akabeko":3,"FrozenCore":9,"Blood Vial":14,"Matryoshka":13,"Mummified Hand":18,"Bronze Scales":21,"Pantograph":27,"Membership Card":18,"Toxic Egg 2":24,"Cracked Core":0,"Toy Ornithopter":28},{"Potion Belt":13,"Girya":111,"Regal Pillow":4,"NeowsBlessing":0,"Blue Candle":106,"Runic Capacitor":39,"Whetstone":58,"MawBank":63,"Empty Cage":74,"Akabeko":4,"FrozenCore":31,"Blood Vial":58,"Matryoshka":53,"Mummified Hand":80,"Bronze Scales":100,"Pantograph":135,"Membership Card":80,"Toxic Egg 2":117,"Cracked Core":0,"Toy Ornithopter":139}],"Toy Ornithopter":13,"FrozenCore":[78]},"card_choices":[{"not_picked":["Rebound","Lockon"],"picked":"Genetic Algorithm","floor":1},{"not_picked":["Barrage","Auto Shields"],"picked":"Coolheaded","floor":4},{"not_picked":["Thunder Strike","Leap"],"picked":"Defragment","floor":7},{"not_picked":["Leap","Stack"],"picked":"Go for the Eyes","floor":10},{"not_picked":["Scrape","Genetic Algorithm"],"picked":"Ball Lightning","floor":11},{"not_picked":["Streamline","Thunder Strike"],"picked":"Melter","floor":12},{"not_picked":["Auto Shields","Redo"],"picked":"Leap","floor":13},{"not_picked":["Cold Snap","Consume"],"picked":"Compile Driver","floor":14},{"not_picked":["Machine Learning","Meteor Strike"],"picked":"Echo Form","floor":16},{"not_picked":["Hello World+1","Ball Lightning"],"picked":"Sweeping Beam","floor":18},{"not_picked":["Melter","Conserve Battery"],"picked":"Aggregate","floor":20},{"not_picked":["Steam","Beam Cell+1"],"picked":"Hello World+1","floor":22},{"not_picked":["Buffer","Double Energy"],"picked":"Defragment+1","floor":23},{"not_picked":["Cold Snap+1","Streamline","Beam Cell"],"picked":"SKIP","floor":25},{"not_picked":["Compile Driver","Ball Lightning+1"],"picked":"Defragment","floor":29},{"not_picked":["Double Energy","Redo"],"picked":"Coolheaded+1","floor":31},{"not_picked":["Rainbow","Hyperbeam"],"picked":"Fission","floor":33},{"not_picked":["Leap","White Noise"],"picked":"BootSequence","floor":35},{"not_picked":["Cold Snap+1","Fusion"],"picked":"Hologram+1","floor":38},{"not_picked":["Cold Snap+1","Steam Power+1"],"picked":"Aggregate","floor":39},{"not_picked":["Lockon+1","Rip and Tear+1"],"picked":"Redo+1","floor":40},{"not_picked":["Conserve Battery","Reprogram+1"],"picked":"Sweeping Beam+1","floor":41},{"not_picked":["Streamline","Storm+1"],"picked":"Hologram+1","floor":44},{"not_picked":["Beam Cell+1","Hyperbeam"],"picked":"Thunder Strike","floor":45},{"not_picked":["Leap+1","Reinforced Body+1"],"picked":"Turbo+1","floor":47},{"not_picked":["Hello World","Steam+1"],"picked":"Tempest+1","floor":48},{"not_picked":["BootSequence+1","Heatsinks"],"picked":"Loop+1","floor":54}],"player_experience":1649178,"relics_obtained":[{"floor":7,"key":"Akabeko"},{"floor":9,"key":"Regal Pillow"},{"floor":12,"key":"Potion Belt"},{"floor":23,"key":"Matryoshka"},{"floor":26,"key":"Blood Vial"},{"floor":26,"key":"Whetstone"},{"floor":29,"key":"MawBank"},{"floor":40,"key":"Bronze Scales"},{"floor":43,"key":"Blue Candle"},{"floor":44,"key":"Girya"},{"floor":45,"key":"Toxic Egg 2"},{"floor":54,"key":"Toy Ornithopter"}],"event_choices":[{"damage_healed":0,"gold_gain":0,"cards_transformed":["Strike_B"],"player_choice":"Change","damage_taken":0,"max_hp_gain":0,"max_hp_loss":0,"event_name":"Living Wall","floor":2,"gold_loss":0,"cards_obtained":["Defragment"]},{"damage_healed":0,"gold_gain":75,"player_choice":"Gather Gold","damage_taken":11,"max_hp_gain":0,"max_hp_loss":0,"event_name":"World of Goop","floor":5,"gold_loss":0},{"damage_healed":0,"gold_gain":0,"player_choice":"Copied","damage_taken":0,"max_hp_gain":0,"max_hp_loss":0,"event_name":"Duplicator","floor":19,"gold_loss":0,"cards_obtained":["Echo Form"]},{"damage_healed":0,"gold_gain":0,"player_choice":"Simplicity","damage_taken":0,"max_hp_gain":0,"max_hp_loss":0,"event_name":"Back to Basics","floor":28,"gold_loss":0,"cards_upgraded":["Strike_B","Strike_B","Defend_B","Defend_B","Defend_B","Defend_B"]},{"damage_healed":0,"gold_gain":0,"player_choice":"Upgraded","damage_taken":0,"max_hp_gain":0,"max_hp_loss":0,"event_name":"Upgrade Shrine","floor":36,"gold_loss":0,"cards_upgraded":["Fission"]},{"damage_healed":0,"gold_gain":0,"player_choice":"Fight","damage_taken":0,"max_hp_gain":0,"max_hp_loss":0,"event_name":"Mysterious Sphere","floor":44,"gold_loss":0}],"is_beta":false,"boss_relics":[{"not_picked":["Astrolabe","Pandora\u0027s Box"],"picked":"FrozenCore"},{"not_picked":["Black Star","Runic Pyramid"],"picked":"Empty Cage"}],"items_purged_floors":[21,37],"is_endless":false,"potions_floor_spawned":[4,10,12,14,22,23,29,35,38,41],"ascension_level":0}}