{"host":"gaqyve1328ta0etl","time":1613389731,"event":{"mods":["BaseMod","Colored Map","Colored Powertips","Duelist Mod","Googly Eyes","Hero for Fun","Minty Spire (QoL Compilation)","Shop Mod","StSLib","SuperFastMode","The Hierophant","The Runesmith"],"gold_per_floor":[143,143,43,59,9,39,39,66,66,94,112,122,122,22,22,126,126,142,29,47,47,60,60,89,100,125,141,160,75,75,89,89,192,192,202,252,252,127,143,143,168,168,191,41,57,74,74,84,84,84],"floor_reached":51,"language":"ENG","playtime":1263,"items_purged":["theDuelist:Sparks","theDuelist:CastleWalls","theDuelist:LesserDragon","theDuelist:LesserDragon"],"score":974,"play_id":"4cfc54fc-9195-4855-b6e1-971186b1db60","local_time":"20210215034851","is_ascension_mode":true,"campfire_choices":[{"data":"theDuelist:ForbiddenLance","floor":7,"key":"SMITH"},{"data":"theDuelist:ForbiddenLance+1","floor":13,"key":"SMITH"},{"data":"theDuelist:ForbiddenLance+2","floor":15,"key":"SMITH"},{"data":"theDuelist:ForbiddenLance+3","floor":23,"key":"SMITH"},{"floor":32,"key":"REST"},{"floor":40,"key":"REST"},{"floor":42,"key":"REST"},{"floor":49,"key":"REST"}],"circlet_count":0,"master_deck":["theDuelist:BabyDragon","theDuelist:CaveDragon","theDuelist:CaveDragon","theDuelist:YamataDragon","theDuelist:ForbiddenLance+4","theDuelist:CyberDinosaur","theDuelist:Freezadon","theDuelist:TwinHeadedFire","theDuelist:GenesisDragon","theDuelist:SeismicShockwave","theDuelist:DragonRavine","theDuelist:GravityLash","theDuelist:MetalDragon","theDuelist:DarkstormDragon","theDuelist:Scapegoat","theDuelist:Kabazauls+1","theDuelist:MaskedDragon+1","theDuelist:Raigeki","theDuelist:CyberDragonSieger","theDuelist:TrihornedDragon","theDuelist:WaterDragon+1","theDuelist:WingedDragonRa","theDuelist:ChimeratechOverdragon+1","theDuelist:DarkstormDragon","theDuelist:BurstBreath+1","theDuelist:ArmageddonDragonEmp","theDuelist:Duoterion"],"relics":["theDuelist:MillenniumPuzzle","theDuelist:CardPoolRelic","theDuelist:CardPoolBasicRelic","theDuelist:BoosterPackPoolRelic","theDuelist:CardPoolAddRelic","theDuelist:CardPoolMinusRelic","theDuelist:CardPoolSaveRelic","theDuelist:CardPoolOptionsRelic","NeowsBlessing","theDuelist:CursedHealer","HornCleat","Omamori","Ornamental Fan","Vajra","Busted Crown","Strawberry","Runesmith:AutoHammer","theDuelist:BoosterBetterBoostersRelic","Sozu","Mango","theDuelist:SummonAnchor","Boot","Snake Skull"],"acts_visited":["Exordium","TheCity","TheBeyond"],"potions_floor_usage":[16,24,50,50],"damage_taken":[{"damage":0,"enemies":"2 Louse","floor":1,"turns":1},{"damage":0,"enemies":"Jaw Worm","floor":4,"turns":1},{"damage":0,"enemies":"3 Sentries","floor":6,"turns":1},{"damage":0,"enemies":"Lagavulin","floor":8,"turns":2},{"damage":0,"enemies":"Gremlin Nob","floor":10,"turns":1},{"damage":0,"enemies":"Cultist","floor":11,"turns":2},{"damage":0,"enemies":"Looter","floor":12,"turns":2},{"damage":6,"enemies":"Slime Boss","floor":16,"turns":5},{"damage":0,"enemies":"Chosen","floor":18,"turns":1},{"damage":4,"enemies":"2 Thieves","floor":20,"turns":2},{"damage":13,"enemies":"Snake Plant","floor":22,"turns":2},{"damage":48,"enemies":"Slavers","floor":24,"turns":7},{"damage":8,"enemies":"Centurion and Healer","floor":25,"turns":2},{"damage":0,"enemies":"3 Cultists","floor":27,"turns":4},{"damage":12,"enemies":"Snake Plant","floor":28,"turns":2},{"damage":0,"enemies":"Sentry and Sphere","floor":31,"turns":3},{"damage":0,"enemies":"Collector","floor":33,"turns":7},{"damage":0,"enemies":"Orb Walker","floor":35,"turns":1},{"damage":36,"enemies":"Mind Bloom Boss Battle","floor":36,"turns":5},{"damage":18,"enemies":"3 Shapes","floor":39,"turns":4},{"damage":33,"enemies":"Nemesis","floor":41,"turns":5},{"damage":1,"enemies":"Maw","floor":45,"turns":5},{"damage":18,"enemies":"Writhing Mass","floor":46,"turns":4},{"damage":29,"enemies":"Jaw Worm Horde","floor":48,"turns":4},{"damage":20,"enemies":"Donu and Deca","floor":50,"turns":7}],"seed_played":"6805924490244795655","potions_obtained":[{"floor":1,"key":"Ancient Potion"},{"floor":6,"key":"theDuelist:OrbBottle"},{"floor":10,"key":"SpeedPotion"},{"floor":16,"key":"theDuelist:SummonFuryPotion"},{"floor":18,"key":"theDuelist:DragonfirePotion"},{"floor":20,"key":"Block Potion"},{"floor":24,"key":"theDuelist:OrbBottle"}],"is_trial":false,"path_per_floor":["M","?","$","M","?","E","R","E","T","E","M","M","R","$","R","B",null,"M","$","M","?","M","R","E","M","T","M","M","?","?","M","R","B",null,"M","?","?","$","M","R","E","R","T","$","M","M","?","M","R","B",null],"character_chosen":"THE_DUELIST","items_purchased":["theDuelist:CyberDinosaur","theDuelist:MetalDragon","theDuelist:DarkstormDragon"],"campfire_rested":4,"item_purchase_floors":[3,19,19],"current_hp_per_floor":[80,80,80,80,80,80,80,80,80,80,80,80,80,80,80,74,80,80,80,76,76,63,63,22,14,14,14,2,2,2,2,28,28,87,87,65,59,59,41,71,38,68,68,68,67,49,49,20,50,30],"gold":84,"neow_bonus":"THREE_ENEMY_KILL","is_daily":false,"chose_seed":false,"campfire_upgraded":4,"win_rate":0.0,"timestamp":1613389731,"path_taken":["M","?","$","M","?","E","R","E","T","E","M","M","R","$","R","BOSS","M","$","M","?","M","R","E","M","T","M","?","?","?","M","R","BOSS","M","?","?","$","M","R","E","R","T","$","M","M","?","?","R","BOSS"],"items_purchased_type":["Card","Card","Card"],"build_version":"2020-12-22","purchased_purges":4,"victory":true,"max_hp_per_floor":[80,80,80,80,80,80,80,80,80,80,80,80,80,80,80,80,80,80,80,80,80,80,80,87,87,87,87,87,87,87,87,87,87,87,87,101,101,101,101,101,101,101,101,101,101,101,101,101,101,101],"card_choices":[{"not_picked":["theDuelist:BattleguardKing","theDuelist:BigFire","theDuelist:RainbowOverdragon","theDuelist:SmashingGround"],"picked":"theDuelist:ForbiddenLance","floor":1},{"not_picked":["theDuelist:BattleguardKing","theDuelist:BigFire","theDuelist:Hinotama","theDuelist:RainbowOverdragon","theDuelist:ForbiddenLance"],"picked":"SKIP","floor":4},{"not_picked":["theDuelist:BlackBrutdrago","theDuelist:SafeZone","theDuelist:DarkHorus","theDuelist:ThunderDragon"],"picked":"theDuelist:Freezadon","floor":6},{"not_picked":["theDuelist:ViceDragon","theDuelist:AquaDolphin","theDuelist:Earthquake","theDuelist:CyberDragonDrei"],"picked":"theDuelist:TwinHeadedFire","floor":8},{"not_picked":["theDuelist:BeserkDragon","theDuelist:WhiteNightDragon","theDuelist:RedEyesZombie","theDuelist:DoomkaiserDragon"],"picked":"theDuelist:GenesisDragon","floor":10},{"not_picked":["theDuelist:DefensiveTactics","theDuelist:JurassicImpact","theDuelist:BackupSoldier","theDuelist:SurvivalFittest"],"picked":"theDuelist:SeismicShockwave","floor":11},{"not_picked":["theDuelist:WhiteHowling","theDuelist:GalaxySoldier","theDuelist:CyberLaserDragon"],"picked":"theDuelist:DragonRavine","floor":12},{"not_picked":["theDuelist:TailSwipe","theDuelist:GaiaDragonChamp","theDuelist:FiveHeaded","theDuelist:BerserkScales"],"picked":"theDuelist:GravityLash","floor":16},{"not_picked":["theDuelist:BlackBrachios","theDuelist:LeviaDragon","theDuelist:InfernityDoomDragon"],"picked":"SKIP","floor":18},{"not_picked":["theDuelist:StampingDestruction","theDuelist:SoulCharge"],"picked":"theDuelist:Scapegoat","floor":20},{"not_picked":["theDuelist:Earthquake","theDuelist:CyberDinosaur"],"picked":"theDuelist:Kabazauls+1","floor":22},{"not_picked":["theDuelist:CloudianGhost+1","theDuelist:BackgroundDragon+1"],"picked":"theDuelist:MaskedDragon+1","floor":24},{"not_picked":["theDuelist:RainbowOverdragon","theDuelist:SmashingGround"],"picked":"theDuelist:Raigeki","floor":25},{"not_picked":["theDuelist:Vandalgyon","theDuelist:DragonRavine","theDuelist:Berserking"],"picked":"theDuelist:CyberDragonSieger","floor":27},{"not_picked":["theDuelist:CurseDragon","theDuelist:BlizzardDragon"],"picked":"theDuelist:TrihornedDragon","floor":28},{"not_picked":["theDuelist:DefensiveTactics+1","theDuelist:ArmedProtectorDragon"],"picked":"theDuelist:WaterDragon+1","floor":31},{"not_picked":["theDuelist:SeismicShockwave+1","theDuelist:BSkullDragon"],"picked":"theDuelist:WingedDragonRa","floor":33},{"not_picked":["theDuelist:Destroyersaurus+1","theDuelist:LeviaDragon"],"picked":"theDuelist:ChimeratechOverdragon+1","floor":35},{"not_picked":["theDuelist:Freezadon+1","theDuelist:MaskedDragon+1"],"picked":"theDuelist:DarkstormDragon","floor":36},{"not_picked":["theDuelist:CyberDinosaur","theDuelist:ThunderDragon+1"],"picked":"theDuelist:BurstBreath+1","floor":39},{"not_picked":["theDuelist:SuperancientDinobeast+1","theDuelist:MoltenDestruction+1","theDuelist:QueenDragunDjinn"],"picked":"SKIP","floor":41},{"not_picked":["theDuelist:BlackStego+1","theDuelist:StarlightRoad","theDuelist:ThreateningRoar+1"],"picked":"SKIP","floor":45},{"not_picked":["theDuelist:VoidOgreDragon+1","theDuelist:DoomkaiserDragon"],"picked":"theDuelist:ArmageddonDragonEmp","floor":46},{"not_picked":["theDuelist:BlackTyranno+1","theDuelist:BlackStego"],"picked":"theDuelist:Duoterion","floor":48}],"player_experience":2200334,"relics_obtained":[{"floor":6,"key":"HornCleat"},{"floor":8,"key":"Omamori"},{"floor":9,"key":"Ornamental Fan"},{"floor":10,"key":"Vajra"},{"floor":24,"key":"Strawberry"},{"floor":26,"key":"Runesmith:AutoHammer"},{"floor":36,"key":"Mango"},{"floor":41,"key":"Boot"},{"floor":43,"key":"Snake Skull"}],"event_choices":[{"damage_healed":0,"gold_gain":0,"player_choice":"Succumb - +25HP/Cursed Relic","duelist":true,"damage_taken":0,"max_hp_gain":0,"max_hp_loss":0,"event_name":"Tomb of the Nameless","floor":2,"gold_loss":0},{"cards_removed":["theDuelist:Sparks"],"damage_healed":0,"gold_gain":0,"player_choice":"Card Removal","damage_taken":0,"max_hp_gain":0,"max_hp_loss":0,"event_name":"The Cleric","floor":5,"gold_loss":50},{"cards_removed":["theDuelist:CastleWalls"],"damage_healed":0,"gold_gain":0,"player_choice":"Purged","damage_taken":0,"max_hp_gain":0,"max_hp_loss":0,"event_name":"Purifier","floor":21,"gold_loss":0},{"damage_healed":0,"gold_gain":0,"player_choice":"Obtained Relic","damage_taken":0,"relics_obtained":["theDuelist:BoosterBetterBoostersRelic"],"max_hp_gain":0,"max_hp_loss":0,"event_name":"Addict","floor":29,"gold_loss":85},{"damage_healed":0,"gold_gain":0,"player_choice":"Leave","duelist":true,"damage_taken":0,"max_hp_gain":0,"max_hp_loss":0,"event_name":"Millennium Items","floor":30,"gold_loss":0},{"damage_healed":0,"gold_gain":0,"player_choice":"Fight","damage_taken":0,"max_hp_gain":0,"max_hp_loss":0,"event_name":"MindBloom","floor":36,"gold_loss":0},{"damage_healed":0,"gold_gain":0,"player_choice":"Dig - random Duelist relic","duelist":true,"damage_taken":0,"max_hp_gain":0,"max_hp_loss":0,"event_name":"Aknamkanon\u0027s Tomb","floor":37,"gold_loss":0},{"damage_healed":0,"gold_gain":0,"player_choice":"Leave","duelist":true,"damage_taken":0,"max_hp_gain":0,"max_hp_loss":0,"event_name":"Card Trader","floor":47,"gold_loss":0}],"is_beta":false,"boss_relics":[{"not_picked":["Snecko Eye","Fusion Hammer"],"picked":"Busted Crown"},{"not_picked":["Mark of Pain","Black Star"],"picked":"Sozu"}],"items_purged_floors":[3,14,38,44],"is_endless":false,"potions_floor_spawned":[1,6,10,16,18,20,24,25,27,35,39,41],"ascension_level":2}}