{"host":"jia7ll8nra240w6d","time":1613409611,"event":{"mods":["BaseMod","Downfall","Duelist Mod","GifTheSpireLib","Minty Spire (QoL Compilation)","Replay The Spire","StSLib","The Bug Knight","The Hierophant","The Servant 0.9.4"],"gold_per_floor":[115,115,125,125,125,125,138,138,138,168,183,199,217,229,229,331,331,349,368,397,397,415,415,415,415,439,439,449,466,481,534,534,629,629,646,868,868,887,899,899,929,929,929,929,929,139,190,190,190,212],"floor_reached":51,"language":"ZHS","playtime":4020,"items_purged":["Decay"],"score":679,"play_id":"bb3bca8e-cc2f-47c3-ba55-a0eaca1e2fbb","local_time":"20210216012011","is_ascension_mode":false,"campfire_choices":[{"data":"TheWorld","floor":6,"key":"SMITH"},{"floor":8,"key":"REST"},{"floor":15,"key":"REST"},{"data":"Exchange","floor":23,"key":"SMITH"},{"data":"FloweringNight","floor":25,"key":"SMITH"},{"floor":32,"key":"REST"},{"floor":40,"key":"REST"},{"floor":42,"key":"REST"},{"data":"WasteNot","floor":49,"key":"SMITH"}],"circlet_count":0,"master_deck":["Strike_S","Strike_S","Strike_S","Strike_S","Defend_S","Defend_S+1","Defend_S","Defend_S","Exchange+1","TheWorld+1","Potential","Gouge","TheWorld+1","ShatteredReality","WasteNot+1","Comet","Rearm","SpecialFormula+1","FastForward","FloweringNight+1","FastForward","TimeWarp+1","Potential+1","BottledTime+1","downfall:Bewildered","TimeWarp+1","Foresight","RealityMarble","PendulumOfEternity","Alleviate","Madness","Madness","Defy+1","InstantArmor","Alleviate","ReplayTheSpireMod:Splinters","Metamorphosis","PanicButton","Luminosity+1","Replace","Rearm+1"],"relics":["Uniform","Shuriken","MealTicket","Honey Jar","Red Mask","War Paint","sneckomod:BabySnecko","Lantern","SacredBark","Replay:Bandana","Iron Hammer","Blue Candle","Chemical X","Strawberry"],"acts_visited":["Exordium","TheCity","TheBeyond"],"potions_floor_usage":[10,16,16,16,19,33,35,38,41,47],"damage_taken":[{"damage":10,"enemies":"Small Slimes","floor":1,"turns":6},{"damage":1,"enemies":"Cultist","floor":3,"turns":5},{"damage":1,"enemies":"Jaw Worm","floor":7,"turns":3},{"damage":9,"enemies":"3 Sentries","floor":10,"turns":8},{"damage":4,"enemies":"2 Fungi Beasts","floor":11,"turns":3},{"damage":2,"enemies":"Blue Slaver","floor":12,"turns":3},{"damage":0,"enemies":"Large Slime","floor":13,"turns":4},{"damage":1,"enemies":"Exordium Wildlife","floor":14,"turns":3},{"damage":37,"enemies":"The Guardian","floor":16,"turns":8},{"damage":0,"enemies":"Chosen","floor":18,"turns":3},{"damage":5,"enemies":"3 Byrds","floor":19,"turns":2},{"damage":13,"enemies":"Masked Bandits","floor":20,"turns":5},{"damage":6,"enemies":"Shelled Parasite and Fungi","floor":22,"turns":3},{"damage":9,"enemies":"Snake Plant","floor":28,"turns":3},{"damage":0,"enemies":"Sentry and Sphere","floor":29,"turns":3},{"damage":25,"enemies":"Centurion and Healer","floor":30,"turns":4},{"damage":1,"enemies":"Champ","floor":33,"turns":6},{"damage":10,"enemies":"3 Darklings","floor":35,"turns":3},{"damage":7,"enemies":"Orb Walker","floor":38,"turns":5},{"damage":49,"enemies":"4 Shapes","floor":39,"turns":5},{"damage":9,"enemies":"Giant Head","floor":41,"turns":7},{"damage":0,"enemies":"Spire Growth","floor":47,"turns":3},{"damage":26,"enemies":"Time Eater","floor":50,"turns":6}],"seed_played":"3244503600338678788","potions_obtained":[{"floor":1,"key":"Swift Potion"},{"floor":10,"key":"Swift Potion"},{"floor":11,"key":"champ:CounterPotion"},{"floor":13,"key":"Fire Potion"},{"floor":18,"key":"Slimebound:ThreeZeroPotion"},{"floor":28,"key":"Elixir"},{"floor":30,"key":"Energy Potion"},{"floor":35,"key":"SkillPotion"},{"floor":39,"key":"PowerPotion"},{"floor":47,"key":"Elixir"}],"is_trial":false,"path_per_floor":["M","?","M","?","?","R","M","R","T","E","M","M","M","M","R","B",null,"M","M","?","?","M","R","?","R","T","?","M","M","M","T","R","B",null,"M","?","?","M","M","R","E","R","T","?","?","$","M","?","R","B",null],"character_chosen":"THE_SERVANT","items_purchased":["Chemical X","Metamorphosis","PanicButton","Strawberry","BlessingOfTheForge","Fire Potion","PowerPotion"],"campfire_rested":5,"item_purchase_floors":[46,46,46,46,46,46,46],"current_hp_per_floor":[55,55,54,59,59,59,58,70,70,61,57,55,55,54,70,33,70,70,70,62,62,61,61,61,61,61,61,60,68,51,51,70,69,70,68,68,59,60,19,40,39,60,60,55,55,77,77,77,77,51],"gold":212,"neow_bonus":"ONE_RANDOM_RARE_CARD","is_daily":false,"chose_seed":false,"campfire_upgraded":4,"win_rate":0.0,"timestamp":1613409611,"path_taken":["M","?","?","?","?","R","M","R","T","E","M","M","M","M","R","BOSS","M","M","?","?","M","R","?","R","T","?","M","M","M","?","R","BOSS","M","?","?","M","M","R","E","R","T","?","?","$","?","?","R","BOSS"],"items_purchased_type":["Relic","Card","Card","Relic","Potion","Potion","Potion"],"build_version":"2020-12-22","purchased_purges":1,"victory":true,"max_hp_per_floor":[65,65,65,70,70,70,70,70,70,70,70,70,70,70,70,70,70,70,70,70,70,70,70,70,70,70,70,70,70,70,70,70,70,70,70,70,70,70,70,70,70,70,70,70,70,77,77,77,77,77],"card_choices":[{"not_picked":["Unruled","Starlight"],"picked":"Potential","floor":1},{"not_picked":["Reset","Shuttle"],"picked":"Gouge","floor":3},{"not_picked":["Manipulate","Potential"],"picked":"ShatteredReality","floor":7},{"not_picked":["SurpressingFire","FastForward"],"picked":"WasteNot","floor":10},{"not_picked":["Luminosity","Spin"],"picked":"Comet","floor":11},{"not_picked":["Unruled","Read"],"picked":"Rearm","floor":12},{"not_picked":["Potential","Spin"],"picked":"SpecialFormula","floor":13},{"not_picked":["Unruled","Revamp"],"picked":"FastForward","floor":14},{"not_picked":["Dilation","LightFlow"],"picked":"FloweringNight","floor":16},{"not_picked":["DualDimension+1","Unruled+1","TimeWarp"],"picked":"FastForward","floor":18},{"not_picked":["GearUp","FanOfKnives","Spin+1"],"picked":"TimeWarp+1","floor":19},{"not_picked":["Duplication","Moondial+1","DoubleEdge"],"picked":"Potential+1","floor":20},{"not_picked":["Revamp","Defy","Shuttle"],"picked":"BottledTime+1","floor":22},{"not_picked":["Contraction+1","Dilation","Hightail"],"picked":"TimeWarp+1","floor":28},{"not_picked":["Potential","Hightail","DoubleEdge+1"],"picked":"Foresight","floor":29},{"not_picked":["GearUp+1","Ricochet","ShatteredReality+1"],"picked":"RealityMarble","floor":30},{"not_picked":["FloweringNight","FlawlessForm","ForgedInTime"],"picked":"PendulumOfEternity","floor":33},{"not_picked":["Rewind","BestPractice","Rearm"],"picked":"Alleviate","floor":35},{"not_picked":["Unruled","Ricochet","ShatteredReality+1"],"picked":"Defy+1","floor":38},{"not_picked":["DualDimension","Alleviate","TimeWarp"],"picked":"InstantArmor","floor":39},{"not_picked":["Revamp","FanOfKnives","Starlight+1"],"picked":"Alleviate","floor":41},{"not_picked":["FastForward","DualDimension","Revamp+1"],"picked":"Luminosity+1","floor":47},{"not_picked":["Gouge","WasteNot+1","Desolation+1"],"picked":"Replace","floor":48},{"not_picked":["Collapse","SurpressingFire","Foresight"],"picked":"Rearm+1","floor":48}],"player_experience":134173,"relics_obtained":[{"floor":9,"key":"Shuriken"},{"floor":10,"key":"MealTicket"},{"floor":20,"key":"Red Mask"},{"floor":26,"key":"War Paint"},{"floor":31,"key":"Lantern"},{"floor":41,"key":"Replay:Bandana"},{"floor":43,"key":"Iron Hammer"}],"event_choices":[{"damage_healed":0,"gold_gain":0,"player_choice":"Bought 0 Potions","damage_taken":0,"max_hp_gain":0,"max_hp_loss":0,"event_name":"The Woman in Blue","floor":2,"gold_loss":0},{"damage_healed":0,"gold_gain":0,"player_choice":"Donut","damage_taken":0,"max_hp_gain":5,"max_hp_loss":0,"event_name":"Big Fish","floor":4,"gold_loss":0},{"damage_healed":0,"gold_gain":0,"player_choice":"Fought Bandits","damage_taken":0,"max_hp_gain":0,"max_hp_loss":0,"event_name":"Masked Bandits","floor":20,"gold_loss":0},{"damage_healed":0,"gold_gain":0,"player_choice":"Ignored","damage_taken":0,"max_hp_gain":0,"max_hp_loss":0,"event_name":"Ghosts","floor":21,"gold_loss":0},{"damage_healed":0,"gold_gain":0,"player_choice":"Smashed Altar","damage_taken":0,"max_hp_gain":0,"max_hp_loss":0,"event_name":"Forgotten Altar","floor":24,"gold_loss":0,"cards_obtained":["Decay"]},{"damage_healed":0,"gold_gain":222,"player_choice":"Wore Mask","damage_taken":0,"max_hp_gain":0,"max_hp_loss":0,"event_name":"Tomb of Lord Red Mask","floor":36,"gold_loss":0},{"damage_healed":0,"gold_gain":0,"player_choice":"Embrace Madness","damage_taken":9,"max_hp_gain":0,"max_hp_loss":0,"event_name":"Winding Halls","floor":37,"gold_loss":0,"cards_obtained":["Madness","Madness"]},{"damage_healed":0,"gold_gain":0,"player_choice":"1 cards matched","damage_taken":0,"max_hp_gain":0,"max_hp_loss":0,"event_name":"Match and Keep!","floor":45,"gold_loss":0,"cards_obtained":["ReplayTheSpireMod:Splinters"]}],"is_beta":false,"boss_relics":[{"not_picked":["Replay:Grab Bag","Fusion Hammer"],"picked":"Honey Jar"},{"not_picked":["Runic Dome","Replay:Bronze Core"],"picked":"SacredBark"}],"items_purged_floors":[46],"is_endless":false,"potions_floor_spawned":[1,10,11,13,18,28,30,35,39,47],"ascension_level":0}}