{"host":"rygl6lff02urotq6","time":1613403229,"event":{"mods":["AchievementEnabler","BaseMod","Bestiary","Better Altar","Better Match","Better Note","Better Sensory Stone","Better Skull","Better Third Choice","BetterRewards","Colored Map","Colored Powertips","Curses Come First","DeckTracker","Downfall","Energized Spire","Hero for Fun","Mimic Mod","Minty Spire (QoL Compilation)","Quick Restart","Rare Cards Sparkle","Relic Sorter","Reliquary","Spicy Shops","StSLib","SuperFastMode","The Bug Knight","Transform Curses"],"gold_per_floor":[117,117,137,149,159,159,178,193,216,216,216],"floor_reached":10,"language":"ENG","playtime":484,"items_purged":[],"score":65,"play_id":"f4b9aefc-539f-45bc-a456-592881b28932","local_time":"20210215103349","is_ascension_mode":true,"campfire_choices":[{"floor":6,"key":"RECALL"}],"circlet_count":0,"master_deck":["HollowMod:NailStrikeStart","HollowMod:NailStrikeStart","HollowMod:NailStrikeStart","HollowMod:NailStrikeStart","HollowMod:QuickDashStart","HollowMod:QuickDashStart","HollowMod:QuickDashStart","HollowMod:QuickDashStart","HollowMod:FocusHealStart","HollowMod:PogoStrike","HollowMod:DescendingDark","Bandage Up","HollowMod:VengefulVoid","HollowMod:SoulShaman","HollowMod:QuirrelsAssistance","HollowMod:ShadowDash","HollowMod:DungDefenderAura","HollowMod:GoodIntentions","HollowMod:HeavyBlow","HollowMod:LifebloodCocoon","HollowMod:Hiveblood","HollowMod:InfectedCysts","HollowMod:PerfectDash"],"relics":["HollowMod:VesselMask","Juzu Bracelet","Tiny Chest","Prayer Wheel","Sling","Pen Nib"],"acts_visited":["Exordium"],"potions_floor_usage":[10,10,10],"damage_taken":[{"damage":2,"enemies":"Cultist","floor":1,"turns":3},{"damage":13,"enemies":"Small Slimes","floor":3,"turns":3},{"damage":9,"enemies":"2 Louse","floor":4,"turns":2},{"damage":9,"enemies":"Red Slaver","floor":5,"turns":7},{"damage":26,"enemies":"Exordium Thugs","floor":7,"turns":8},{"damage":13,"enemies":"Blue Slaver","floor":8,"turns":4},{"damage":12,"enemies":"Lagavulin","floor":10,"turns":2}],"seed_played":"-8461358570970632970","potions_obtained":[{"floor":1,"key":"SkillPotion"},{"floor":5,"key":"SkillPotion"},{"floor":8,"key":"LiquidBronze"}],"is_trial":false,"path_per_floor":["M","?","M","M","M","R","M","M","T","E"],"character_chosen":"THE_BUGKNIGHT","items_purchased":["Juzu Bracelet","Tiny Chest","Prayer Wheel","HollowMod:DescendingDark","Sling","Bandage Up"],"campfire_rested":0,"item_purchase_floors":[0,0,0,0,0,0],"current_hp_per_floor":[41,46,37,32,33,33,11,7,7,0,0],"gold":216,"neow_bonus":"","is_daily":false,"chose_seed":false,"campfire_upgraded":0,"win_rate":0.0,"timestamp":1613403229,"path_taken":["M","?","M","M","M","R","M","M","T","E"],"items_purchased_type":["Relic","Relic","Relic","Card","Relic","Card"],"build_version":"2020-12-22","purchased_purges":0,"victory":false,"max_hp_per_floor":[75,80,80,80,80,80,80,80,80,80,80],"card_choices":[{"not_picked":["HollowMod:CoiledNail","HollowMod:CloakDash"],"picked":"HollowMod:QuirrelsAssistance","floor":1},{"not_picked":["HollowMod:BaldurShell","HollowMod:InfectedAttack","HollowMod:VengefulVoid"],"picked":"SKIP","floor":1},{"not_picked":["HollowMod:HeavyBlow","HollowMod:NewJinnsSoul"],"picked":"HollowMod:ShadowDash","floor":3},{"not_picked":["HollowMod:LifebloodCocoon","HollowMod:DungDefenderAura","HollowMod:GoodIntentions"],"picked":"SKIP","floor":3},{"not_picked":["HollowMod:ZotesMagnificence","HollowMod:MothsMistake"],"picked":"HollowMod:DungDefenderAura","floor":4},{"not_picked":["HollowMod:PureNailStrike","HollowMod:DreamGate"],"picked":"HollowMod:GoodIntentions","floor":4},{"not_picked":["HollowMod:HowlingWraiths","HollowMod:GoodIntentions"],"picked":"HollowMod:HeavyBlow","floor":5},{"not_picked":["HollowMod:PureNailStrike","HollowMod:SoulSplash"],"picked":"HollowMod:LifebloodCocoon","floor":5},{"not_picked":["HollowMod:SoulStrike","HollowMod:MawleksShell"],"picked":"HollowMod:Hiveblood","floor":7},{"not_picked":["HollowMod:InfectedCysts","HollowMod:NewLittleFool","HollowMod:PureNailStrike"],"picked":"SKIP","floor":7},{"not_picked":["HollowMod:NewLittleFool","HollowMod:PureNailStrike"],"picked":"HollowMod:InfectedCysts","floor":7},{"not_picked":["HollowMod:InfectedAttack","HollowMod:InfectedCysts"],"picked":"HollowMod:PerfectDash","floor":8},{"not_picked":["HollowMod:DoubleDash","HollowMod:VengefulSpirit","HollowMod:BlackTendrils"],"picked":"SKIP","floor":8}],"player_experience":342132,"relics_obtained":[{"floor":9,"key":"Pen Nib"}],"event_choices":[{"damage_healed":0,"gold_gain":0,"player_choice":"Donut","damage_taken":0,"max_hp_gain":5,"max_hp_loss":0,"event_name":"Big Fish","floor":2,"gold_loss":0}],"is_beta":false,"boss_relics":[],"items_purged_floors":[],"is_endless":false,"potions_floor_spawned":[1,5,8],"killed_by":"Lagavulin","ascension_level":1}}