{"host":"a3gu5zu37ht99mpa","time":1613418066,"event":{"mods":["100% Spire Juice","Act Like it!","Arknights","BaseMod","Better Silent Start","BetterRewards","Conspire","Downfall","Energized Spire","GifTheSpireLib","Gold Saver","Halation","Minty Spire (QoL Compilation)","Prisma Mod","Robot Space Explorer","StSLib","Stuff the Spire","The Animator","The Servant 0.9.4","Virulent Crown","Wandering Minibosses","yUi"],"gold_per_floor":[304,266,300,223,223,258,308,215,267,267,267,286,319,20,20,39,39],"floor_reached":16,"language":"ENG","playtime":475,"items_purged":[],"score":123,"play_id":"38d24c5d-7665-4d51-bb9d-2cea268748c1","local_time":"20210215144106","is_ascension_mode":false,"campfire_choices":[{"floor":10,"key":"RECALL"},{"data":"animator:Pride","floor":15,"key":"SMITH"}],"circlet_count":0,"master_deck":["animator:Shimakaze","animator:RoryMercury","animator:Arpeggio","animator:ShinjiMatou","animator:Arpeggio","animator:Archer","animator:MaesHughes","animator:Strike_Elsword","animator:Strike_Overlord","animator:Strike_NoGameNoLife","animator:Strike_Kancolle","animator:Defend_GoblinSlayer","animator:Defend_TenSura","animator:Defend_AccelWorld","animator:Defend_OnePunchMan","animator:Pride+1","animator:ElricAlphonse","animator:Arpeggio"],"relics":["animator:LivingPicture","animator:TheMissingPiece","animator:PurgingStone","NeowsBlessing","Juzu Bracelet","halation:IllGainedPizza","HornCleat","Matryoshka"],"acts_visited":["Exordium"],"potions_floor_usage":[16,16,16],"damage_taken":[{"damage":0,"enemies":"Cultist","floor":1,"turns":1},{"damage":0,"enemies":"2 Louse","floor":3,"turns":1},{"damage":0,"enemies":"Gremlin Nob","floor":6,"turns":1},{"damage":25,"enemies":"conspire:MimicChest","floor":7,"turns":7},{"damage":4,"enemies":"Jaw Worm","floor":12,"turns":5},{"damage":13,"enemies":"3 Louse","floor":13,"turns":4},{"damage":2,"enemies":"Hexaghost","floor":16,"turns":7}],"seed_played":"1428738689296261005","potions_obtained":[{"floor":3,"key":"Weak Potion"},{"floor":6,"key":"AttackPotion"},{"floor":7,"key":"PowerPotion"}],"is_trial":false,"path_per_floor":["M","$","M","$","?","E","?","?","T","R","?","M","M","$","R","B"],"character_chosen":"THE_ANIMATOR","items_purchased":["animator:Arpeggio","animator:Arpeggio","animator:Arpeggio","Matryoshka"],"campfire_rested":0,"item_purchase_floors":[2,4,14,14],"current_hp_per_floor":[66,66,66,66,66,67,42,42,42,42,17,14,1,1,1,0,0],"gold":39,"neow_bonus":"THREE_ENEMY_KILL","is_daily":false,"chose_seed":false,"campfire_upgraded":1,"win_rate":0.0,"timestamp":1613418066,"path_taken":["M","$","?","$","?","E","?","?","T","R","?","M","M","?","R","BOSS"],"items_purchased_type":["Card","Card","Card","Relic"],"build_version":"2020-12-22","purchased_purges":0,"victory":false,"max_hp_per_floor":[66,66,66,66,66,67,67,67,67,67,67,68,68,68,68,68,68],"card_choices":[{"not_picked":["animator:Shigure","animator:Archer"],"picked":"animator:RoryMercury","floor":1},{"not_picked":["animator:Ara","animator:Shichika"],"picked":"animator:ShinjiMatou","floor":3},{"not_picked":["animator:MumenRider","animator:Illya"],"picked":"animator:Archer","floor":6},{"not_picked":["animator:Gluttony","animator:Shinoa"],"picked":"animator:MaesHughes","floor":7},{"not_picked":["animator:Sloth","animator:Gluttony"],"picked":"animator:Pride","floor":12},{"not_picked":["animator:SilverFang","animator:Lancer"],"picked":"animator:ElricAlphonse","floor":13}],"player_experience":101655,"relics_obtained":[{"floor":6,"key":"Juzu Bracelet"},{"floor":7,"key":"halation:IllGainedPizza"}],"event_choices":[{"damage_healed":0,"gold_gain":0,"player_choice":"Agree","damage_taken":0,"max_hp_gain":0,"max_hp_loss":0,"event_name":"conspire:LoneGhost","floor":5,"gold_loss":0},{"damage_healed":0,"gold_gain":0,"player_choice":"Success","damage_taken":25,"relics_obtained":["HornCleat"],"max_hp_gain":0,"max_hp_loss":0,"event_name":"Scrap Ooze","floor":11,"gold_loss":0}],"is_beta":false,"boss_relics":[],"items_purged_floors":[],"is_endless":false,"potions_floor_spawned":[3,6,7],"killed_by":"Hexaghost","ascension_level":0}}