{"host":"tia00321x3ndnwo4","time":1613405801,"event":{"mods":["2.2 Compatiblity","BaseMod","Bestiary","Colored Map","Colored Powertips","Curses Come First","Downfall","Highlight Path","Minty Spire (QoL Compilation)","Relic Stats","Slay the Relics Exporter","StSLib","SuperFastMode"],"gold_per_floor":[99,112,124,124,34,484,484,496,496,525,537,568,580,627,649,661,661,661],"floor_reached":16,"language":"ENG","playtime":542,"items_purged":["bronze:Strike"],"score":135,"play_id":"de83e9db-3101-48df-baa3-c1cba8c4d42e","local_time":"20210215081641","is_ascension_mode":false,"campfire_choices":[{"data":"bronze:RecursiveStrike","floor":1,"key":"SMITH"},{"data":"bronze:Backtrace","floor":9,"key":"SMITH"},{"data":"bronze:Shell","floor":11,"key":"SMITH"},{"data":"bronze:GetLatest","floor":13,"key":"SMITH"}],"circlet_count":0,"master_deck":["bronze:Strike","bronze:Strike","bronze:Defend","bronze:Defend","bronze:Defend","bronze:Defend","bronze:Replicate","bronze:Goto","bronze:RecursiveStrike+1","bronze:Separator","bronze:GetLatest+1","bronze:DelayedGuard","downfall:Icky","downfall:Icky","downfall:Icky","bronze:Backtrace+1","bronze:Shell+1","bronze:Iterate","bronze:FineTuning","bronze:Verify"],"relics":["bronze:BronzeCore","StrikeDummy","MawBank","Tiny Chest"],"acts_visited":["Exordium"],"potions_floor_usage":[10,14,14,14,16,16,16],"damage_taken":[{"damage":1,"enemies":"Jaw Worm","floor":2,"turns":3},{"damage":0,"enemies":"Cultist","floor":3,"turns":2},{"damage":5,"enemies":"downfall:FleeingMerchant","floor":5,"turns":4},{"damage":0,"enemies":"2 Louse","floor":8,"turns":2},{"damage":4,"enemies":"Lagavulin","floor":10,"turns":3},{"damage":13,"enemies":"Exordium Wildlife","floor":12,"turns":5},{"damage":0,"enemies":"3 Sentries","floor":14,"turns":6},{"damage":0,"enemies":"2 Fungi Beasts","floor":15,"turns":2},{"damage":45,"enemies":"DF_ARCHETYPE_STREAMLINE","floor":16,"turns":6}],"seed_played":"1103665302693406471","potions_obtained":[{"floor":3,"key":"Block Potion"},{"floor":8,"key":"hexamod:SoulburnPotion"},{"floor":12,"key":"EntropicBrew"},{"floor":14,"key":"SkillPotion"}],"is_trial":false,"path_per_floor":["R","M","M","?","$","?","T","M","R","E","R","M","R","E","M","B"],"character_chosen":"THE_AUTOMATON","items_purchased":[],"campfire_rested":0,"item_purchase_floors":[],"current_hp_per_floor":[63,62,62,62,57,57,57,57,57,53,53,40,40,40,40,0,0,0],"gold":661,"neow_bonus":"THREE_RARE_CARDS","is_daily":false,"chose_seed":false,"campfire_upgraded":4,"win_rate":0.0,"timestamp":1613405801,"path_taken":["R","M","M","?","?","?","T","?","R","E","R","M","R","E","M","BOSS"],"items_purchased_type":[],"build_version":"2020-12-22","purchased_purges":1,"victory":false,"max_hp_per_floor":[63,63,63,63,63,63,63,63,63,63,63,63,63,63,63,63,63,63],"relic_stats":{"counters":[9,33],"Tiny Chest":0,"MawBank":72,"obtain_stats":[{"bronze:BronzeCore":0,"Tiny Chest":14,"StrikeDummy":7,"MawBank":10},{"bronze:BronzeCore":0,"Tiny Chest":7,"StrikeDummy":3,"MawBank":5},{"bronze:BronzeCore":0,"Tiny Chest":25,"StrikeDummy":9,"MawBank":14}]},"card_choices":[{"not_picked":["bronze:Assembly","bronze:ThunderWave"],"picked":"bronze:RecursiveStrike","floor":0},{"not_picked":["bronze:ForLoop","bronze:Deprecate"],"picked":"bronze:Separator","floor":2},{"not_picked":["bronze:CloningBeam","bronze:Repulsor"],"picked":"bronze:GetLatest","floor":3},{"not_picked":["bronze:BronzeArmor","bronze:Frontload"],"picked":"bronze:DelayedGuard","floor":5},{"not_picked":["bronze:Frontload","bronze:Invalidate"],"picked":"bronze:Backtrace","floor":8},{"not_picked":["bronze:CutThrough","bronze:FineTuning"],"picked":"bronze:Shell","floor":10},{"not_picked":["bronze:FineTuning","bronze:BugBarrage"],"picked":"bronze:Iterate","floor":12},{"not_picked":["bronze:BuggyMess","bronze:Iterate"],"picked":"bronze:FineTuning","floor":14},{"not_picked":["bronze:Shield","bronze:Invalidate"],"picked":"bronze:Verify","floor":15}],"player_experience":217376,"relics_obtained":[{"floor":7,"key":"StrikeDummy"},{"floor":10,"key":"MawBank"},{"floor":14,"key":"Tiny Chest"}],"event_choices":[{"cards_removed":["bronze:Strike"],"damage_healed":0,"gold_gain":0,"player_choice":"Offered Basic","damage_taken":0,"max_hp_gain":0,"max_hp_loss":0,"event_name":"Bonfire Elementals","floor":4,"gold_loss":0}],"is_beta":false,"boss_relics":[],"items_purged_floors":[5],"is_endless":false,"potions_floor_spawned":[3,8,12,14,15],"killed_by":"DF_ARCHETYPE_STREAMLINE","ascension_level":0}}