{"host":"0kk91h4bq4kgfj0u","time":1613412186,"event":{"mods":["BaseMod","Bestiary","Block Reminder","Colored Map","Colored Powertips","Curses Come First","Highlight Path","Minty Spire (QoL Compilation)","Relic Stats","StSLib"],"gold_per_floor":[109,125,125,136,136,136,169,182,182,192,212,15,15,48,48,144,144,163,163,173,173,26,26,41,41,41,56,67,0,0,15,15,114,114,133,147,164,6,6,6],"floor_reached":39,"language":"ENG","playtime":1490,"items_purged":[],"score":533,"play_id":"74ba3a92-59f6-4120-96b7-4d36b943e8a1","local_time":"20210215130306","is_ascension_mode":true,"campfire_choices":[{"floor":6.0,"key":"REST"},{"floor":13.0,"key":"REST"},{"floor":15.0,"key":"RECALL"},{"floor":23.0,"key":"REST"},{"data":"Terror","floor":25.0,"key":"SMITH"},{"floor":32.0,"key":"REST"}],"circlet_count":0,"master_deck":["Strike_G+1","Strike_G","Strike_G","Strike_G","Strike_G","Defend_G","Defend_G+1","Defend_G","Defend_G","Defend_G","Survivor","Neutralize","Terror+1","Blade Dance","Blade Dance","Dash","Quick Slash","Calculated Gamble","Deadly Poison","Dagger Spray","Tools of the Trade","Dodge and Roll","Footwork","Sucker Punch","Cloak And Dagger+1","Flying Knee","Neutralize","Outmaneuver+1","Corpse Explosion","Slice","Underhanded Strike+1","Leg Sweep"],"relics":["Ring of the Snake","Ornamental Fan","CaptainsWheel","Sling","Unceasing Top","WristBlade","Membership Card","Cursed Key","Calipers"],"acts_visited":["Exordium","TheCity","TheBeyond"],"potions_floor_usage":[],"damage_taken":[{"damage":10.0,"enemies":"Jaw Worm","floor":1.0,"turns":6.0},{"damage":0.0,"enemies":"Small Slimes","floor":2.0,"turns":3.0},{"damage":6.0,"enemies":"Cultist","floor":4.0,"turns":3.0},{"damage":33.0,"enemies":"3 Sentries","floor":7.0,"turns":12.0},{"damage":3.0,"enemies":"Looter","floor":8.0,"turns":3.0},{"damage":0.0,"enemies":"Large Slime","floor":10.0,"turns":5.0},{"damage":8.0,"enemies":"Gremlin Gang","floor":11.0,"turns":5.0},{"damage":1.0,"enemies":"Lagavulin","floor":14.0,"turns":4.0},{"damage":28.0,"enemies":"Slime Boss","floor":16.0,"turns":10.0},{"damage":11.0,"enemies":"2 Thieves","floor":18.0,"turns":4.0},{"damage":19.0,"enemies":"3 Byrds","floor":20.0,"turns":6.0},{"damage":1.0,"enemies":"Centurion and Healer","floor":24.0,"turns":6.0},{"damage":2.0,"enemies":"Chosen and Byrds","floor":27.0,"turns":7.0},{"damage":32.0,"enemies":"Snake Plant","floor":28.0,"turns":6.0},{"damage":15.0,"enemies":"Centurion and Healer","floor":31.0,"turns":6.0},{"damage":30.0,"enemies":"Automaton","floor":33.0,"turns":8.0},{"damage":0,"enemies":"Orb Walker","floor":35,"turns":3},{"damage":41,"enemies":"3 Darklings","floor":36,"turns":4},{"damage":7,"enemies":"Sphere and 2 Shapes","floor":37,"turns":3},{"damage":19,"enemies":"4 Shapes","floor":39,"turns":3}],"seed_played":"-7334918350589582457","potions_obtained":[{"floor":7.0,"key":"SteroidPotion"},{"floor":10.0,"key":"Regen Potion"},{"floor":14.0,"key":"Block Potion"},{"floor":19.0,"key":"CultistPotion"},{"floor":20.0,"key":"ColorlessPotion"},{"floor":31.0,"key":"Swift Potion"}],"is_trial":false,"path_per_floor":["M","M","?","M","?","R","E","M","T","M","M","$","R","E","R","B",null,"M","?","M","$","$","R","M","R","T","M","M","?","?","M","R","B",null,"M","M","M","$","M"],"character_chosen":"THE_SILENT","items_purchased":["Sling","Dexterity Potion","Membership Card","Calipers"],"campfire_rested":4,"item_purchase_floors":[12,12,22,38],"current_hp_per_floor":[60,60,60,54,39,62,29,26,26,26,18,18,41,40,40,12,61,50,50,31,31,31,54,53,53,53,51,19,19,19,19,42,12,61,61,20,13,13,0,0],"gold":6,"neow_bonus":"TEN_PERCENT_HP_BONUS","is_daily":false,"chose_seed":false,"campfire_upgraded":1,"win_rate":0.0,"timestamp":1613412186,"path_taken":["M","M","?","M","?","R","E","M","T","M","M","$","R","E","R","BOSS","M","?","M","?","$","R","M","R","T","M","M","?","?","?","R","BOSS","M","M","?","$","M"],"items_purchased_type":["Relic","Potion","Relic","Relic"],"build_version":"2020-12-22","purchased_purges":0,"victory":false,"max_hp_per_floor":[77,77,77,77,77,77,77,77,77,77,77,77,77,77,77,77,77,77,77,77,77,77,77,77,77,77,77,77,77,77,77,77,77,77,77,77,77,77,77,77],"relic_stats":{"counters":[20,107],"Ornamental Fan":[216],"Cursed Key":0,"obtain_stats":[{"CaptainsWheel":9,"Calipers":38,"WristBlade":17,"Ornamental Fan":7,"Membership Card":22,"Sling":12,"Cursed Key":34,"Unceasing Top":14,"Ring of the Snake":0},{"CaptainsWheel":5,"Calipers":19,"WristBlade":9,"Ornamental Fan":4,"Membership Card":11,"Sling":7,"Cursed Key":16,"Unceasing Top":8,"Ring of the Snake":0},{"CaptainsWheel":27,"Calipers":104,"WristBlade":51,"Ornamental Fan":24,"Membership Card":61,"Sling":37,"Cursed Key":94,"Unceasing Top":41,"Ring of the Snake":0}],"Unceasing Top":[4],"Ring of the Snake":[40]},"card_choices":[{"not_picked":["Dodge and Roll","Bane"],"picked":"Terror","floor":1.0},{"not_picked":["Deflect","Backstab"],"picked":"Blade Dance","floor":2.0},{"not_picked":["Expertise","Bane"],"picked":"Blade Dance","floor":4.0},{"not_picked":["Blur","Slice"],"picked":"Dash","floor":7.0},{"not_picked":["Dodge and Roll","Choke"],"picked":"Quick Slash","floor":8.0},{"not_picked":["Prepared","Unload"],"picked":"Calculated Gamble","floor":10.0},{"not_picked":["Outmaneuver","Finisher"],"picked":"Deadly Poison","floor":11.0},{"not_picked":["Reflex","Finisher"],"picked":"Dagger Spray","floor":14.0},{"not_picked":["Venomology","Unload"],"picked":"Tools of the Trade","floor":16.0},{"not_picked":["Skewer","Terror"],"picked":"Dodge and Roll","floor":18.0},{"not_picked":["Acrobatics","Crippling Poison"],"picked":"Footwork","floor":20.0},{"not_picked":["Acrobatics","Blade Dance"],"picked":"Sucker Punch","floor":24.0},{"not_picked":["Flying Knee","Bane"],"picked":"Cloak And Dagger+1","floor":27.0},{"not_picked":["Outmaneuver","Bouncing Flask"],"picked":"Flying Knee","floor":28.0},{"not_picked":["Bane","Die Die Die"],"picked":"Outmaneuver+1","floor":31.0},{"not_picked":["After Image","Envenom"],"picked":"Corpse Explosion","floor":33.0},{"not_picked":["Deadly Poison+1","Prepared"],"picked":"Slice","floor":35},{"not_picked":["Sucker Punch","Flying Knee"],"picked":"Underhanded Strike+1","floor":36},{"not_picked":["Bane","Dagger Throw+1"],"picked":"Leg Sweep","floor":37}],"player_experience":878055,"relics_obtained":[{"floor":7.0,"key":"Ornamental Fan"},{"floor":9.0,"key":"CaptainsWheel"},{"floor":14.0,"key":"Unceasing Top"}],"event_choices":[{"damage_healed":0.0,"max_hp_gain":0.0,"max_hp_loss":0.0,"gold_gain":0.0,"event_name":"Liars Game","player_choice":"Ignored","floor":3.0,"gold_loss":0.0,"damage_taken":0.0},{"damage_healed":0.0,"max_hp_gain":0.0,"max_hp_loss":0.0,"gold_gain":0.0,"event_name":"Shining Light","player_choice":"Entered Light","floor":5.0,"gold_loss":0.0,"damage_taken":15.0,"cards_upgraded":["Defend_G","Strike_G"]},{"damage_healed":0.0,"max_hp_gain":0.0,"max_hp_loss":0.0,"gold_gain":0.0,"event_name":"Lab","player_choice":"Got Potions","floor":19.0,"gold_loss":0.0,"damage_taken":0.0},{"damage_healed":0.0,"max_hp_gain":0.0,"max_hp_loss":0.0,"gold_gain":0.0,"event_name":"Masked Bandits","player_choice":"Paid Fearfully","floor":29.0,"gold_loss":67.0,"damage_taken":0.0},{"damage_healed":0.0,"max_hp_gain":0.0,"max_hp_loss":0.0,"gold_gain":0.0,"event_name":"Match and Keep!","player_choice":"1 cards matched","floor":30.0,"gold_loss":0.0,"damage_taken":0.0,"cards_obtained":["Neutralize"]}],"is_beta":false,"boss_relics":[{"not_picked":["Runic Pyramid","Runic Dome"],"picked":"WristBlade"},{"not_picked":["Pandora\u0027s Box","Fusion Hammer"],"picked":"Cursed Key"}],"items_purged_floors":[],"is_endless":false,"potions_floor_spawned":[7,10,14,16,20,24,31],"killed_by":"4 Shapes","ascension_level":7}}