{"host":"9ndbo4kgsfoemf7y","time":1613394787,"event":{"mods":["AchievementEnabler","BaseMod","Colored Map","DeckTracker","Keyboard Shortcuts","Minty Spire (QoL Compilation)","Permanent Neow","Quick Restart","Relic Stats","StSLib","SuperFastMode"],"gold_per_floor":[110,124,124,84,9,9,27,62,362,375,375,400,414,428,428,524,524,544,544,556,17,35,63,63,63,63,63,97,97,109,109,109,205,205,222,242,292,337,178,204,204,215,215,249,249,249,259,278,278,278],"floor_reached":51,"language":"KOR","playtime":2871,"items_purged":["Defend_B","Strike_B","Defend_B"],"score":1134,"play_id":"1c1195aa-8414-4e3b-889a-8b6d13976f56","local_time":"20210215221307","is_ascension_mode":true,"campfire_choices":[{"data":"Defragment","floor":6.0,"key":"SMITH"},{"floor":11.0,"key":"REST"},{"data":"Buffer","floor":15.0,"key":"SMITH"},{"data":"Seek","floor":24.0,"key":"SMITH"},{"data":"Hologram","floor":29.0,"key":"SMITH"},{"data":"Loop","floor":32.0,"key":"SMITH"},{"floor":41.0,"key":"REST"},{"data":"Fission","floor":46.0,"key":"SMITH"},{"data":"Sunder","floor":49,"key":"SMITH"}],"circlet_count":0,"master_deck":["Zap+1","Dualcast+1","Reprogram+1","Chill","Defragment+1","Blizzard+1","Loop+1","BootSequence","Coolheaded","Hologram+1","Defragment","Buffer+1","Echo Form","Machine Learning","Coolheaded","Consume","Seek+1","Go for the Eyes","Hello World","Fission+1","Sunder+1","Undo+1","Chaos"],"relics":["Cracked Core","Bird Faced Urn","Old Coin","Regal Pillow","Snecko Eye","Cables","Runic Capacitor","Matryoshka","Meat on the Bone","Pantograph","Akabeko","Prayer Wheel","War Paint","Inserter","Mango","Du-Vu Doll","HornCleat","Pear","Gremlin Horn"],"acts_visited":["Exordium","TheCity","TheBeyond"],"potions_floor_usage":[50,50],"damage_taken":[{"damage":17.0,"enemies":"Jaw Worm","floor":1.0,"turns":4.0},{"damage":1.0,"enemies":"Cultist","floor":2.0,"turns":3.0},{"damage":0.0,"enemies":"Small Slimes","floor":7.0,"turns":3.0},{"damage":18.0,"enemies":"3 Sentries","floor":8.0,"turns":7.0},{"damage":0.0,"enemies":"3 Louse","floor":10.0,"turns":4.0},{"damage":6.0,"enemies":"Lagavulin","floor":12.0,"turns":7.0},{"damage":3.0,"enemies":"Exordium Wildlife","floor":13.0,"turns":5.0},{"damage":5.0,"enemies":"Looter","floor":14.0,"turns":3.0},{"damage":14.0,"enemies":"Slime Boss","floor":16.0,"turns":13.0},{"damage":0.0,"enemies":"Spheric Guardian","floor":18.0,"turns":4.0},{"damage":2.0,"enemies":"Chosen","floor":20.0,"turns":7.0},{"damage":26.0,"enemies":"Snake Plant","floor":22.0,"turns":5.0},{"damage":16.0,"enemies":"Gremlin Leader","floor":23.0,"turns":10.0},{"damage":23.0,"enemies":"Book of Stabbing","floor":28.0,"turns":7.0},{"damage":0.0,"enemies":"Sentry and Sphere","floor":30.0,"turns":6.0},{"damage":20.0,"enemies":"Automaton","floor":33.0,"turns":13.0},{"damage":0.0,"enemies":"Orb Walker","floor":35.0,"turns":4.0},{"damage":27.0,"enemies":"3 Darklings","floor":36.0,"turns":6.0},{"damage":31.0,"enemies":"Mind Bloom Boss Battle","floor":37.0,"turns":7.0},{"damage":9.0,"enemies":"2 Orb Walkers","floor":38.0,"turns":9.0},{"damage":48.0,"enemies":"Reptomancer","floor":40.0,"turns":7.0},{"damage":18.0,"enemies":"4 Shapes","floor":42.0,"turns":7.0},{"damage":25.0,"enemies":"Nemesis","floor":44.0,"turns":7.0},{"damage":17,"enemies":"Sphere and 2 Shapes","floor":47,"turns":4},{"damage":29,"enemies":"3 Darklings","floor":48,"turns":4},{"damage":32,"enemies":"Time Eater","floor":50,"turns":8}],"seed_played":"-6925117591214839573","potions_obtained":[{"floor":1.0,"key":"Ancient Potion"},{"floor":4.0,"key":"PowerPotion"},{"floor":4.0,"key":"FearPotion"},{"floor":4.0,"key":"Dexterity Potion"},{"floor":7.0,"key":"EssenceOfSteel"},{"floor":8.0,"key":"Block Potion"},{"floor":10.0,"key":"CultistPotion"},{"floor":14.0,"key":"Energy Potion"},{"floor":33.0,"key":"FocusPotion"},{"floor":38.0,"key":"EssenceOfDarkness"},{"floor":40.0,"key":"Swift Potion"}],"is_trial":false,"path_per_floor":["M","M","?","?","$","R","M","E","T","M","R","E","M","M","R","B",null,"M","?","M","$","M","E","R","$","T","T","E","R","M","?","R","B",null,"M","M","?","?","$","E","R","M","T","E","?","R","M","M","R","B",null],"character_chosen":"DEFECT","items_purchased":["Cables","Coolheaded","Runic Capacitor","Sunder"],"campfire_rested":2,"item_purchase_floors":[21,21,21,39],"current_hp_per_floor":[51,50,36,36,36,36,36,18,18,22,42,40,41,42,42,36,60,68,68,68,68,52,56,56,56,56,56,47,47,63,63,63,64,67,68,55,57,66,66,44,82,78,88,79,79,79,76,55,55,68],"gold":278,"neow_bonus":"TRANSFORM_TWO_CARDS","is_daily":false,"chose_seed":false,"campfire_upgraded":7,"win_rate":0.0,"timestamp":1613394787,"path_taken":["M","M","?","?","$","R","M","E","T","?","R","E","M","M","R","BOSS","M","?","M","$","M","E","R","?","T","?","E","R","M","?","R","BOSS","M","M","?","?","?","E","R","M","T","E","?","R","M","M","R","BOSS"],"items_purchased_type":["Relic","Card","Relic","Card"],"build_version":"2020-12-22","purchased_purges":3,"victory":true,"max_hp_per_floor":[68,68,68,68,68,68,68,68,68,68,68,68,68,68,68,68,68,68,68,68,68,68,68,68,68,68,68,68,68,68,68,68,68,68,68,68,82,82,82,82,82,82,92,92,92,92,92,92,92,92],"relic_stats":{"Regal Pillow":14,"Inserter":[31],"Gremlin Horn":[4,4],"counters":[26,163],"Bird Faced Urn":[237],"Pantograph":43,"Snecko Eye":[205,182,239,210],"Prayer Wheel":7,"War Paint":["Dualcast","Reprogram"],"obtain_stats":[{"Regal Pillow":12,"Inserter":34,"Pear":43,"Gremlin Horn":44,"Mango":37,"Runic Capacitor":21,"War Paint":28,"Akabeko":27,"Old Coin":9,"Cables":21,"Du-Vu Doll":38,"Matryoshka":23,"HornCleat":40,"Bird Faced Urn":8,"Pantograph":26,"Snecko Eye":17,"Prayer Wheel":27,"Cracked Core":0,"Meat on the Bone":26},{"Regal Pillow":6,"Inserter":16,"Pear":22,"Gremlin Horn":23,"Mango":19,"Runic Capacitor":11,"War Paint":14,"Akabeko":13,"Old Coin":4,"Cables":11,"Du-Vu Doll":20,"Matryoshka":13,"HornCleat":21,"Bird Faced Urn":4,"Pantograph":13,"Snecko Eye":9,"Prayer Wheel":13,"Cracked Core":0,"Meat on the Bone":13},{"Regal Pillow":28,"Inserter":100,"Pear":140,"Gremlin Horn":147,"Mango":117,"Runic Capacitor":60,"War Paint":82,"Akabeko":75,"Old Coin":17,"Cables":60,"Du-Vu Doll":126,"Matryoshka":75,"HornCleat":133,"Bird Faced Urn":17,"Pantograph":75,"Snecko Eye":49,"Prayer Wheel":75,"Cracked Core":0,"Meat on the Bone":75}],"Cables":[95,57,38,0,0],"Meat on the Bone":12},"card_choices":[{"not_picked":["Melter","Go for the Eyes"],"picked":"Defragment","floor":1.0},{"not_picked":["Turbo","Heatsinks"],"picked":"Blizzard","floor":2.0},{"not_picked":["Ball Lightning","Force Field"],"picked":"Loop","floor":7.0},{"not_picked":["Sweeping Beam","Reinforced Body"],"picked":"BootSequence","floor":8.0},{"not_picked":["Chill","Redo"],"picked":"Coolheaded","floor":10.0},{"not_picked":["Steam","Coolheaded"],"picked":"Hologram","floor":12.0},{"not_picked":["Turbo","Coolheaded"],"picked":"Defragment","floor":13.0},{"not_picked":["Sweeping Beam","Melter"],"picked":"Buffer","floor":14.0},{"not_picked":["Multi-Cast","Thunder Strike"],"picked":"Echo Form","floor":16.0},{"not_picked":["Streamline","Conserve Battery","Beam Cell"],"picked":"SKIP","floor":18.0},{"not_picked":["Leap","Cold Snap"],"picked":"Machine Learning","floor":20.0},{"not_picked":["FTL+1","Turbo"],"picked":"Consume","floor":22.0},{"not_picked":["Undo+1","Sweeping Beam+1"],"picked":"Seek","floor":23.0},{"not_picked":["Barrage+1","Leap","Turbo"],"picked":"SKIP","floor":28.0},{"not_picked":["Loop","Chaos","Go for the Eyes"],"picked":"SKIP","floor":30.0},{"not_picked":["Ball Lightning","Blizzard","Genetic Algorithm"],"picked":"SKIP","floor":30.0},{"not_picked":["All For One","Meteor Strike"],"picked":"Fission","floor":33.0},{"not_picked":["Sweeping Beam+1","Ball Lightning+1","Chaos+1"],"picked":"SKIP","floor":35.0},{"not_picked":["Cold Snap","Skim+1","Streamline"],"picked":"SKIP","floor":35.0},{"not_picked":["Go for the Eyes","Gash+1","Consume+1"],"picked":"SKIP","floor":36.0},{"not_picked":["Storm+1","Rebound+1","Blizzard"],"picked":"SKIP","floor":36.0},{"not_picked":["Compile Driver","Gash","Chaos"],"picked":"SKIP","floor":40.0},{"not_picked":["Genetic Algorithm+1","Go for the Eyes+1","Cold Snap+1"],"picked":"SKIP","floor":42.0},{"not_picked":["Turbo","Stack+1","Beam Cell"],"picked":"SKIP","floor":42.0},{"not_picked":["Leap","Compile Driver+1"],"picked":"Undo+1","floor":44.0},{"not_picked":["Recycle+1","Coolheaded+1","Undo"],"picked":"SKIP","floor":47},{"not_picked":["Gash+1","Ball Lightning+1","Storm+1"],"picked":"SKIP","floor":47},{"not_picked":["Beam Cell","Blizzard+1","Stack+1"],"picked":"SKIP","floor":48},{"not_picked":["Sunder","Hologram+1","Amplify"],"picked":"SKIP","floor":48}],"player_experience":868159,"relics_obtained":[{"floor":8.0,"key":"Bird Faced Urn"},{"floor":9.0,"key":"Old Coin"},{"floor":12.0,"key":"Regal Pillow"},{"floor":23.0,"key":"Matryoshka"},{"floor":26.0,"key":"Meat on the Bone"},{"floor":26.0,"key":"Pantograph"},{"floor":27.0,"key":"Akabeko"},{"floor":27.0,"key":"Prayer Wheel"},{"floor":28.0,"key":"War Paint"},{"floor":37.0,"key":"Mango"},{"floor":38.0,"key":"Du-Vu Doll"},{"floor":40.0,"key":"HornCleat"},{"floor":43.0,"key":"Pear"},{"floor":44.0,"key":"Gremlin Horn"}],"event_choices":[{"damage_healed":0.0,"max_hp_gain":0.0,"max_hp_loss":0.0,"gold_gain":0.0,"event_name":"Shining Light","player_choice":"Entered Light","floor":3.0,"gold_loss":0.0,"damage_taken":14.0,"cards_upgraded":["Blizzard","Zap"]},{"damage_healed":0.0,"max_hp_gain":0.0,"max_hp_loss":0.0,"gold_gain":0.0,"event_name":"The Woman in Blue","player_choice":"Bought 3 Potions","floor":4.0,"gold_loss":0.0,"damage_taken":0.0},{"damage_healed":0.0,"max_hp_gain":0.0,"max_hp_loss":0.0,"gold_gain":0.0,"event_name":"Match and Keep!","player_choice":"0 cards matched","floor":19.0,"gold_loss":0.0,"damage_taken":0.0,"cards_obtained":[]},{"damage_healed":0.0,"max_hp_gain":0.0,"max_hp_loss":0.0,"gold_gain":0.0,"cards_transformed":["Strike_B","Defend_B"],"event_name":"Drug Dealer","player_choice":"Became Test Subject","floor":31.0,"gold_loss":0.0,"damage_taken":0.0,"cards_obtained":["Go for the Eyes","Hello World"]},{"damage_healed":0.0,"max_hp_gain":0.0,"max_hp_loss":0.0,"gold_gain":0.0,"event_name":"MindBloom","player_choice":"Fight","floor":37.0,"gold_loss":0.0,"damage_taken":0.0},{"damage_healed":0.0,"max_hp_gain":0.0,"max_hp_loss":0.0,"gold_gain":0.0,"event_name":"Mysterious Sphere","player_choice":"Fight","floor":38.0,"gold_loss":0.0,"damage_taken":0.0},{"damage_healed":0.0,"max_hp_gain":0.0,"max_hp_loss":0.0,"gold_gain":0.0,"cards_transformed":["Defend_B"],"event_name":"Transmorgrifier","player_choice":"Transformed","floor":45.0,"gold_loss":0.0,"damage_taken":0.0,"cards_obtained":["Chaos"]}],"is_beta":false,"boss_relics":[{"not_picked":["Runic Pyramid","Cursed Key"],"picked":"Snecko Eye"},{"not_picked":["Coffee Dripper","Tiny House"],"picked":"Inserter"}],"items_purged_floors":[5,21,39],"is_endless":false,"potions_floor_spawned":[1,7,8,10,14,28,33,38,40,47,48],"ascension_level":9}}