{"host":"kdt6w7ix8lwe69i9","time":1613376602,"event":{"mods":["100% Spire Juice","BaseMod","ChefMod","Evolution","Koishi","Minty Spire (QoL Compilation)","Poor People Problems","Reimu（博丽灵梦）","Robot Space Explorer","Shade Mod","StSLib","The Druid","The Gatherer","The Poker Player","The Servant 0.9.4","TheSurvivalist"],"gold_per_floor":[109,123,202,218,23,23,23,198,198,175,175],"floor_reached":10,"language":"ENG","playtime":6828,"items_purged":[],"score":106,"play_id":"2af6373f-140e-47bd-a526-431b29c63c1b","local_time":"20210215031002","is_ascension_mode":false,"campfire_choices":[{"data":"Koishi:FidgetySnatcher","floor":6,"key":"SMITH"}],"circlet_count":0,"master_deck":["Koishi:DreadfulBlow","Koishi:DreadfulBlow","Koishi:DreadfulBlow","Koishi:DreadfulBlow","Koishi:UnconsciousUprising","Koishi:UnconsciousUprising","Koishi:UnconsciousUprising","Koishi:UnconsciousUprising","Koishi:Provoke","Koishi:HauntingSlash","Finesse","Koishi:TremblingHands","Koishi:SubterraneanRose","Koishi:EmbersOfLove","Koishi:FidgetySnatcher+1","Poor:ReiMu","Doubt"],"relics":["Koishi:ImaginaryFriend","EVO:Axolotl","Singing Bowl","Membership Card","YidongShenshe:ReiMu","Mummified Hand"],"acts_visited":["Exordium"],"potions_floor_usage":[],"damage_taken":[{"damage":0,"enemies":"Cultist","floor":1,"turns":6},{"damage":0,"enemies":"Small Slimes","floor":2,"turns":5},{"damage":0,"enemies":"2 Louse","floor":4,"turns":3},{"damage":68,"enemies":"Gremlin Nob","floor":10,"turns":6}],"seed_played":"8288174126432141885","potions_obtained":[],"is_trial":false,"path_per_floor":["M","M","T","M","$","R","?","?","T","E"],"character_chosen":"KOISHI","items_purchased":["Membership Card","Koishi:FidgetySnatcher"],"campfire_rested":0,"item_purchase_floors":[5,5],"current_hp_per_floor":[65,65,65,65,65,65,65,65,65,0,0],"gold":175,"neow_bonus":"RANDOM_COLORLESS","is_daily":false,"chose_seed":false,"campfire_upgraded":1,"win_rate":0.0,"timestamp":1613376602,"path_taken":["M","M","?","M","?","R","?","?","T","E"],"items_purchased_type":["Relic","Card"],"build_version":"2020-12-22","purchased_purges":0,"victory":false,"max_hp_per_floor":[65,65,65,65,65,65,65,65,65,65,65],"card_choices":[{"not_picked":["Impatience","Forethought"],"picked":"Finesse","floor":0},{"not_picked":["Koishi:PhantomBarrier","Koishi:Prune"],"picked":"Koishi:TremblingHands","floor":1},{"not_picked":["Koishi:CatchAndRose","Koishi:BramblyRoseGarden"],"picked":"Koishi:SubterraneanRose","floor":2},{"not_picked":["Koishi:RacingHeart","Koishi:CatchAndRose"],"picked":"Koishi:EmbersOfLove","floor":4}],"player_experience":1610071,"relics_obtained":[{"floor":3,"key":"Singing Bowl"},{"floor":9,"key":"Mummified Hand"}],"event_choices":[{"damage_healed":0,"gold_gain":0,"player_choice":"Take Tiny Shrine away","damage_taken":0,"relics_obtained":["YidongShenshe:ReiMu"],"max_hp_gain":0,"max_hp_loss":0,"event_name":"yidonshenshe","floor":7,"gold_loss":0,"cards_obtained":["Poor:ReiMu"]},{"damage_healed":0,"gold_gain":175,"player_choice":"AGREE","damage_taken":0,"max_hp_gain":0,"max_hp_loss":0,"event_name":"Liars Game","floor":8,"gold_loss":0,"cards_obtained":["Doubt"]}],"is_beta":false,"boss_relics":[],"items_purged_floors":[],"is_endless":false,"potions_floor_spawned":[],"killed_by":"Gremlin Nob","ascension_level":0}}