{"host":"eaiphzh066bwqdh7","time":1613403255,"event":{"mods":["AchievementEnabler","BaseMod","Better Note","Colored Powertips","Halation","Hubris","Infinite Spire","Minty Spire (QoL Compilation)","Quick Restart","Reliquary","Replay The Spire","StSLib"],"gold_per_floor":[116,43,43,43,62,96,96,108,108,108,120,137,137,171,171,266,266,284,209,48,48,48,48,148,166,166,166,185,211,211,222,222,222,222],"floor_reached":33,"language":"ENG","playtime":1177,"items_purged":[],"score":328,"play_id":"dc4c1b18-82e0-4e06-98be-d69e3e213f33","local_time":"20210215103415","is_ascension_mode":true,"campfire_choices":[{"floor":10.0,"key":"REST"},{"floor":13.0,"key":"REST"},{"data":"ReplayTheSpireMod:Fabricate Wheel","floor":15.0,"key":"SMITH"},{"data":"Self Repair","floor":23.0,"key":"SMITH"},{"data":"Self Repair","floor":27.0,"key":"SMITH"},{"floor":30,"key":"REST"},{"floor":32,"key":"REST"}],"circlet_count":0,"master_deck":["Strike_B","Strike_B","Strike_B","Defend_B","Zap","Dualcast","Defragment","Gash","Leap","Sweeping Beam+1","Ball Lightning+1","Self Repair+1","Sweeping Beam+1","Self Repair+1","Creative AI+1","Gash+1","Conserve Battery","Loop+1","Defragment","hubris:DuctTapeCard","Reinforced Body+1","Static Discharge","Streamline+1","Self Repair","Rebound+1"],"relics":["Cracked Core","halation:EternalFortune","Molten Egg 2","Pondfish Scales","The Courier","Replay:Towering Pillar of Hats","reliquary:PrincelyHelmet","Prayer Wheel","hubris:HollowSoul","Replay:Wax Seal","Mirror","hubris:DuctTape","Strawberry"],"acts_visited":["Exordium","TheCity"],"potions_floor_usage":[33,33],"damage_taken":[{"damage":0.0,"enemies":"Small Slimes","floor":1.0,"turns":2.0},{"damage":3.0,"enemies":"Jaw Worm","floor":5.0,"turns":4.0},{"damage":10.0,"enemies":"Replay:BlueRogue","floor":6.0,"turns":5.0},{"damage":0.0,"enemies":"Cultist","floor":8.0,"turns":2.0},{"damage":7.0,"enemies":"2 Fungi Beasts","floor":11.0,"turns":3.0},{"damage":16.0,"enemies":"Exordium Thugs","floor":12.0,"turns":3.0},{"damage":16.0,"enemies":"3 Sentries","floor":14.0,"turns":4.0},{"damage":70.0,"enemies":"Hexaghost","floor":16.0,"turns":11.0},{"damage":19.0,"enemies":"2 Thieves","floor":18.0,"turns":4.0},{"damage":20.0,"enemies":"Chosen","floor":25.0,"turns":5.0},{"damage":22.0,"enemies":"Snake Plant","floor":28.0,"turns":4.0},{"damage":37,"enemies":"Gremlin Leader","floor":29,"turns":7},{"damage":62,"enemies":"Shelled Parasite and Fungi","floor":31,"turns":7},{"damage":18,"enemies":"Champ","floor":33,"turns":2}],"seed_played":"-460422415475879791","potions_obtained":[{"floor":6.0,"key":"Fire Potion"},{"floor":11.0,"key":"Fire Potion"},{"floor":12.0,"key":"Energy Potion"},{"floor":14.0,"key":"LiquidBronze"},{"floor":28,"key":"Swift Potion"},{"floor":31,"key":"Block Potion"}],"is_trial":false,"path_per_floor":["M","$","?","?","M","E","T","M","T","R","M","M","R","E","R","B",null,"M","?","$","?","T","R","?","M","T","R","M","E","R","M","R","B"],"character_chosen":"DEFECT","items_purchased":["Gash","Leap","Loop+1","Defragment","Replay:Wax Seal"],"campfire_rested":4,"item_purchase_floors":[2,2,20,20,20],"current_hp_per_floor":[75,75,78,60,57,47,47,47,47,70,66,57,81,72,72,9,81,76,76,76,76,76,76,76,73,73,73,71,61,87,55,81,0,0],"gold":222,"neow_bonus":"REMOVE_CARD","is_daily":false,"chose_seed":false,"campfire_upgraded":3,"win_rate":0.0,"timestamp":1613403255,"path_taken":["M","$","?","?","M","E","?","M","T","R","M","?","R","E","R","BOSS","M","?","$","?","?","R","?","?","T","R","M","E","R","M","R","BOSS"],"items_purchased_type":["Card","Card","Card","Card","Relic"],"build_version":"2020-12-22","purchased_purges":0,"victory":false,"max_hp_per_floor":[75,75,78,78,78,78,78,78,78,78,81,81,81,81,81,81,81,81,81,81,81,81,81,81,81,81,81,81,88,88,88,88,88,88],"card_choices":[{"not_picked":["Leap","Ball Lightning"],"picked":"Defragment","floor":1.0},{"not_picked":["Panic Button","Time Bomb"],"picked":"Sweeping Beam+1","floor":5.0},{"not_picked":["BasicCrystalCard","Stack"],"picked":"ReplayTheSpireMod:Fabricate Wheel","floor":6.0},{"not_picked":["Steam Power","ReplayTheSpireMod:System Scan"],"picked":"Ball Lightning+1","floor":8.0},{"not_picked":["Streamline+1","Leap"],"picked":"Self Repair","floor":11.0},{"not_picked":["Chaos","Stack","Sweeping Beam+1"],"picked":"SKIP","floor":12.0},{"not_picked":["Chaos","Stack"],"picked":"Sweeping Beam+1","floor":12.0},{"not_picked":["Turbo","ReplayTheSpireMod:Repulse"],"picked":"Self Repair","floor":14.0},{"not_picked":["Redo","ReplaySort"],"picked":"Gash+1","floor":18.0},{"not_picked":["ReplayTheSpireMod:GoodbyeWorld+1","Stack"],"picked":"Conserve Battery","floor":18.0},{"not_picked":["ReplaySort+1","Skim+1","Beam Cell+1"],"picked":"SKIP","floor":25.0},{"not_picked":["Barrage+1","Darkness","Hello World"],"picked":"SKIP","floor":25.0},{"not_picked":["Consume","Hologram"],"picked":"Reinforced Body+1","floor":28},{"not_picked":["Go for the Eyes+1","Sweeping Beam+1"],"picked":"Static Discharge","floor":28},{"not_picked":["FIFO Queue","ReplayTheSpireMod:Reroute Power+1"],"picked":"Streamline+1","floor":29},{"not_picked":["Capacitor+1","ReplaySolidLightProjector"],"picked":"Self Repair","floor":31},{"not_picked":["Panic Button","BasicCrystalCard+1"],"picked":"Rebound+1","floor":31}],"player_experience":312771,"relics_obtained":[{"floor":6.0,"key":"Pondfish Scales"},{"floor":7.0,"key":"The Courier"},{"floor":9.0,"key":"Replay:Towering Pillar of Hats"},{"floor":11.0,"key":"halation:EternalFortune"},{"floor":14.0,"key":"reliquary:PrincelyHelmet"},{"floor":22.0,"key":"Mirror"},{"floor":26.0,"key":"hubris:DuctTape"},{"floor":29,"key":"Strawberry"}],"event_choices":[{"damage_healed":0.0,"max_hp_gain":0.0,"max_hp_loss":0.0,"gold_gain":0.0,"event_name":"Scrap Ooze","player_choice":"Success","floor":4.0,"gold_loss":0.0,"damage_taken":18.0,"relics_obtained":["Molten Egg 2"]},{"cards_removed":["Strike_B"],"damage_healed":0.0,"max_hp_gain":0.0,"max_hp_loss":0.0,"gold_gain":0.0,"event_name":"Beggar","player_choice":"Gave Gold","floor":19.0,"gold_loss":75.0,"damage_taken":0.0},{"damage_healed":0.0,"max_hp_gain":0.0,"max_hp_loss":0.0,"gold_gain":100.0,"event_name":"Golden Shrine","player_choice":"Pray","floor":24.0,"gold_loss":0.0,"damage_taken":0.0}],"is_beta":false,"boss_relics":[{"not_picked":["Fusion Hammer","reliquary:RedCape"],"picked":"hubris:HollowSoul"}],"items_purged_floors":[],"is_endless":false,"potions_floor_spawned":[6,11,12,14,28,31],"killed_by":"Champ","ascension_level":4}}