{"host":"1eshbq9n813iloto","time":1613430709,"event":{"mods":["BaseMod","Better Third Choice","Hubris","Infinite Spire","Lobotomy","LobotomyExtend","Minty Spire (QoL Compilation)","StSLib"],"gold_per_floor":[119,69,81,81,81,81,42,42,67,0,12,44,44,63,63,63,63],"floor_reached":16,"language":"ENG","playtime":1450,"items_purged":[],"score":98,"play_id":"d14390ad-2bc5-4c0b-9bf1-bfc9158e2c94","local_time":"20210215181149","is_ascension_mode":false,"campfire_choices":[{"data":"Inflame","floor":6,"key":"SMITH"},{"data":"Carnage","floor":8,"key":"SMITH"},{"data":"hubris:ReadiedAction","floor":13,"key":"SMITH"},{"data":"Pummel","floor":15,"key":"SMITH"}],"circlet_count":0,"master_deck":["Strike_R","Strike_R","Strike_R","Strike_R","Defend_R","Defend_R","Defend_R","Defend_R","Bash","CrumblingArmor","Inflame+1","ShyLook","Shrug It Off","Carnage+1","Pummel+1","Scorched","hubris:ReadiedAction+1","Variant","Hemokinesis","MHz","Feel No Pain"],"relics":["Burning Blood","CogitoBucket","LetterFromLob","infinitespire:Satchel","Orichalcum"],"acts_visited":["Exordium"],"potions_floor_usage":[16,16],"damage_taken":[{"damage":0,"enemies":"Small Slimes","floor":1,"turns":3},{"damage":3,"enemies":"2 Louse","floor":3,"turns":3},{"damage":0,"enemies":"Jaw Worm","floor":11,"turns":3},{"damage":5,"enemies":"3 Sentries","floor":12,"turns":4},{"damage":2,"enemies":"Looter","floor":14,"turns":2},{"damage":88,"enemies":"Hexaghost","floor":16,"turns":9}],"seed_played":"-5896028382621806502","potions_obtained":[{"floor":1,"key":"Block Potion"},{"floor":12,"key":"Dexterity Potion"}],"is_trial":false,"path_per_floor":["M","?","M","?","?","R","$","R","T","$","M","E","R","M","R","B"],"character_chosen":"IRONCLAD","items_purchased":["Carnage","Pummel"],"campfire_rested":0,"item_purchase_floors":[7,10],"current_hp_per_floor":[80,80,80,80,85,85,85,85,85,85,85,85,85,85,85,0,0],"gold":63,"neow_bonus":"","is_daily":false,"chose_seed":false,"campfire_upgraded":4,"win_rate":0.0,"timestamp":1613430709,"path_taken":["M","?","M","?","?","R","$","R","T","$","M","E","R","?","R","BOSS"],"items_purchased_type":["Card","Card"],"build_version":"2020-12-13","purchased_purges":0,"victory":false,"max_hp_per_floor":[80,80,80,80,85,85,85,85,85,85,85,85,85,85,85,85,85],"card_choices":[{"not_picked":["FieryBird","SpiderBud"],"picked":"CrumblingArmor","floor":1},{"not_picked":["Armaments","Flex"],"picked":"Inflame","floor":1},{"not_picked":["UniverseFragment","GalaxyChild"],"picked":"ShyLook","floor":3},{"not_picked":["Body Slam","Flex"],"picked":"Shrug It Off","floor":3},{"not_picked":["UniverseFragment","OldLady"],"picked":"Scorched","floor":11},{"not_picked":["Blood for Blood","Perfected Strike"],"picked":"hubris:ReadiedAction","floor":11},{"not_picked":["BeautyBeast","QueenBee"],"picked":"Variant","floor":12},{"not_picked":["Carnage","Barricade"],"picked":"Hemokinesis","floor":12},{"not_picked":["UniverseFragment","LittleHelper"],"picked":"MHz","floor":14},{"not_picked":["Clothesline","Burning Pact"],"picked":"Feel No Pain","floor":14}],"player_experience":782,"relics_obtained":[{"floor":1,"key":"LetterFromLob"},{"floor":9,"key":"infinitespire:Satchel"},{"floor":12,"key":"Orichalcum"}],"event_choices":[{"cards_removed":["Strike_R"],"damage_healed":0,"gold_gain":0,"player_choice":"Card Removal","damage_taken":0,"max_hp_gain":0,"max_hp_loss":0,"event_name":"The Cleric","floor":2,"gold_loss":50},{"damage_healed":0,"gold_gain":0,"player_choice":"Donut","damage_taken":0,"max_hp_gain":5,"max_hp_loss":0,"event_name":"Big Fish","floor":5,"gold_loss":0}],"is_beta":false,"boss_relics":[],"items_purged_floors":[],"is_endless":false,"potions_floor_spawned":[1,12],"killed_by":"Hexaghost","ascension_level":0}}