{"host":"mykjnfgvckiyjptv","time":1613366284,"event":{"mods":["2.2 Compatiblity","Act Like it!","Aspiration","BaseMod","Better Altar","Better Third Choice","BetterRewards","Card Forge","Custom Start","Energized Spire","GifTheSpireLib","Gold Saver","Halation","Hubris","Infinite Spire","Jedi Mod","Minty Spire (QoL Compilation)","Pale of the Ancients","Permanent Neow","RatMod","Replay The Spire","Shop Mod","Small Relic Pack","Spicy Shops","Spikes Relics","StSLib","Stuff the Spire","SuperFastMode","The Servant 0.9.4","??????REMEMod"],"gold_per_floor":[602,602,621,639,639,639,673,96,123,123,203,203,237,257,257,335,335,347,347,178,190,210,210,210,210,235,261,279,306,306],"floor_reached":29,"language":"ENG","playtime":1999,"items_purged":["Strike_G"],"score":992,"play_id":"a84b6f1f-38d0-4fc1-9c7f-786865710e7d","local_time":"20210214231804","is_ascension_mode":true,"campfire_choices":[{"floor":6,"key":"REST"},{"floor":15,"key":"REST"},{"floor":23,"key":"RECALL"},{"data":"Defend_G","floor":25,"key":"SMITH"}],"circlet_count":0,"master_deck":["AscendersBane","Strike_G","Strike_G","Strike_G","Strike_G","Defend_G","Defend_G","Defend_G+1","Defend_G","Survivor+1","Neutralize+1","REME_ShadowStrike+1","Tactician+1","Backflip+1","Barricade+1","StuffTheSpire:ClusterCrunch+1","infinitespire:SevenWalls+1","Acrobatics+1","Assess+1","StuffTheSpire:BumpUp+1","Adrenaline+1","Escape Plan+1","Footwork+1","Dodge and Roll+1","rat:RuptureArtery"],"relics":["Ring of the Snake","Hammer of Thor","Seething Fire","Anvil of the Gods","REME_ComplimentaryCards","MerchantsRug","hubris:SlimyHat","Centennial Puzzle","MiniBlackHole","hubris:Icosahedron","halation:PromiseList","StuffTheSpire:Kangaroo","halation:StarCompass","aspiration:HatOfInfinitePower","hubris:Towel","StuffTheSpire:Mouthbags","Strawberry"],"acts_visited":["Exordium","TheCity"],"potions_floor_usage":[1,13,18,29],"damage_taken":[{"damage":0,"enemies":"Cultist","floor":1,"turns":4},{"damage":0,"enemies":"2 Louse","floor":3,"turns":3},{"damage":3,"enemies":"Small Slimes","floor":4,"turns":4},{"damage":0,"enemies":"Replay:BlueRogue","floor":7,"turns":8},{"damage":0,"enemies":"Gremlin Nob","floor":13,"turns":3},{"damage":0,"enemies":"2 Fungi Beasts","floor":14,"turns":3},{"damage":5,"enemies":"Fading Forest","floor":16,"turns":13},{"damage":0,"enemies":"Spheric Guardian","floor":18,"turns":1},{"damage":5,"enemies":"Shell Parasite","floor":21,"turns":5},{"damage":0,"enemies":"Shelled Parasite and Fungi","floor":22,"turns":6},{"damage":0,"enemies":"REME_1_Revenger","floor":27,"turns":6},{"damage":0,"enemies":"3 Cultists","floor":28,"turns":5},{"damage":9,"enemies":"Gremlin Leader","floor":29,"turns":7}],"seed_played":"7999516838667347037","potions_obtained":[{"floor":1,"key":"REME_GoldPotion"},{"floor":7,"key":"LiquidMemories"},{"floor":14,"key":"Energy Potion"},{"floor":22,"key":"FearPotion"}],"is_trial":false,"path_per_floor":["M","?","M","M","?","R","E","$","T","?","?","T","E","M","R","B",null,"M","?","$","M","M","R","?","R","T","E","M","E"],"character_chosen":"THE_SILENT","items_purchased":["REME_ShadowStrike","Tactician","TheAbacus","MerchantsRug","hubris:SlimyHat","Centennial Puzzle","Assess","aspiration:HatOfInfinitePower","Dodge and Roll+1","Footwork"],"campfire_rested":2,"item_purchase_floors":[0,0,0,8,8,8,8,20,20,20],"current_hp_per_floor":[45,45,45,42,27,46,46,46,46,46,46,46,46,46,65,66,66,66,66,66,61,61,61,61,61,61,68,68,59,59],"gold":306,"neow_bonus":"","is_daily":false,"chose_seed":false,"campfire_upgraded":1,"win_rate":0.0,"timestamp":1613366284,"path_taken":["M","?","?","M","?","R","E","$","T","?","?","?","E","M","R","BOSS","M","?","$","M","M","R","?","R","T","E","M","E"],"items_purchased_type":["Card","Card","Relic","Relic","Relic","Relic","Card","Relic","Card","Card"],"build_version":"2020-12-22","purchased_purges":1,"victory":false,"max_hp_per_floor":[66,66,66,66,66,66,66,66,66,66,66,66,66,66,66,66,66,66,66,66,66,66,66,66,66,66,73,73,73,73],"card_choices":[{"not_picked":["Poisoned Stab","Choke"],"picked":"Backflip","floor":1},{"not_picked":["PiercingWail","rat:Garrote","StuffTheSpire:ReptileScales"],"picked":"SKIP","floor":3},{"not_picked":["Outmaneuver","Predator"],"picked":"StuffTheSpire:ClusterCrunch","floor":4},{"not_picked":["ReplayTheSpireMod:Black Plague","hubris:Rewind"],"picked":"infinitespire:SevenWalls","floor":5},{"not_picked":["REME_CopyPotion","Heel Hook"],"picked":"Acrobatics","floor":7},{"not_picked":["Dagger Spray","StuffTheSpire:ClusterCrunch","REME_ShadowStrike"],"picked":"SKIP","floor":13},{"not_picked":["Dodge and Roll","rat:DextrousStrike"],"picked":"StuffTheSpire:BumpUp","floor":14},{"not_picked":["Poison Darts","Storm of Steel"],"picked":"Adrenaline","floor":16},{"not_picked":["jedi:poisonivy+1","hubris:SlightOfHand"],"picked":"Escape Plan","floor":18},{"not_picked":["StuffTheSpire:BumpUp","Acrobatics","ReplayTheSpireMod:Speed Training"],"picked":"SKIP","floor":21},{"not_picked":["rat:Shadowstep+1","Slice","rat:OpeningStrike"],"picked":"SKIP","floor":22},{"not_picked":["Underhanded Strike","rat:RuptureArtery","StuffTheSpire:Python"],"picked":"SKIP","floor":27},{"not_picked":["Underhanded Strike","rat:RuptureArtery","StuffTheSpire:Python"],"picked":"SKIP","floor":27},{"not_picked":["Flying Knee","Poisoned Stab"],"picked":"rat:RuptureArtery","floor":28},{"not_picked":["Distraction","StuffTheSpire:BumpUp","Atom Bomb"],"picked":"SKIP","floor":29}],"player_experience":446263,"relics_obtained":[{"floor":7,"key":"Replay:Arrowhead"},{"floor":9,"key":"MiniBlackHole"},{"floor":13,"key":"halation:PromiseList"},{"floor":26,"key":"StuffTheSpire:Mouthbags"},{"floor":27,"key":"Strawberry"}],"event_choices":[{"cards_removed":["Defend_G"],"damage_healed":0,"gold_gain":0,"player_choice":"Offered Basic","damage_taken":0,"max_hp_gain":0,"max_hp_loss":0,"event_name":"Bonfire Elementals","floor":2,"gold_loss":0},{"damage_healed":0,"gold_gain":80,"player_choice":"Gained Gold","damage_taken":0,"max_hp_gain":0,"max_hp_loss":0,"event_name":"Golden Wing","floor":11,"gold_loss":0}],"is_beta":false,"boss_relics":[{"not_picked":["aspiration:PoetsPen_weak","hubris:CrackedHourglass"],"picked":"StuffTheSpire:Kangaroo"}],"items_purged_floors":[0],"is_endless":false,"potions_floor_spawned":[1,7,14,22,27],"killed_by":"Gremlin Leader","ascension_level":20}}