{"host":"jr8vrtwn64siegs0","time":1613361530,"event":{"mods":["2.2 Compatiblity","BaseMod","Better Third Choice","BetterRewards","Colored Map","Downfall","Friendly Minions","Hubris","Jorbs\u0027s Wanderer Trilogy","Minty Spire (QoL Compilation)","Quick Restart","Shop Mod","StSLib","The Bug Knight","everything is the same but u backflip on backflip"],"gold_per_floor":[144,198,157,157,206,256,308,308,332,366,416,446,446,24,24,146,146,182,182,182,182,217,246,246,246,246,246,316,216,245,32,32,158,158,190,190,190,240,277,305,305,334,360,53,53,100,100,22,22,22],"floor_reached":51,"language":"ENG","playtime":6833,"items_purged":["Guardian:Strike_Guardian","HandOfGreed","Guardian:Strike_Guardian"],"score":901,"play_id":"483eb867-d4e3-40b4-99e3-1147e633a2b7","local_time":"20210214195850","daily_mods":["Allstar","Colorless Cards","Heirloom","Flight"],"is_ascension_mode":false,"campfire_choices":[{"floor":8.0,"key":"REST"},{"data":"Guardian:CurlUp","floor":13.0,"key":"SMITH"},{"data":"Chrysalis","floor":15.0,"key":"SMITH"},{"data":"hubris:EnhanceAbility","floor":24.0,"key":"SMITH"},{"data":"Guardian:ConstructionForm","floor":32,"key":"SMITH"},{"data":"hubris:EnhanceAbility","floor":41,"key":"SMITH"},{"data":"Guardian:RevengeProtocol","floor":47,"key":"SMITH"},{"data":"Guardian:SpikerProtocol","floor":49,"key":"SMITH"}],"circlet_count":0,"master_deck":["Guardian:Strike_Guardian","Guardian:Strike_Guardian","Guardian:Defend_Guardian","Guardian:Defend_Guardian+1","Guardian:Defend_Guardian+1","Guardian:CurlUp+1","Guardian:TwinSlam","Chrysalis+1","Secret Weapon+1","Violence","HandOfGreed","hubris:Insight","Guardian:SpikerProtocol+1","Guardian:ShieldSpikes","Guardian:Recover","Guardian:PrimingBeam","Guardian:RevengeProtocol+1","Guardian:Reroute+1","hubris:EnhanceAbility+1","Mayhem","Guardian:ConstructionForm+1","Guardian:WalkerClaw+1","hubris:EnhanceAbility+1","Jack Of All Trades+1","Guardian:BodySlam+1","Guardian:ChargeCore"],"relics":["Guardian:ModeShifterPlus","Ice Cream","betterThird:SlimedRelic","hubris:Towel","Nunchaku","Oddly Smooth Stone","bronze:BronzeIdol","Juzu Bracelet","Omamori","Centennial Puzzle","War Paint","WarpedTongs","Guardian:PocketSentry","Toy Ornithopter","hubris:TinFlute","Guardian:PickAxe","hubris:VirtuousBlindfold","Guardian:StasisEgg","hubris:64BitClover","Strawberry","hexamod:BolsterEngine","Art of War","Whetstone","sneckomod:BlankCard"],"acts_visited":["Exordium","TheCity","TheBeyond"],"potions_floor_usage":[28,39,40,50],"damage_taken":[{"damage":1.0,"enemies":"Jaw Worm","floor":1.0,"turns":4.0},{"damage":5.0,"enemies":"Small Slimes","floor":2.0,"turns":5.0},{"damage":20.0,"enemies":"Gremlin Nob","floor":6.0,"turns":4.0},{"damage":15.0,"enemies":"Lagavulin","floor":7.0,"turns":9.0},{"damage":0.0,"enemies":"Cultist","floor":10.0,"turns":4.0},{"damage":14.0,"enemies":"Gremlin Nob","floor":11.0,"turns":3.0},{"damage":5.0,"enemies":"Blue Slaver","floor":12.0,"turns":5.0},{"damage":4.0,"enemies":"Hexaghost","floor":16.0,"turns":7.0},{"damage":0.0,"enemies":"Spheric Guardian","floor":18.0,"turns":4.0},{"damage":0.0,"enemies":"Chosen","floor":22.0,"turns":6.0},{"damage":0.0,"enemies":"Book of Stabbing","floor":23.0,"turns":5.0},{"damage":0,"enemies":"Slavers","floor":28,"turns":7},{"damage":14,"enemies":"Gremlin Leader","floor":30,"turns":9},{"damage":19,"enemies":"Collector","floor":33,"turns":18},{"damage":0,"enemies":"Orb Walker","floor":35,"turns":4},{"damage":0,"enemies":"Mind Bloom Boss Battle","floor":38,"turns":6},{"damage":0,"enemies":"3 Shapes","floor":39,"turns":5},{"damage":0,"enemies":"Reptomancer","floor":40,"turns":6},{"damage":0,"enemies":"Nemesis","floor":42,"turns":5},{"damage":0,"enemies":"Reptomancer","floor":46,"turns":6},{"damage":6,"enemies":"Time Eater","floor":50,"turns":8}],"seed_played":"-6262134121094443256","potions_obtained":[{"floor":1.0,"key":"sneckomod:MuddlingPotion"},{"floor":2.0,"key":"Block Potion"},{"floor":7.0,"key":"Fire Potion"},{"floor":16.0,"key":"ColorlessPotion"},{"floor":22.0,"key":"GamblersBrew"},{"floor":28,"key":"Explosive Potion"},{"floor":33,"key":"Swift Potion"},{"floor":35,"key":"Fire Potion"},{"floor":38,"key":"Regen Potion"},{"floor":39,"key":"LiquidMemories"}],"is_trial":true,"path_per_floor":["M","M","?","?","T","E","E","R","T","M","E","M","R","$","R","B",null,"M","?","?","?","M","E","R","?","T","?","E","$","E","$","R","B",null,"M","?","?","?","M","E","R","E","T","$","?","E","R","$","R","B",null],"character_chosen":"GUARDIAN","items_purchased":["Guardian:Gem_Red","Centennial Puzzle","War Paint","Guardian:ConstructionForm","Guardian:WalkerClaw","Whetstone","Guardian:ChargeCore","bronze:BurnAndBuffPotion"],"campfire_rested":1,"item_purchase_floors":[14,14,14,31,31,44,44,48],"current_hp_per_floor":[79,74,63,63,63,43,28,52,52,52,38,33,33,33,33,29,80,80,80,80,80,80,80,80,80,80,80,80,80,66,66,66,47,80,80,80,80,80,80,87,87,87,87,87,87,87,87,87,87,81],"gold":22,"neow_bonus":"","is_daily":false,"chose_seed":false,"campfire_upgraded":7,"win_rate":0.0,"timestamp":1613361530,"path_taken":["M","M","?","?","?","E","E","R","T","M","E","M","R","$","R","BOSS","M","?","?","?","M","E","R","?","T","?","E","$","E","?","R","BOSS","M","?","?","?","M","E","R","E","T","$","?","E","R","?","R","BOSS"],"items_purchased_type":["Card","Relic","Relic","Card","Card","Relic","Card","Potion"],"build_version":"2020-12-22","purchased_purges":3,"victory":true,"max_hp_per_floor":[80,80,80,80,80,80,80,80,80,80,80,80,80,80,80,80,80,80,80,80,80,80,80,80,80,80,80,80,80,80,80,80,80,80,80,80,80,80,80,87,87,87,87,87,87,87,87,87,87,87],"card_choices":[{"not_picked":["Guardian:FloatingOrbs","Guardian:TemporalShield"],"picked":"Guardian:Gem_Green","floor":1.0},{"not_picked":["Guardian:CrystalBeam","Guardian:Planning"],"picked":"hubris:Insight","floor":2.0},{"not_picked":["Bandage Up","Dramatic Entrance"],"picked":"Guardian:SpikerProtocol","floor":6.0},{"not_picked":["Deep Breath","Violence"],"picked":"Guardian:ShieldSpikes","floor":7.0},{"not_picked":["Dramatic Entrance","Guardian:Reroute"],"picked":"Guardian:Recover","floor":10.0},{"not_picked":["Good Instincts","Bandage Up"],"picked":"Guardian:PrimingBeam","floor":11.0},{"not_picked":["Guardian:RefractedBeam","Panacea"],"picked":"Guardian:Gem_Lightblue","floor":12.0},{"not_picked":["Apotheosis","The Bomb"],"picked":"Guardian:RevengeProtocol","floor":16.0},{"not_picked":["Guardian:FloatingOrbs","Guardian:CrystalBeam+1"],"picked":"Guardian:Reroute","floor":18.0},{"not_picked":["PanicButton","Trip"],"picked":"hubris:EnhanceAbility","floor":22.0},{"not_picked":["Guardian:TemporalStrike","Guardian:Gem_Cyan"],"picked":"Mayhem","floor":23.0},{"not_picked":["Guardian:CrystalBeam","Purity"],"picked":"Guardian:Gem_Green","floor":28},{"not_picked":["Dramatic Entrance","Violence"],"picked":"Guardian:Gem_Green","floor":30},{"not_picked":["Secret Weapon","Violence"],"picked":"hubris:EnhanceAbility","floor":33},{"not_picked":["Guardian:Recover","Guardian:WalkerClaw"],"picked":"Jack Of All Trades+1","floor":35},{"not_picked":["Guardian:CrystalBeam","Guardian:Recover","Guardian:TemporalShield+1"],"picked":"SKIP","floor":39},{"not_picked":["Guardian:BronzeArmor+1","Guardian:ArmoredProtocol"],"picked":"Guardian:BodySlam+1","floor":40},{"not_picked":["Guardian:Gem_Green","Guardian:Emergency","Guardian:Gem_Red"],"picked":"SKIP","floor":42},{"not_picked":["Guardian:Gem_Purple","Guardian:PolyBeam","Mind Blast+1"],"picked":"SKIP","floor":46}],"player_experience":593073,"relics_obtained":[{"floor":5.0,"key":"Nunchaku"},{"floor":6.0,"key":"Oddly Smooth Stone"},{"floor":7.0,"key":"bronze:BronzeIdol"},{"floor":9.0,"key":"Juzu Bracelet"},{"floor":11.0,"key":"Omamori"},{"floor":23.0,"key":"Guardian:PocketSentry"},{"floor":26.0,"key":"Toy Ornithopter"},{"floor":28,"key":"hubris:TinFlute"},{"floor":30,"key":"Guardian:PickAxe"},{"floor":38,"key":"hubris:64BitClover"},{"floor":40,"key":"Strawberry"},{"floor":42,"key":"hexamod:BolsterEngine"},{"floor":43,"key":"Art of War"},{"floor":46,"key":"sneckomod:BlankCard"}],"event_choices":[{"damage_healed":0.0,"max_hp_gain":0.0,"max_hp_loss":0.0,"gold_gain":0.0,"event_name":"betterThird:BetterGoop","player_choice":"Slimed","floor":3.0,"gold_loss":41.0,"damage_taken":11.0},{"damage_healed":0.0,"max_hp_gain":0.0,"max_hp_loss":0.0,"gold_gain":0.0,"event_name":"Ghosts","player_choice":"Ignored","floor":21.0,"gold_loss":0.0,"damage_taken":0.0},{"damage_healed":0.0,"max_hp_gain":0.0,"max_hp_loss":0.0,"gold_gain":0.0,"event_name":"Vampires","player_choice":"Ignored","floor":25.0,"gold_loss":0.0,"damage_taken":0.0},{"cards_removed":["Guardian:Defend_Guardian"],"damage_healed":0,"gold_gain":0,"player_choice":"Removed Skill","damage_taken":0,"max_hp_gain":0,"max_hp_loss":0,"event_name":"Falling","floor":36,"gold_loss":0},{"damage_healed":0,"gold_gain":0,"player_choice":"Fight","damage_taken":0,"max_hp_gain":0,"max_hp_loss":0,"event_name":"MindBloom","floor":38,"gold_loss":0},{"damage_healed":0,"gold_gain":0,"player_choice":"Memory 1","damage_taken":0,"max_hp_gain":0,"max_hp_loss":0,"event_name":"SensoryStone","floor":45,"gold_loss":0}],"is_beta":false,"boss_relics":[{"not_picked":["Busted Crown","hubris:RunicObelisk"],"picked":"Guardian:ModeShifterPlus"},{"not_picked":["Coffee Dripper","bronze:MakeshiftBattery"],"picked":"hubris:VirtuousBlindfold"}],"items_purged_floors":[14,29,44],"is_endless":false,"potions_floor_spawned":[1,2,7,16,22,28,33,35,38,39],"ascension_level":0}}