{"host":"na09lpbrez4gbfiz","time":1613419090,"event":{"mods":["Act Like it!","BaseMod","BetterRewards","Colored Map","Colored Powertips","DeckTracker","Googly Eyes","Highlight Path","Minty Spire (QoL Compilation)","Quick Restart","Spicy Shops","StSLib","SuperFastMode","Synergy Search"],"gold_per_floor":[109,34,79,79,79,79,104,104,104,132,151,176,187,212,212,288,288,306,61,61,61,80,80,105,105,130,130,130,158,158,189,189,262,262,280,23,36,36,51,51,82,82,132,132,132],"floor_reached":44,"language":"ENG","playtime":1032,"items_purged":["Strike_R","Strike_R"],"score":1030,"play_id":"ff93a244-6703-418a-8b8d-9bade70ba101","local_time":"20210215205810","is_ascension_mode":true,"campfire_choices":[{"data":"Armaments","floor":6.0,"key":"SMITH"},{"data":"Bash","floor":8.0,"key":"SMITH"},{"floor":15,"key":"REST"},{"data":"Carnage","floor":23,"key":"SMITH"},{"floor":25,"key":"REST"},{"data":"Reaper","floor":27,"key":"SMITH"},{"data":"Searing Blow+2","floor":30,"key":"SMITH"},{"floor":32,"key":"REST"},{"floor":40,"key":"REST"},{"data":"Searing Blow+3","floor":42,"key":"SMITH"}],"circlet_count":0,"master_deck":["AscendersBane","Defend_R","Defend_R","Defend_R","Bash+1","Armaments+1","Carnage+1","Reaper+1","Uppercut+1","Searing Blow+4","Demon Form+1","Bludgeon+1","Madness","Madness","Shrug It Off"],"relics":["Burning Blood","NeowsBlessing","Pen Nib","Pantograph","Singing Bowl","Frozen Egg 2","WingedGreaves","Happy Flower","Bronze Scales","Runic Dome","Molten Egg 2","Paper Frog","Bag of Marbles","Regal Pillow","Blue Candle","Orichalcum","Empty Cage","Medical Kit","Bag of Preparation","Oddly Smooth Stone"],"acts_visited":["Exordium","TheCity","TheBeyond"],"potions_floor_usage":[14,16,16,24,24,24,29,33,33,41],"damage_taken":[{"damage":0.0,"enemies":"Cultist","floor":1.0,"turns":1.0},{"damage":0.0,"enemies":"Lagavulin","floor":7.0,"turns":1.0},{"damage":0.0,"enemies":"3 Sentries","floor":10.0,"turns":2.0},{"damage":9.0,"enemies":"Small Slimes","floor":11.0,"turns":4.0},{"damage":32.0,"enemies":"Lagavulin","floor":12.0,"turns":6.0},{"damage":2.0,"enemies":"2 Louse","floor":13.0,"turns":2.0},{"damage":28,"enemies":"Gremlin Nob","floor":14,"turns":4},{"damage":51,"enemies":"Hexaghost","floor":16,"turns":9},{"damage":11,"enemies":"3 Byrds","floor":18,"turns":3},{"damage":13,"enemies":"Spheric Guardian","floor":22,"turns":4},{"damage":23,"enemies":"Book of Stabbing","floor":24,"turns":4},{"damage":34,"enemies":"Slavers","floor":29,"turns":5},{"damage":45,"enemies":"Book of Stabbing","floor":31,"turns":5},{"damage":82,"enemies":"Collector","floor":33,"turns":9},{"damage":20,"enemies":"Orb Walker","floor":35,"turns":3},{"damage":37,"enemies":"3 Darklings","floor":37,"turns":6},{"damage":34,"enemies":"Spire Growth","floor":39,"turns":4},{"damage":40,"enemies":"Nemesis","floor":41,"turns":5},{"damage":62,"enemies":"Reptomancer","floor":44,"turns":2}],"seed_played":"-5629715427552699724","potions_obtained":[{"floor":7.0,"key":"FearPotion"},{"floor":10.0,"key":"SpeedPotion"},{"floor":14,"key":"Strength Potion"},{"floor":16,"key":"Explosive Potion"},{"floor":22,"key":"EntropicBrew"},{"floor":24,"key":"BloodPotion"},{"floor":31,"key":"ColorlessPotion"},{"floor":39,"key":"Swift Potion"},{"floor":41,"key":"Dexterity Potion"}],"is_trial":false,"path_per_floor":["M","$","T","?","?","R","E","R","T","E","M","E","M","E","R","B",null,"M","$","?","T","M","R","E","R","T","R","?","E","R","E","R","B",null,"M","$","M","?","M","R","E","R","T","E"],"character_chosen":"IRONCLAD","items_purchased":["Molten Egg 2","Medical Kit"],"campfire_rested":4,"item_purchase_floors":[19,36],"current_hp_per_floor":[74,74,74,62,62,62,70,70,70,76,75,51,57,37,62,40,74,77,77,77,77,72,72,55,81,81,81,81,71,71,34,76,33,77,65,65,66,54,26,69,37,37,37,0,0],"gold":132,"neow_bonus":"THREE_ENEMY_KILL","is_daily":false,"chose_seed":false,"campfire_upgraded":6,"win_rate":0.0,"timestamp":1613419090,"path_taken":["M","$","?","?","?","R","E","R","T","E","M","E","?","E","R","BOSS","M","$","?","?","?","R","E","R","T","R","?","E","R","E","R","BOSS","M","$","M","?","M","R","E","R","T","E"],"items_purchased_type":["Relic","Relic"],"build_version":"2020-12-22","purchased_purges":2,"victory":false,"max_hp_per_floor":[75,75,75,75,75,75,77,77,77,77,79,81,83,85,85,85,85,87,87,87,87,89,89,89,89,89,89,89,89,89,91,91,91,91,93,93,95,95,95,95,97,97,97,97,97],"card_choices":[{"not_picked":["Iron Wave","Battle Trance","Spot Weakness"],"picked":"SKIP","floor":1.0},{"not_picked":["Disarm","Thunderclap","Feed"],"picked":"Singing Bowl","floor":7.0},{"not_picked":["Rage","Twin Strike"],"picked":"Carnage","floor":10.0},{"not_picked":["Evolve+1","Body Slam","Wild Strike"],"picked":"Singing Bowl","floor":11.0},{"not_picked":["Double Tap","Seeing Red","Havoc"],"picked":"Singing Bowl","floor":12.0},{"not_picked":["Cleave","Anger","Pummel"],"picked":"Singing Bowl","floor":13.0},{"not_picked":["Infernal Blade","Clash","Second Wind"],"picked":"Singing Bowl","floor":14},{"not_picked":["Corruption+1","Impervious"],"picked":"Reaper","floor":16},{"not_picked":["Clash","Heavy Blade","Pommel Strike"],"picked":"Singing Bowl","floor":18},{"not_picked":["Dark Embrace+1","Wild Strike+1","Flex"],"picked":"Singing Bowl","floor":22},{"not_picked":["Carnage+1","Ghostly Armor"],"picked":"Uppercut+1","floor":24},{"not_picked":["Heavy Blade+1","Sever Soul+1"],"picked":"Demon Form+1","floor":29},{"not_picked":["Second Wind","Perfected Strike+1","Headbutt+1"],"picked":"Singing Bowl","floor":31},{"not_picked":["Immolate+1","Feed+1"],"picked":"Bludgeon+1","floor":33},{"not_picked":["Headbutt+1","Pummel+1","Flex"],"picked":"Singing Bowl","floor":35},{"not_picked":["Anger+1","Pommel Strike+1","Flame Barrier"],"picked":"Singing Bowl","floor":37},{"not_picked":["Havoc","Intimidate+1"],"picked":"Shrug It Off","floor":39},{"not_picked":["Power Through","Cleave+1","Evolve+1"],"picked":"Singing Bowl","floor":41}],"player_experience":219205,"relics_obtained":[{"floor":3.0,"key":"Pen Nib"},{"floor":7.0,"key":"Singing Bowl"},{"floor":9.0,"key":"Frozen Egg 2"},{"floor":10.0,"key":"WingedGreaves"},{"floor":12.0,"key":"Happy Flower"},{"floor":14,"key":"Bronze Scales"},{"floor":21,"key":"Paper Frog"},{"floor":24,"key":"Bag of Marbles"},{"floor":26,"key":"Regal Pillow"},{"floor":29,"key":"Blue Candle"},{"floor":31,"key":"Orichalcum"},{"floor":41,"key":"Bag of Preparation"},{"floor":43,"key":"Oddly Smooth Stone"}],"event_choices":[{"damage_healed":0.0,"max_hp_gain":0.0,"max_hp_loss":0.0,"gold_gain":0.0,"event_name":"Scrap Ooze","player_choice":"Success","floor":4.0,"gold_loss":0.0,"damage_taken":12.0,"relics_obtained":["Pantograph"]},{"damage_healed":0.0,"max_hp_gain":0.0,"max_hp_loss":0.0,"gold_gain":0.0,"cards_transformed":["Strike_R"],"event_name":"Transmorgrifier","player_choice":"Transformed","floor":5.0,"gold_loss":0.0,"damage_taken":0.0,"cards_obtained":["Armaments"]},{"cards_removed":["Strike_R"],"damage_healed":0,"gold_gain":0,"player_choice":"Elegance","damage_taken":0,"max_hp_gain":0,"max_hp_loss":0,"event_name":"Back to Basics","floor":20,"gold_loss":0},{"damage_healed":0,"gold_gain":0,"player_choice":"Read","damage_taken":0,"max_hp_gain":0,"max_hp_loss":0,"event_name":"The Library","floor":28,"gold_loss":0,"cards_obtained":["Searing Blow"]},{"damage_healed":0,"gold_gain":0,"player_choice":"Embrace Madness","damage_taken":12,"max_hp_gain":0,"max_hp_loss":0,"event_name":"Winding Halls","floor":38,"gold_loss":0,"cards_obtained":["Madness","Madness"]}],"is_beta":false,"boss_relics":[{"not_picked":["Ectoplasm","Astrolabe"],"picked":"Runic Dome"},{"not_picked":["Coffee Dripper","Velvet Choker"],"picked":"Empty Cage"}],"items_purged_floors":[2,36],"is_endless":false,"potions_floor_spawned":[7,10,12,14,16,22,24,31,39,41],"killed_by":"Reptomancer","ascension_level":14}}