{"host":"tod","time":1613389612,"event":{"mods":["Act Like it!","BaseMod","CapriCore","Energized Spire","Highlight Path","Lobotomy","Marisa£®ÏF”Í°°ƒß¿Ì…≥£©","Minty Spire (QoL Compilation)","Quick Restart","Reimu£®≤©¿ˆ¡È√Œ£©","Relic Filter Mod","Relic Stats","Remilia£®¿Ÿ√◊¿Ú—«£©","Replay The Spire","Shop Mod","StSLib","The Cursed","The Immortal","Yakumo Yukari mod","Youmu£®ªÍ∆«—˝√Œ£©"],"gold_per_floor":[111,129,129,140,150,150,150,150,150],"floor_reached":8,"language":"ZHS","playtime":796,"items_purged":[],"score":91,"play_id":"579a01ec-9349-40af-9957-d7c647191dfe","local_time":"20210215194652","is_ascension_mode":true,"campfire_choices":[],"circlet_count":0,"master_deck":["AscendersBane","Strike_R","Strike_R","Strike_R","Strike_R","Strike_R","Defend_R","Defend_R","Defend_R","Defend_R","Bash","Rampage","Replay:Undeath\u0027s Touch+1","Pommel Strike","Iron Wave"],"relics":["Burning Blood","Tiny Chest"],"acts_visited":["Exordium"],"potions_floor_usage":[],"damage_taken":[{"damage":4,"enemies":"2 Louse","floor":1,"turns":3},{"damage":7,"enemies":"Cultist","floor":2,"turns":4},{"damage":14,"enemies":"Jaw Worm","floor":4,"turns":4},{"damage":28,"enemies":"Exordium Wildlife","floor":5,"turns":5},{"damage":42,"enemies":"Replay:BlueRogue","floor":8,"turns":9}],"seed_played":"-3851385338142955709","potions_obtained":[{"floor":2,"key":"Venom Potion"}],"is_trial":false,"path_per_floor":["M","M","?","M","M","PTL","PTL","E"],"character_chosen":"IRONCLAD","items_purchased":[],"campfire_rested":0,"item_purchase_floors":[],"current_hp_per_floor":[70,69,69,61,39,39,39,0,0],"gold":150,"neow_bonus":"RANDOM_COMMON_RELIC","is_daily":false,"chose_seed":false,"campfire_upgraded":0,"win_rate":0.0,"timestamp":1613389612,"path_taken":["M","M","?","?","?","PTL","PTL","E"],"items_purchased_type":[],"build_version":"2020-12-18","purchased_purges":0,"victory":false,"max_hp_per_floor":[75,75,75,75,75,75,75,75,75],"relic_stats":{"counters":[5,25],"Tiny Chest":0,"obtain_stats":[{"Tiny Chest":0,"Burning Blood":0},{"Tiny Chest":0,"Burning Blood":0},{"Tiny Chest":0,"Burning Blood":0}],"Burning Blood":24},"card_choices":[{"not_picked":["Twin Strike","Headbutt"],"picked":"Rampage","floor":1},{"not_picked":["Warcry","ReplayReversal"],"picked":"Replay:Undeath\u0027s Touch","floor":2},{"not_picked":["Cleave","Headbutt"],"picked":"Pommel Strike","floor":4},{"not_picked":["Cleave","Clothesline"],"picked":"Iron Wave","floor":5}],"player_experience":384350,"relics_obtained":[],"event_choices":[{"damage_healed":0,"gold_gain":0,"player_choice":"Upgraded","damage_taken":0,"max_hp_gain":0,"max_hp_loss":0,"event_name":"Upgrade Shrine","floor":3,"gold_loss":0,"cards_upgraded":["Replay:Undeath\u0027s Touch"]}],"is_beta":true,"boss_relics":[],"items_purged_floors":[],"is_endless":false,"potions_floor_spawned":[2],"killed_by":"Replay:BlueRogue","ascension_level":18}}