{"host":"ox77rn1xcurm2t5a","time":1613427713,"event":{"mods":["2.2 Compatiblity","AchievementEnabler","Act Like it!","Aspiration","BaseMod","Best Route Mod","Better Match","Better Note","Better Sensory Stone","Block Reminder","Colored Map","Colored Powertips","Conjunction","Conspire","Custom Start","Energized Spire","GifTheSpireLib","Gold Saver","Gremlin Skip","Halation","Highlight Path","Hubris","Infinite Spire","Minty Spire (QoL Compilation)","Pale of the Ancients","Quick Restart","Replay The Spire","Reworked Bosses","ShortenTheSpire","Spire Exporter","StSLib","Stuff the Spire","Wandering Minibosses"],"gold_per_floor":[610,80,95,113,124,149,149,49,49,69,69,69,99,130,130,230,230,249,249,267,281,52,52,52],"floor_reached":23,"language":"ENG","playtime":479,"items_purged":["Defend_R","Defend_R"],"score":301,"play_id":"dd606460-e660-4b1f-a353-03869cfdf87b","local_time":"20210216002153","is_ascension_mode":true,"campfire_choices":[{"floor":7.0,"key":"RECALL"},{"data":"Bash","floor":12.0,"key":"SMITH"},{"data":"Pommel Strike","floor":15.0,"key":"SMITH"}],"circlet_count":0,"master_deck":["Strike_R","Strike_R","Strike_R","Strike_R","Strike_R","Defend_R","Defend_R","Bash+1","Anger","Anger","Pommel Strike+1","Thunderclap","Thunderclap","Limit Break","Perfected Strike","Thunderclap","Rampage"],"relics":["Burning Blood","Lee\u0027s Waffle","StuffTheSpire:ForceGauntlet","aspiration:TomeofQuesting","Omamori","Nunchaku","Bag of Preparation"],"acts_visited":["Exordium","TheCity"],"potions_floor_usage":[21,21],"damage_taken":[{"damage":6.0,"enemies":"Cultist","floor":1.0,"turns":3.0},{"damage":6.0,"enemies":"2 Louse","floor":3.0,"turns":2.0},{"damage":12.0,"enemies":"Jaw Worm","floor":4.0,"turns":2.0},{"damage":6.0,"enemies":"Lots of Slimes","floor":5.0,"turns":4.0},{"damage":37.0,"enemies":"Gremlin Nob","floor":6.0,"turns":4.0},{"damage":8.0,"enemies":"Blue Slaver","floor":10.0,"turns":2.0},{"damage":20.0,"enemies":"3 Sentries","floor":14.0,"turns":4.0},{"damage":0.0,"enemies":"Slime Boss","floor":16.0,"turns":6.0},{"damage":11.0,"enemies":"Spheric Guardian","floor":18.0,"turns":3.0},{"damage":15.0,"enemies":"3 Byrds","floor":20.0,"turns":4.0},{"damage":28,"enemies":"Sentry and Sphere","floor":21,"turns":4},{"damage":44,"enemies":"Slavers","floor":23,"turns":3}],"seed_played":"-4588599170447227312","potions_obtained":[{"floor":0.0,"key":"Venom Potion"},{"floor":0.0,"key":"conspire:TimeTravelPotion"},{"floor":0.0,"key":"Doom Potion"},{"floor":10.0,"key":"Fire Potion"},{"floor":16.0,"key":"Swift Potion"},{"floor":20.0,"key":"Adrenaline Potion"}],"is_trial":false,"path_per_floor":["M","$","M","M","M","E","R","$","T","M","$","R","?","E","R","B",null,"M","?","M","M","$","E"],"character_chosen":"IRONCLAD","items_purchased":["Lee\u0027s Waffle","StuffTheSpire:ForceGauntlet","Anger","Bag of Preparation","Rampage"],"campfire_rested":0,"item_purchase_floors":[2,2,2,22,22],"current_hp_per_floor":[80,87,87,81,81,77,77,77,77,75,75,75,75,61,61,67,87,82,82,73,51,51,7,7],"gold":52,"neow_bonus":"THREE_SMALL_POTIONS","is_daily":false,"chose_seed":false,"campfire_upgraded":2,"win_rate":0.0,"timestamp":1613427713,"path_taken":["M","$","?","M","M","E","R","$","T","?","$","R","?","E","R","BOSS","M","?","M","M","$","E"],"items_purchased_type":["Relic","Relic","Card","Relic","Card"],"build_version":"2020-12-22","purchased_purges":2,"victory":false,"max_hp_per_floor":[80,87,87,87,87,87,87,87,87,87,87,87,87,87,87,87,87,87,87,87,87,87,87,87],"card_choices":[{"not_picked":["ReplayTheSpireMod:LeadingStrike","Entrench"],"picked":"Anger","floor":1.0},{"not_picked":["Sword Boomerang","Body Slam","Sentinel"],"picked":"SKIP","floor":3.0},{"not_picked":["Dual Wield","Iron Wave"],"picked":"Pommel Strike","floor":4.0},{"not_picked":["Shrug It Off","Havoc","Wild Strike"],"picked":"SKIP","floor":5.0},{"not_picked":["ReplayTheSpireMod:Stacked","Iron Wave","Flex"],"picked":"SKIP","floor":6.0},{"not_picked":["Sword Boomerang","Impervious"],"picked":"Thunderclap","floor":10.0},{"not_picked":["Whirlwind","Run Through"],"picked":"Thunderclap","floor":14.0},{"not_picked":["Impervious","Fiend Fire"],"picked":"Limit Break","floor":16.0},{"not_picked":["Abandon","StuffTheSpire:RagingBull+1"],"picked":"Perfected Strike","floor":18.0},{"not_picked":["Anger","Pommel Strike"],"picked":"Thunderclap","floor":20.0},{"not_picked":["ReplayTheSpireMod:Muscle Training","Immolate","Run Through"],"picked":"SKIP","floor":21}],"player_experience":3106248,"relics_obtained":[{"floor":6.0,"key":"aspiration:TomeofQuesting"},{"floor":14.0,"key":"Nunchaku"}],"event_choices":[{"damage_healed":0.0,"max_hp_gain":0.0,"max_hp_loss":0.0,"gold_gain":30.0,"event_name":"Dead Adventurer","player_choice":"Searched \u00272\u0027 times","floor":13.0,"gold_loss":0.0,"damage_taken":0.0,"relics_obtained":["Omamori"]},{"damage_healed":0.0,"max_hp_gain":0.0,"max_hp_loss":0.0,"gold_gain":0.0,"event_name":"betterNote:BetterNote","player_choice":"Ignored","floor":19.0,"gold_loss":0.0,"damage_taken":0.0,"cards_obtained":["Strike_P"]}],"is_beta":false,"boss_relics":[{"not_picked":["halation:Risk","Replay:Drink Me","aspiration:SilentSkillbook"]}],"items_purged_floors":[2,8],"is_endless":false,"potions_floor_spawned":[1,4,10,16,20],"killed_by":"Slavers","ascension_level":4}}