{"host":"0kk91h4bq4kgfj0u","time":1613429280,"event":{"mods":["BaseMod","Bestiary","Block Reminder","Colored Map","Colored Powertips","Curses Come First","Highlight Path","Minty Spire (QoL Compilation)","Relic Stats","StSLib"],"gold_per_floor":[117,128,128,128,144,178,178,178,178,278,291,311,340,354,354,354,354],"floor_reached":16,"language":"ENG","playtime":386,"items_purged":[],"score":162,"play_id":"0634e29d-5a67-4ddd-aa4a-bbf64907b62e","local_time":"20210215174800","is_ascension_mode":true,"campfire_choices":[{"floor":8.0,"key":"RECALL"},{"floor":15.0,"key":"REST"}],"circlet_count":0,"master_deck":["Strike_R","Strike_R","Strike_R","Strike_R","Strike_R","Defend_R","Defend_R","Defend_R","Defend_R","Bash+1","Battle Trance","Perfected Strike","Inflame","Cleave","Flex","Iron Wave","Fire Breathing"],"relics":["Burning Blood","Bag of Marbles","Singing Bowl","Nunchaku","Charon\u0027s Ashes"],"acts_visited":["Exordium"],"potions_floor_usage":[16],"damage_taken":[{"damage":8.0,"enemies":"Jaw Worm","floor":1.0,"turns":4.0},{"damage":6.0,"enemies":"Small Slimes","floor":2.0,"turns":4.0},{"damage":0.0,"enemies":"Cultist","floor":5.0,"turns":2.0},{"damage":24.0,"enemies":"Gremlin Nob","floor":6.0,"turns":4.0},{"damage":7.0,"enemies":"3 Louse","floor":11.0,"turns":3.0},{"damage":10.0,"enemies":"Large Slime","floor":12.0,"turns":4.0},{"damage":40.0,"enemies":"3 Sentries","floor":13.0,"turns":6.0},{"damage":6.0,"enemies":"Looter","floor":14.0,"turns":2.0},{"damage":46,"enemies":"The Guardian","floor":16,"turns":9}],"seed_played":"3520538408839176372","potions_obtained":[{"floor":1.0,"key":"DuplicationPotion"},{"floor":6.0,"key":"BlessingOfTheForge"},{"floor":13.0,"key":"LiquidBronze"}],"is_trial":false,"path_per_floor":["M","M","?","$","M","E","$","R","T","?","M","M","E","M","R","B"],"character_chosen":"IRONCLAD","items_purchased":[],"campfire_rested":1,"item_purchase_floors":[],"current_hp_per_floor":[70,70,70,70,76,58,58,58,58,58,57,55,21,21,45,0,0],"gold":354,"neow_bonus":"RANDOM_COMMON_RELIC","is_daily":false,"chose_seed":false,"campfire_upgraded":0,"win_rate":0.0,"timestamp":1613429280,"path_taken":["M","M","?","$","M","E","$","R","T","?","?","M","E","M","R","BOSS"],"items_purchased_type":[],"build_version":"2020-12-22","purchased_purges":0,"victory":false,"max_hp_per_floor":[80,80,80,80,80,80,80,80,80,80,80,82,82,82,82,82,82],"relic_stats":{"Nunchaku":[3],"Singing Bowl":2,"counters":[9,38],"Charon\u0027s Ashes":[0],"obtain_stats":[{"Nunchaku":9,"Singing Bowl":6,"Charon\u0027s Ashes":13,"Bag of Marbles":0,"Burning Blood":0},{"Nunchaku":4,"Singing Bowl":4,"Charon\u0027s Ashes":7,"Bag of Marbles":0,"Burning Blood":0},{"Nunchaku":14,"Singing Bowl":14,"Charon\u0027s Ashes":27,"Bag of Marbles":0,"Burning Blood":0}],"Burning Blood":48},"card_choices":[{"not_picked":["Pummel","Feel No Pain"],"picked":"Battle Trance","floor":1.0},{"not_picked":["Hemokinesis","Carnage"],"picked":"Perfected Strike","floor":2.0},{"not_picked":["Wild Strike","Clothesline"],"picked":"Inflame","floor":5.0},{"not_picked":["Combust","Headbutt"],"picked":"Cleave","floor":6.0},{"not_picked":["Body Slam","Searing Blow"],"picked":"Flex","floor":11.0},{"not_picked":["Perfected Strike","Clash","Rampage"],"picked":"Singing Bowl","floor":12.0},{"not_picked":["Headbutt","Juggernaut"],"picked":"Iron Wave","floor":13.0},{"not_picked":["Warcry","Pommel Strike"],"picked":"Fire Breathing","floor":14.0}],"player_experience":882238,"relics_obtained":[{"floor":6.0,"key":"Singing Bowl"},{"floor":9.0,"key":"Nunchaku"},{"floor":13.0,"key":"Charon\u0027s Ashes"}],"event_choices":[{"damage_healed":0.0,"max_hp_gain":0.0,"max_hp_loss":0.0,"gold_gain":0.0,"event_name":"Living Wall","player_choice":"Grow","floor":3.0,"gold_loss":0.0,"damage_taken":0.0,"cards_upgraded":["Bash"]},{"damage_healed":0.0,"max_hp_gain":0.0,"max_hp_loss":0.0,"gold_gain":100.0,"event_name":"Golden Shrine","player_choice":"Pray","floor":10.0,"gold_loss":0.0,"damage_taken":0.0}],"is_beta":false,"boss_relics":[],"items_purged_floors":[],"is_endless":false,"potions_floor_spawned":[1,6,13],"killed_by":"The Guardian","ascension_level":9}}