{"host":"gaqyve1328ta0etl","time":1613431078,"event":{"mods":["BaseMod","Colored Map","Colored Powertips","Duelist Mod","Googly Eyes","Hero for Fun","Minty Spire (QoL Compilation)","Shop Mod","StSLib","SuperFastMode","The Hierophant","The Runesmith"],"gold_per_floor":[114,114,129,49,49,49,62,90,90,90,190,10,10,21,21,21,21],"floor_reached":16,"language":"ENG","playtime":257,"items_purged":[],"score":147,"play_id":"54763405-1efb-470d-8973-6eea4739778e","local_time":"20210215151758","is_ascension_mode":true,"campfire_choices":[{"data":"Zap","floor":6,"key":"SMITH"},{"data":"Dualcast","floor":10,"key":"SMITH"},{"floor":13,"key":"REST"},{"data":"Hyperbeam","floor":15,"key":"SMITH"}],"circlet_count":0,"master_deck":["AscendersBane","Strike_B","Strike_B","Strike_B","Defend_B","Defend_B","Defend_B","Defend_B","Zap+1","Dualcast+1","Cold Snap","All For One","Genetic Algorithm","Hyperbeam+1","Doom and Gloom","Skim"],"relics":["Cracked Core","Bronze Scales","Regal Pillow","Symbiotic Virus","Blood Vial"],"acts_visited":["Exordium"],"potions_floor_usage":[8],"damage_taken":[{"damage":4,"enemies":"Small Slimes","floor":1,"turns":3},{"damage":1,"enemies":"2 Louse","floor":3,"turns":2},{"damage":6,"enemies":"Cultist","floor":7,"turns":2},{"damage":17,"enemies":"Gremlin Nob","floor":8,"turns":3},{"damage":8,"enemies":"Blue Slaver","floor":14,"turns":2},{"damage":70,"enemies":"Hexaghost","floor":16,"turns":9}],"seed_played":"-7610064055822956339","potions_obtained":[{"floor":3,"key":"DistilledChaos"},{"floor":14,"key":"Dexterity Potion"}],"is_trial":false,"path_per_floor":["M","?","M","$","?","R","M","E","T","R","?","$","R","M","R","B"],"character_chosen":"DEFECT","items_purchased":["All For One","Blood Vial","Doom and Gloom"],"campfire_rested":1,"item_purchase_floors":[4,12,12],"current_hp_per_floor":[64,64,63,63,63,63,57,40,40,40,40,40,75,67,67,0,0],"gold":21,"neow_bonus":"RANDOM_COMMON_RELIC","is_daily":false,"chose_seed":false,"campfire_upgraded":3,"win_rate":0.0,"timestamp":1613431078,"path_taken":["M","?","M","$","?","R","?","E","T","R","?","?","R","M","R","BOSS"],"items_purchased_type":["Card","Relic","Card"],"build_version":"2020-12-22","purchased_purges":0,"victory":false,"max_hp_per_floor":[75,75,75,75,75,75,75,75,75,75,75,75,75,75,75,75,75],"card_choices":[{"not_picked":["Redo","Turbo","Hologram"],"picked":"SKIP","floor":1},{"not_picked":["Coolheaded","Hologram"],"picked":"Cold Snap","floor":3},{"not_picked":["FTL","Hologram"],"picked":"Genetic Algorithm","floor":7},{"not_picked":["Double Energy","Darkness"],"picked":"Hyperbeam","floor":8},{"not_picked":["Steam","Cold Snap"],"picked":"Skim","floor":14}],"player_experience":2203153,"relics_obtained":[{"floor":8,"key":"Regal Pillow"},{"floor":9,"key":"Symbiotic Virus"}],"event_choices":[{"damage_healed":0,"gold_gain":0,"player_choice":"Ignored","damage_taken":0,"max_hp_gain":0,"max_hp_loss":0,"event_name":"Liars Game","floor":2,"gold_loss":0},{"cards_removed":["Strike_B"],"damage_healed":0,"gold_gain":0,"player_choice":"Purged","damage_taken":0,"max_hp_gain":0,"max_hp_loss":0,"event_name":"Purifier","floor":5,"gold_loss":0},{"damage_healed":0,"gold_gain":100,"player_choice":"Pray","damage_taken":0,"max_hp_gain":0,"max_hp_loss":0,"event_name":"Golden Shrine","floor":11,"gold_loss":0}],"is_beta":false,"boss_relics":[],"items_purged_floors":[],"is_endless":false,"potions_floor_spawned":[3,14],"killed_by":"Hexaghost","ascension_level":10}}