{"host":"2no1vwhhkhf0ohz3","time":1613383351,"event":{"mods":["AchievementEnabler","BaseMod","BetterRewards","Colored Map","DeckTracker","Keyboard Shortcuts","Minty Spire (QoL Compilation)","SuperFastMode"],"gold_per_floor":[114,114,128,145,145,145,165,165,165,190,11,11,42,42,42,140,140,151,169,169,97,97,97,112,123,123,123,138,138,237,237,237],"floor_reached":31,"language":"KOR","playtime":717,"items_purged":["Strike_B"],"score":338,"play_id":"f922779c-8a94-4dfd-933d-e7faf2108973","local_time":"20210215190231","is_ascension_mode":true,"campfire_choices":[{"data":"Zap","floor":6.0,"key":"SMITH"},{"data":"Beam Cell","floor":8.0,"key":"SMITH"},{"data":"Double Energy","floor":12.0,"key":"SMITH"},{"floor":15.0,"key":"REST"},{"data":"Defragment","floor":23.0,"key":"SMITH"},{"floor":29,"key":"REST"}],"circlet_count":0,"master_deck":["Strike_B","Defend_B","Defend_B","Defend_B","Zap+1","Dualcast","Skim","Beam Cell+1","Hologram","Double Energy+1","FTL","Compile Driver","Coolheaded","Echo Form","White Noise+1","Defragment+1","Storm+1"],"relics":["Cracked Core","NeowsBlessing","InkBottle","Matryoshka","Boot","Regal Pillow","Gremlin Horn","Centennial Puzzle","Empty Cage","MealTicket"],"acts_visited":["Exordium","TheCity"],"potions_floor_usage":[27,31],"damage_taken":[{"damage":0.0,"enemies":"2 Louse","floor":1.0,"turns":1.0},{"damage":0.0,"enemies":"Cultist","floor":3.0,"turns":1.0},{"damage":0.0,"enemies":"Jaw Worm","floor":4.0,"turns":1.0},{"damage":8.0,"enemies":"Blue Slaver","floor":7.0,"turns":4.0},{"damage":35.0,"enemies":"Gremlin Nob","floor":10.0,"turns":4.0},{"damage":20.0,"enemies":"3 Sentries","floor":13.0,"turns":5.0},{"damage":15.0,"enemies":"Hexaghost","floor":16.0,"turns":9.0},{"damage":4.0,"enemies":"Shell Parasite","floor":18.0,"turns":2.0},{"damage":5.0,"enemies":"Chosen","floor":19.0,"turns":5.0},{"damage":7.0,"enemies":"3 Cultists","floor":24.0,"turns":3.0},{"damage":15.0,"enemies":"Snecko","floor":25.0,"turns":7.0},{"damage":0,"enemies":"Centurion and Healer","floor":27,"turns":1},{"damage":27,"enemies":"Shelled Parasite and Fungi","floor":28,"turns":5},{"damage":22,"enemies":"Colosseum Slavers","floor":31,"turns":2},{"damage":24,"enemies":"Colosseum Nobs","floor":31,"turns":2}],"seed_played":"-4913731754884899579","potions_obtained":[{"floor":1.0,"key":"EntropicBrew"},{"floor":10.0,"key":"EssenceOfSteel"},{"floor":19.0,"key":"Fire Potion"}],"is_trial":false,"path_per_floor":["M","?","M","M","?","R","M","R","T","E","$","R","E","?","R","B",null,"M","M","?","$","?","R","M","M","T","M","M","R","?","?"],"character_chosen":"DEFECT","items_purchased":["FTL","Compile Driver","Defragment"],"campfire_rested":2,"item_purchase_floors":[11,11,21],"current_hp_per_floor":[75,72,72,72,72,72,64,64,64,29,29,29,9,9,46,31,64,60,55,55,55,55,55,48,33,33,33,6,43,43,0,0],"gold":237,"neow_bonus":"THREE_ENEMY_KILL","is_daily":false,"chose_seed":false,"campfire_upgraded":4,"win_rate":0.0,"timestamp":1613383351,"path_taken":["M","?","M","M","?","R","?","R","T","E","?","R","E","?","R","BOSS","M","M","?","$","?","R","M","M","T","M","M","R","?","?"],"items_purchased_type":["Card","Card","Card"],"build_version":"2020-12-22","purchased_purges":1,"victory":false,"max_hp_per_floor":[75,75,75,75,75,75,75,75,75,75,75,75,75,75,75,75,75,75,75,75,75,75,75,75,75,75,75,75,75,75,75,75],"card_choices":[{"not_picked":["Barrage","Loop"],"picked":"Skim","floor":1.0},{"not_picked":["Double Energy","Hologram"],"picked":"Beam Cell","floor":3.0},{"not_picked":["Reinforced Body","Hello World"],"picked":"Hologram","floor":4.0},{"not_picked":["Conserve Battery","Streamline","Darkness"],"picked":"SKIP","floor":7.0},{"not_picked":["Meteor Strike","Beam Cell"],"picked":"Double Energy","floor":10.0},{"not_picked":["Darkness","Sweeping Beam"],"picked":"Coolheaded","floor":13.0},{"not_picked":["Meteor Strike","Thunder Strike"],"picked":"Echo Form","floor":16.0},{"not_picked":["Cold Snap","Go for the Eyes+1"],"picked":"White Noise+1","floor":18.0},{"not_picked":["Redo","Compile Driver","Barrage+1"],"picked":"SKIP","floor":19.0},{"not_picked":["Blizzard","Stack","Tempest+1"],"picked":"SKIP","floor":24.0},{"not_picked":["Chaos","Hologram","Steam"],"picked":"SKIP","floor":25.0},{"not_picked":["Auto Shields","Streamline"],"picked":"Storm+1","floor":28}],"player_experience":300750,"relics_obtained":[{"floor":5.0,"key":"Matryoshka"},{"floor":9.0,"key":"Boot"},{"floor":9.0,"key":"Regal Pillow"},{"floor":10.0,"key":"Gremlin Horn"},{"floor":13.0,"key":"Centennial Puzzle"},{"floor":26.0,"key":"MealTicket"}],"event_choices":[{"damage_healed":0.0,"max_hp_gain":0.0,"max_hp_loss":0.0,"gold_gain":0.0,"event_name":"Scrap Ooze","player_choice":"Success","floor":2.0,"gold_loss":0.0,"damage_taken":3.0,"relics_obtained":["InkBottle"]},{"damage_healed":0.0,"max_hp_gain":0.0,"max_hp_loss":0.0,"gold_gain":0.0,"event_name":"Wheel of Change","player_choice":"Relic","floor":5.0,"gold_loss":0.0,"damage_taken":0.0},{"damage_healed":0.0,"max_hp_gain":0.0,"max_hp_loss":0.0,"gold_gain":0.0,"event_name":"Liars Game","player_choice":"Ignored","floor":14.0,"gold_loss":0.0,"damage_taken":0.0},{"damage_healed":0.0,"max_hp_gain":0.0,"max_hp_loss":0.0,"gold_gain":0.0,"event_name":"Vampires","player_choice":"Ignored","floor":20.0,"gold_loss":0.0,"damage_taken":0.0},{"cards_removed":["Defend_B"],"damage_healed":0.0,"max_hp_gain":0.0,"max_hp_loss":0.0,"gold_gain":0.0,"event_name":"Back to Basics","player_choice":"Elegance","floor":22.0,"gold_loss":0.0,"damage_taken":0.0},{"damage_healed":0,"gold_gain":99,"player_choice":"Stole From Cult","damage_taken":0,"max_hp_gain":0,"max_hp_loss":0,"event_name":"Nest","floor":30,"gold_loss":0},{"damage_healed":0,"gold_gain":0,"player_choice":"Fight","damage_taken":0,"max_hp_gain":0,"max_hp_loss":0,"event_name":"Colosseum","floor":31,"gold_loss":0},{"damage_healed":0,"gold_gain":0,"player_choice":"Fought Nobs","damage_taken":0,"max_hp_gain":0,"max_hp_loss":0,"event_name":"Colosseum","floor":31,"gold_loss":0}],"is_beta":false,"boss_relics":[{"not_picked":["Black Star","Fusion Hammer"],"picked":"Empty Cage"}],"items_purged_floors":[11],"is_endless":false,"potions_floor_spawned":[1,10,13,19,31],"killed_by":"Colosseum Nobs","ascension_level":5}}