{"host":"u8f6oqzdc7r6igag","time":1613415493,"event":{"mods":["BaseMod","Minty Spire (QoL Compilation)","Relic Stats"],"gold_per_floor":[112,126,126,137,149,149,167,200,224,224,224,243,283,296,296,425,425,439,144,169,63,63,63,78,2,70,103,131,162,99,130,142,154,154],"floor_reached":33,"language":"ENG","playtime":1514,"items_purged":["Recycle+1","Storm"],"score":393,"play_id":"bdb71da9-2d66-4f23-a8a5-3f1dc90a1cf0","local_time":"20210215125813","is_ascension_mode":true,"campfire_choices":[{"data":"Zap","floor":6,"key":"SMITH"},{"floor":11,"key":"REST"},{"data":"Chaos","floor":15,"key":"SMITH"},{"data":"FTL","floor":23,"key":"SMITH"},{"floor":32,"key":"REST"}],"circlet_count":0,"master_deck":["Defend_B","Defend_B","Defend_B","Zap+1","Dualcast","Ball Lightning","Gash","FTL+1","Rebound","Leap","Seek","Chill","Chaos+1","Multi-Cast","Meteor Strike","Auto Shields+1","Hologram+1","Gash","Self Repair","Streamline","Glacier","Melter","Gash","Genetic Algorithm+1","White Noise","Conserve Battery+1","Beam Cell"],"relics":["Cracked Core","Vajra","Oddly Smooth Stone","Regal Pillow","Golden Idol","Tiny Chest","Astrolabe","Membership Card","PreservedInsect","Strange Spoon","Letter Opener","MawBank"],"acts_visited":["Exordium","TheCity"],"potions_floor_usage":[8,13,24,24,29,33],"damage_taken":[{"damage":1,"enemies":"Jaw Worm","floor":1,"turns":4},{"damage":0,"enemies":"Small Slimes","floor":2,"turns":3},{"damage":1,"enemies":"Cultist","floor":4,"turns":3},{"damage":7,"enemies":"Looter","floor":5,"turns":3},{"damage":2,"enemies":"3 Louse","floor":7,"turns":2},{"damage":6,"enemies":"3 Sentries","floor":8,"turns":3},{"damage":0,"enemies":"Large Slime","floor":12,"turns":4},{"damage":25,"enemies":"Gremlin Nob","floor":13,"turns":4},{"damage":5,"enemies":"Blue Slaver","floor":14,"turns":3},{"damage":6,"enemies":"Slime Boss","floor":16,"turns":10},{"damage":6,"enemies":"Shell Parasite","floor":18,"turns":8},{"damage":20,"enemies":"3 Byrds","floor":20,"turns":5},{"damage":0,"enemies":"Snecko","floor":24,"turns":4},{"damage":28,"enemies":"Slavers","floor":27,"turns":5},{"damage":0,"enemies":"Cultist and Chosen","floor":28,"turns":8},{"damage":31,"enemies":"Shelled Parasite and Fungi","floor":29,"turns":5},{"damage":5,"enemies":"Centurion and Healer","floor":31,"turns":8},{"damage":54,"enemies":"Collector","floor":33,"turns":11}],"seed_played":"3787683463054915552","potions_obtained":[{"floor":1,"key":"AttackPotion"},{"floor":5,"key":"FocusPotion"},{"floor":7,"key":"BlessingOfTheForge"},{"floor":12,"key":"Dexterity Potion"},{"floor":16,"key":"DistilledChaos"},{"floor":18,"key":"LiquidMemories"},{"floor":24,"key":"FocusPotion"},{"floor":28,"key":"Strength Potion"},{"floor":29,"key":"SmokeBomb"}],"is_trial":false,"path_per_floor":["M","M","?","M","M","R","M","E","T","?","R","M","E","M","R","B",null,"M","$","M","$","?","R","M","$","T","E","M","M","?","M","R","B"],"character_chosen":"DEFECT","items_purchased":["Membership Card","Self Repair","PreservedInsect","Glacier","Melter","Strange Spoon"],"campfire_rested":2,"item_purchase_floors":[19,19,19,21,21,25],"current_hp_per_floor":[67,67,67,66,59,59,57,51,51,33,70,70,45,40,40,34,65,59,59,46,46,46,46,53,53,53,32,39,15,15,17,54,0,0],"gold":154,"neow_bonus":"RANDOM_COMMON_RELIC","is_daily":false,"chose_seed":false,"campfire_upgraded":3,"win_rate":0.0,"timestamp":1613415493,"path_taken":["M","M","?","M","M","R","M","E","T","?","R","M","E","M","R","BOSS","M","$","M","$","?","R","?","$","T","E","M","M","?","M","R","BOSS"],"items_purchased_type":["Relic","Card","Relic","Card","Card","Relic"],"build_version":"2020-12-22","purchased_purges":2,"victory":false,"max_hp_per_floor":[75,75,75,75,75,75,75,75,75,75,75,75,75,75,75,75,75,75,75,75,75,75,75,75,75,75,75,75,75,75,75,75,75,75],"relic_stats":{"Strange Spoon":[12],"Regal Pillow":30,"counters":[18,93],"Golden Idol":70,"Astrolabe":["Auto Shields","Hologram","Recycle"],"Tiny Chest":0,"PreservedInsect":42,"Letter Opener":[164],"MawBank":72,"obtain_stats":[{"Strange Spoon":25,"Regal Pillow":9,"Golden Idol":10,"Astrolabe":17,"Vajra":0,"Oddly Smooth Stone":8,"Tiny Chest":13,"PreservedInsect":19,"Membership Card":19,"Letter Opener":26,"Cracked Core":0,"MawBank":27},{"Strange Spoon":13,"Regal Pillow":6,"Golden Idol":6,"Astrolabe":10,"Vajra":0,"Oddly Smooth Stone":6,"Tiny Chest":8,"PreservedInsect":11,"Membership Card":11,"Letter Opener":13,"Cracked Core":0,"MawBank":14},{"Strange Spoon":56,"Regal Pillow":18,"Golden Idol":18,"Astrolabe":39,"Vajra":0,"Oddly Smooth Stone":18,"Tiny Chest":26,"PreservedInsect":47,"Membership Card":47,"Letter Opener":56,"Cracked Core":0,"MawBank":61}]},"card_choices":[{"not_picked":["Fusion","Steam"],"picked":"Ball Lightning","floor":1},{"not_picked":["Redo","Ball Lightning"],"picked":"Storm","floor":2},{"not_picked":["Conserve Battery","Undo"],"picked":"FTL","floor":4},{"not_picked":["Leap","Cold Snap"],"picked":"Rebound","floor":5},{"not_picked":["Machine Learning","Sweeping Beam"],"picked":"Leap","floor":7},{"not_picked":["Conserve Battery","Leap"],"picked":"Seek","floor":8},{"not_picked":["Coolheaded","Streamline"],"picked":"Chill","floor":12},{"not_picked":["Double Energy","Ball Lightning"],"picked":"Chaos","floor":13},{"not_picked":["Barrage","Ball Lightning"],"picked":"Multi-Cast","floor":14},{"not_picked":["Hyperbeam","All For One"],"picked":"Meteor Strike","floor":16},{"not_picked":["Leap","Darkness"],"picked":"Gash","floor":18},{"not_picked":["White Noise","Reinforced Body+1"],"picked":"Streamline","floor":20},{"not_picked":["Coolheaded+1","Compile Driver+1"],"picked":"Genetic Algorithm+1","floor":24},{"not_picked":["Loop","Skim"],"picked":"White Noise","floor":27},{"not_picked":["Heatsinks","Stack","Go for the Eyes"],"picked":"SKIP","floor":28},{"not_picked":["Force Field","Sweeping Beam"],"picked":"Conserve Battery+1","floor":29},{"not_picked":["Defragment","Leap+1"],"picked":"Beam Cell","floor":31}],"player_experience":205964,"relics_obtained":[{"floor":8,"key":"Oddly Smooth Stone"},{"floor":9,"key":"Regal Pillow"},{"floor":13,"key":"Tiny Chest"},{"floor":26,"key":"Letter Opener"},{"floor":27,"key":"MawBank"}],"event_choices":[{"damage_healed":0,"gold_gain":0,"cards_transformed":["Strike_B"],"player_choice":"Change","damage_taken":0,"max_hp_gain":0,"max_hp_loss":0,"event_name":"Living Wall","floor":3,"gold_loss":0,"cards_obtained":["Gash"]},{"damage_healed":0,"gold_gain":0,"player_choice":"Take Damage","damage_taken":18,"relics_obtained":["Golden Idol"],"max_hp_gain":0,"max_hp_loss":0,"event_name":"Golden Idol","floor":10,"gold_loss":0},{"damage_healed":0,"gold_gain":0,"player_choice":"Copied","damage_taken":0,"max_hp_gain":0,"max_hp_loss":0,"event_name":"Duplicator","floor":22,"gold_loss":0,"cards_obtained":["Gash"]},{"cards_removed":["Defend_B"],"damage_healed":0,"gold_gain":0,"player_choice":"Gave Gold","damage_taken":0,"max_hp_gain":0,"max_hp_loss":0,"event_name":"Beggar","floor":30,"gold_loss":75}],"is_beta":false,"boss_relics":[{"not_picked":["Black Star","Empty Cage"],"picked":"Astrolabe"}],"items_purged_floors":[19,21],"is_endless":false,"potions_floor_spawned":[1,5,7,12,16,18,24,28,29],"killed_by":"Collector","ascension_level":8}}