{"host":"am0cr9xwekqmrere","time":1613425094,"event":{"mods":["AchievementEnabler","Act Like it!","BaseMod","Better Altar","Better Match","Better Note","Better Sensory Stone","Better Skull","Better Third Choice","BetterRewards","Conspire","Downfall","Hubris","Infinite Spire","Minty Spire (QoL Compilation)","Rare Cards Sparkle","Spicy Shops","StSLib","Unceasing Turn Reminder"],"gold_per_floor":[99,199,199,216,391,391,391,402,14,14,14,47,58,78,98,98,98,98],"floor_reached":16,"language":"ENG","playtime":455,"items_purged":["Doubt"],"score":100,"play_id":"b17a12be-c40e-4218-aa04-73fd7d1b17a0","local_time":"20210215153814","is_ascension_mode":false,"campfire_choices":[{"data":"hexamod:Float","floor":1.0,"key":"SMITH"},{"floor":6.0,"key":"RECALL"},{"data":"hexamod:Sear","floor":11.0,"key":"SMITH"}],"circlet_count":0,"master_deck":["hexamod:Strike","hexamod:Strike","hexamod:Strike","hexamod:Strike","hexamod:Defend","hexamod:Defend","hexamod:Defend","hexamod:Defend","hexamod:Sear+1","hexamod:Float+1","hexamod:BurningTouch","hexamod:GhostOfSpireFuture","hexamod:FourthSeal","Regret","hexamod:Incineration","hexamod:InspiringFlames","hexamod:RainOfEmbers","hexamod:BacktrackSmack"],"relics":["hexamod:SpiritBrand","hubris:Icosahedron","Potion Belt","OrangePellets","Regal Pillow","hubris:SphereOfDissonance","Vajra"],"acts_visited":["Exordium"],"potions_floor_usage":[16],"damage_taken":[{"damage":0.0,"enemies":"Small Slimes","floor":4.0,"turns":3.0},{"damage":0.0,"enemies":"Cultist","floor":8.0,"turns":3.0},{"damage":3.0,"enemies":"downfall:FleeingMerchant","floor":9.0,"turns":4.0},{"damage":37.0,"enemies":"Gremlin Nob","floor":12.0,"turns":4.0},{"damage":17.0,"enemies":"Jaw Worm","floor":13.0,"turns":3.0},{"damage":13.0,"enemies":"3 Louse","floor":14.0,"turns":3.0},{"damage":6,"enemies":"Exordium Wildlife","floor":15,"turns":3},{"damage":1,"enemies":"SI_SHIV_ARCHETYPE","floor":16,"turns":1}],"seed_played":"-2994601565039468252","potions_obtained":[{"floor":8.0,"key":"Swift Potion"},{"floor":12.0,"key":"Slimebound:ThreeZeroPotion"},{"floor":13.0,"key":"Ancient Potion"},{"floor":15,"key":"EssenceOfSteel"}],"is_trial":false,"path_per_floor":["R","?","?","M","?","R","T","M","$","?","R","E","M","M","M","B"],"character_chosen":"THE_SPIRIT","items_purchased":["OrangePellets","Regal Pillow"],"campfire_rested":0,"item_purchase_floors":[9,9],"current_hp_per_floor":[77,77,77,77,77,77,77,77,74,74,74,37,20,7,1,0,0,0],"gold":98,"neow_bonus":"TEN_PERCENT_HP_BONUS","is_daily":false,"chose_seed":false,"campfire_upgraded":2,"win_rate":0.0,"timestamp":1613425094,"path_taken":["R","?","?","M","?","R","T","M","$","?","R","E","M","M","M","BOSS"],"items_purchased_type":["Relic","Relic"],"build_version":"2020-12-22","purchased_purges":1,"victory":false,"max_hp_per_floor":[77,77,77,77,77,77,77,77,77,77,77,77,77,77,77,77,77,77],"card_choices":[{"not_picked":["hexamod:ShieldOfDarkness","hexamod:GhostShield"],"picked":"hexamod:BurningTouch","floor":4.0},{"not_picked":["hexamod:FlamesFromBeyond","hexamod:BacktrackSmack"],"picked":"hexamod:GhostOfSpireFuture","floor":8.0},{"not_picked":["hexamod:VolcanoVisage","hexamod:HeatShield"],"picked":"hexamod:FourthSeal","floor":9.0},{"not_picked":["hexamod:UnleashSpirits","hexamod:AdvancingGuard"],"picked":"hexamod:Incineration","floor":12.0},{"not_picked":["hexamod:SpectersWail","hexamod:HeatMetal"],"picked":"hexamod:InspiringFlames","floor":13.0},{"not_picked":["hexamod:HeatCrush","hexamod:FlamesFromBeyond"],"picked":"hexamod:RainOfEmbers","floor":14.0},{"not_picked":["hexamod:Haunt","hexamod:Hexaguard"],"picked":"hexamod:BacktrackSmack","floor":15}],"player_experience":2800078,"relics_obtained":[{"floor":7.0,"key":"Potion Belt"},{"floor":12.0,"key":"Vajra"}],"event_choices":[{"damage_healed":0.0,"max_hp_gain":0.0,"max_hp_loss":0.0,"gold_gain":0.0,"event_name":"Big Fish","player_choice":"Box","floor":10.0,"gold_loss":0.0,"damage_taken":0.0,"relics_obtained":["hubris:SphereOfDissonance"],"cards_obtained":["Regret"]}],"is_beta":false,"boss_relics":[],"items_purged_floors":[9],"is_endless":false,"potions_floor_spawned":[8,15],"killed_by":"SI_SHIV_ARCHETYPE","ascension_level":0}}