{"host":"8jwrv7sn1174lfer","time":1613380713,"event":{"mods":["BaseMod","Colored Map","Colored Powertips","Downfall","Highlight Path","Minty Spire (QoL Compilation)","StSLib"],"gold_per_floor":[99,117,179,279,354,383,383,401,435,454,472,505,405,580,600,698,698,698,709,425,444,444,444,444,444,472,215,248,248,248,278,296,398,398,398,414,431,431,44,63,88,120,139,156,156,206,206,236,250,250,250,250],"floor_reached":50,"language":"ENG","playtime":2597,"items_purged":["bronze:Strike","downfall:Aged","bronze:Defend"],"score":921,"play_id":"517e29b3-70ed-4a48-a4be-b57e6bf2bc38","local_time":"20210215041833","is_ascension_mode":true,"campfire_choices":[{"data":"bronze:Goto","floor":1,"key":"SMITH"},{"data":"bronze:Format","floor":13,"key":"SMITH"},{"data":"bronze:Replicate","floor":18,"key":"SMITH"},{"data":"bronze:OilSpill","floor":23,"key":"SMITH"},{"data":"bronze:Virus","floor":30,"key":"SMITH"},{"data":"bronze:BronzeOrb","floor":35,"key":"SMITH"},{"data":"bronze:FollowUp","floor":45,"key":"SMITH"}],"circlet_count":0,"master_deck":["bronze:Strike+1","bronze:Strike+1","bronze:Defend+1","bronze:Defend+1","bronze:Replicate+1","bronze:Goto+1","bronze:OilSpill+1","downfall:Haunted","downfall:Haunted","downfall:Haunted","bronze:Format+1","Injury","bronze:Boost+1","bronze:WhirlingStrike","bronze:GetLatest+1","Doubt","bronze:Verify+1","bronze:Iterate+1","bronze:Library+1","bronze:InfiniteBeams+1","bronze:ItsAFeature+1","bronze:Virus+1","bronze:FollowUp+1","Shame","bronze:BronzeOrb+1","bronze:SpaghettiCode+1","bronze:Turbo+1","bronze:MaxOutput+1","bronze:Iterate+1","bronze:Turbo+1","bronze:Constructor+1","bronze:FineTuning+1"],"relics":["Black Star","Frozen Egg 2","Du-Vu Doll","Lizard Tail","Toxic Egg 2","Meat on the Bone","Pantograph","Oddly Smooth Stone","Juzu Bracelet","Eternal Feather","downfall:HeartBlessingGreen","Coffee Dripper","Potion Belt","Bottled Lightning","sneckomod:BabySnecko","Prayer Wheel","Bottled Flame","Chemical X","Dead Branch","Regal Pillow","Lantern","Question Card","War Paint","HornCleat","Omamori","Strawberry","Toy Ornithopter","Unceasing Top","bronze:BottledCode","Whetstone","Akabeko"],"acts_visited":["Exordium","TheCity","TheBeyond"],"potions_floor_usage":[3,12,27,33,33,50,50,50,50,50],"damage_taken":[{"damage":14,"enemies":"Small Slimes","floor":2,"turns":4},{"damage":11,"enemies":"3 Sentries","floor":3,"turns":9},{"damage":12,"enemies":"3 Sentries","floor":6,"turns":6},{"damage":0,"enemies":"2 Louse","floor":8,"turns":1},{"damage":33,"enemies":"Lagavulin","floor":9,"turns":6},{"damage":6,"enemies":"Jaw Worm","floor":10,"turns":2},{"damage":8,"enemies":"Lots of Slimes","floor":11,"turns":3},{"damage":12,"enemies":"3 Sentries","floor":12,"turns":4},{"damage":0,"enemies":"Large Slime","floor":15,"turns":3},{"damage":1,"enemies":"SI_SHIV_ARCHETYPE","floor":16,"turns":5},{"damage":5,"enemies":"Shell Parasite","floor":19,"turns":3},{"damage":10,"enemies":"downfall:FleeingMerchant","floor":20,"turns":4},{"damage":3,"enemies":"Spheric Guardian","floor":21,"turns":3},{"damage":35,"enemies":"Book of Stabbing","floor":26,"turns":5},{"damage":7,"enemies":"downfall:FleeingMerchant","floor":27,"turns":3},{"damage":0,"enemies":"Gremlin Leader","floor":28,"turns":2},{"damage":0,"enemies":"Book of Stabbing","floor":31,"turns":2},{"damage":0,"enemies":"Snake Plant","floor":32,"turns":1},{"damage":17,"enemies":"IC_MUSHROOM_ARCHETYPE","floor":33,"turns":2},{"damage":6,"enemies":"3 Shapes","floor":36,"turns":2},{"damage":0,"enemies":"Orb Walker","floor":37,"turns":1},{"damage":0,"enemies":"Sphere and 2 Shapes","floor":40,"turns":2},{"damage":0,"enemies":"Reptomancer","floor":42,"turns":2},{"damage":13,"enemies":"Writhing Mass","floor":43,"turns":3},{"damage":0,"enemies":"4 Shapes","floor":44,"turns":2},{"damage":0,"enemies":"4 Shapes","floor":46,"turns":2},{"damage":0,"enemies":"Nemesis","floor":48,"turns":3},{"damage":0,"enemies":"Sphere and 2 Shapes","floor":49,"turns":1},{"damage":160,"enemies":"WA_ARCHETYPE_DIVINITY","floor":50,"turns":5}],"seed_played":"-5775626903685773414","potions_obtained":[{"floor":2,"key":"BlessingOfTheForge"},{"floor":10,"key":"Energy Potion"},{"floor":11,"key":"Guardian:BlockOnCardUsePotion"},{"floor":15,"key":"Explosive Potion"},{"floor":16,"key":"AttackPotion"},{"floor":28,"key":"ColorlessPotion"},{"floor":42,"key":"Regen Potion"},{"floor":43,"key":"LiquidBronze"},{"floor":44,"key":"Dexterity Potion"},{"floor":48,"key":"SkillPotion"}],"is_trial":false,"path_per_floor":["R","M","?","?","?","E","T","M","E","M","M","E","R","?","M","B",null,"R","M","$","M","?","R","T","?","E","$","E","?","R","E","M","B",null,"R","M","M","?","$","M","T","E","M","M","R","?","?","E","M","B"],"character_chosen":"THE_AUTOMATON","items_purchased":["bronze:InfiniteBeams+1","Potion Belt","Chemical X","Dead Branch","HornCleat"],"campfire_rested":0,"item_purchase_floors":[20,20,27,27,39],"current_hp_per_floor":[70,56,45,50,75,63,63,63,42,48,40,40,52,52,52,74,75,75,70,60,57,57,72,72,72,49,42,42,42,57,57,57,58,75,75,69,69,69,69,69,69,76,63,63,81,82,72,72,72,0,0,0],"gold":250,"neow_bonus":"BOSS_RELIC","is_daily":false,"chose_seed":false,"campfire_upgraded":7,"win_rate":0.0,"timestamp":1613380713,"path_taken":["R","M","?","?","?","E","T","?","E","M","M","E","R","?","M","BOSS","R","M","$","M","?","R","T","?","E","$","E","?","R","E","M","BOSS","R","M","M","?","$","M","T","E","M","M","R","?","?","E","M","BOSS"],"items_purchased_type":["Card","Relic","Relic","Relic","Relic"],"build_version":"2020-12-22","purchased_purges":3,"victory":false,"max_hp_per_floor":[70,70,70,75,75,75,75,75,75,75,75,75,75,75,75,75,75,75,75,75,75,75,75,75,75,75,75,75,75,75,75,75,75,75,75,75,75,75,75,75,75,82,82,82,82,82,72,72,72,72,72,72],"card_choices":[{"not_picked":["bronze:InfiniteBeams","bronze:NullPointer","bronze:Overheat"],"picked":"SKIP","floor":2},{"not_picked":["bronze:BronzeOrb","bronze:CutThrough"],"picked":"bronze:OilSpill","floor":3},{"not_picked":["bronze:Philosophize+1","bronze:WildBeam"],"picked":"bronze:Boost+1","floor":6},{"not_picked":["bronze:Allocate+1","bronze:BugBarrage","bronze:Overheat"],"picked":"SKIP","floor":8},{"not_picked":["bronze:Assembly+1","bronze:ClassDefault+1"],"picked":"bronze:WhirlingStrike","floor":9},{"not_picked":["bronze:Separator","bronze:CloningBeam","bronze:InfiniteBeams+1"],"picked":"SKIP","floor":10},{"not_picked":["bronze:Separator","bronze:CloningBeam","bronze:InfiniteBeams+1"],"picked":"SKIP","floor":10},{"not_picked":["bronze:BugBarrage","bronze:DelayedGuard+1"],"picked":"bronze:GetLatest+1","floor":11},{"not_picked":["bronze:Overload+1","bronze:WildBeam","bronze:Shield+1"],"picked":"SKIP","floor":12},{"not_picked":["bronze:FineTuning+1","bronze:BronzeArmor+1"],"picked":"bronze:WhirlingStrike","floor":15},{"not_picked":["bronze:FindAndReplace+1","bronze:Assembly+1"],"picked":"bronze:Verify+1","floor":16},{"not_picked":["bronze:Invalidate+1","bronze:Separator"],"picked":"bronze:Iterate+1","floor":19},{"not_picked":["bronze:FineTuning+1","bronze:Terminator+1"],"picked":"bronze:Library+1","floor":20},{"not_picked":["bronze:Branch","bronze:Optimize+1","bronze:Backtrace"],"picked":"SKIP","floor":21},{"not_picked":["bronze:WhirlingStrike","bronze:Shield+1"],"picked":"bronze:ItsAFeature+1","floor":26},{"not_picked":["bronze:Deprecate+1","bronze:Invalidate+1"],"picked":"bronze:Virus","floor":27},{"not_picked":["bronze:Separator","bronze:Branch+1"],"picked":"bronze:FollowUp","floor":28},{"not_picked":["bronze:HyperBeam","bronze:Allocate+1"],"picked":"bronze:BronzeOrb","floor":31},{"not_picked":["bronze:ForLoop+1","bronze:DelayedSlice+1","bronze:Shield+1","bronze:BronzeOrb"],"picked":"SKIP","floor":32},{"not_picked":["bronze:DarkDash","bronze:Return+1","bronze:BugBarrage","bronze:CloningBeam"],"picked":"SKIP","floor":32},{"not_picked":["bronze:HardenedForm+1","bronze:ThunderWave","bronze:CleanCode+1"],"picked":"bronze:SpaghettiCode+1","floor":33},{"not_picked":["bronze:DelayedSlice+1","bronze:Frontload+1","bronze:ChildClass+1"],"picked":"bronze:Turbo+1","floor":36},{"not_picked":["bronze:FindAndReplace+1","bronze:Invalidate+1","bronze:Branch","bronze:Iterate"],"picked":"SKIP","floor":36},{"not_picked":["bronze:Shield+1","bronze:Repair+1","bronze:Overheat+1","bronze:Separator"],"picked":"SKIP","floor":37},{"not_picked":["bronze:Optimize+1","bronze:Backtrace","bronze:Branch+1","bronze:WhirlingStrike"],"picked":"SKIP","floor":37},{"not_picked":["bronze:Branch","bronze:Turbo+1","bronze:Library+1"],"picked":"bronze:MaxOutput+1","floor":40},{"not_picked":["bronze:CutThrough","bronze:FineTuning+1","bronze:Deprecate+1"],"picked":"bronze:Iterate+1","floor":40},{"not_picked":["bronze:Backtrace+1","bronze:Branch","bronze:TinkerersToolbox+1","bronze:DelayedGuard+1"],"picked":"SKIP","floor":42},{"not_picked":["bronze:DigitalCarnage","bronze:BugBarrage","bronze:Frontload+1"],"picked":"bronze:Turbo+1","floor":43},{"not_picked":["bronze:Flail","bronze:Frontload+1","bronze:BuggyMess+1","bronze:CutThrough+1"],"picked":"SKIP","floor":43},{"not_picked":["bronze:Invalidate+1","bronze:Overheat+1","bronze:BronzeArmor+1","bronze:Separator+1"],"picked":"SKIP","floor":44},{"not_picked":["bronze:Boost+1","bronze:BuggyMess+1","bronze:Overheat","bronze:Virus"],"picked":"SKIP","floor":44},{"not_picked":["bronze:Deprecate+1","bronze:DigitalCarnage","bronze:InfiniteBeams+1"],"picked":"bronze:Constructor+1","floor":46},{"not_picked":["bronze:WildBeam+1","bronze:ForceShield+1","bronze:DigitalCarnage+1","bronze:InfiniteBeams+1"],"picked":"SKIP","floor":48},{"not_picked":["bronze:BitShift+1","bronze:Deprecate+1","bronze:NullPointer+1"],"picked":"bronze:FineTuning+1","floor":49},{"not_picked":["bronze:WildBeam+1","bronze:Invalidate+1","bronze:Boost+1","bronze:DelayedGuard+1"],"picked":"SKIP","floor":49}],"player_experience":780475,"relics_obtained":[{"floor":3,"key":"Frozen Egg 2"},{"floor":6,"key":"Lizard Tail"},{"floor":6,"key":"Toxic Egg 2"},{"floor":7,"key":"Meat on the Bone"},{"floor":9,"key":"Pantograph"},{"floor":9,"key":"Oddly Smooth Stone"},{"floor":12,"key":"Juzu Bracelet"},{"floor":12,"key":"Eternal Feather"},{"floor":24,"key":"Bottled Lightning"},{"floor":26,"key":"Prayer Wheel"},{"floor":26,"key":"Bottled Flame"},{"floor":28,"key":"Regal Pillow"},{"floor":28,"key":"Lantern"},{"floor":31,"key":"Question Card"},{"floor":31,"key":"War Paint"},{"floor":41,"key":"Omamori"},{"floor":42,"key":"Strawberry"},{"floor":42,"key":"Toy Ornithopter"},{"floor":46,"key":"Unceasing Top"},{"floor":48,"key":"Whetstone"},{"floor":48,"key":"Akabeko"}],"event_choices":[{"cards_removed":["bronze:WhirlingStrike"],"damage_healed":0,"gold_gain":0,"player_choice":"Removed Attack","damage_taken":0,"max_hp_gain":0,"max_hp_loss":0,"event_name":"Falling","floor":38,"gold_loss":0}],"is_beta":false,"boss_relics":[{"not_picked":["Empty Cage","Fusion Hammer"],"picked":"Coffee Dripper"},{"not_picked":["Velvet Choker","Runic Dome","Astrolabe"]}],"items_purged_floors":[20,27,39],"is_endless":false,"potions_floor_spawned":[2,10,11,15,16,19,28,42,43,44,48],"killed_by":"WA_ARCHETYPE_DIVINITY","ascension_level":2}}