{"host":"fbdlh90rovbiajun","time":1613369925,"event":{"mods":["AchievementEnabler","BaseMod","Colored Map","Keyboard Shortcuts","Minty Spire (QoL Compilation)","SuperFastMode"],"gold_per_floor":[112,132,57,132,145,158,158,58,58,69,69,69,104,123,123,219,219,231,241,241,255,275,275,275,275],"floor_reached":24,"language":"KOR","playtime":599,"items_purged":["Strike_B","Strike_B"],"score":200,"play_id":"c987c80b-f4f0-4bec-b648-2164ae89573e","local_time":"20210215151845","is_ascension_mode":false,"campfire_choices":[{"data":"Streamline","floor":7,"key":"SMITH"},{"data":"Gash","floor":11,"key":"SMITH"},{"data":"FTL","floor":15,"key":"SMITH"},{"data":"Zap","floor":23,"key":"SMITH"}],"circlet_count":0,"master_deck":["Strike_B","Strike_B","Defend_B","Defend_B","Defend_B","Defend_B","Zap+1","Dualcast","Gash+1","Streamline+1","FTL+1","Gash+1"],"relics":["Cracked Core","NeowsBlessing","Art of War","Shuriken","Philosopher\u0027s Stone"],"acts_visited":["Exordium","TheCity"],"potions_floor_usage":[16],"damage_taken":[{"damage":0,"enemies":"Small Slimes","floor":1,"turns":1},{"damage":0,"enemies":"Cultist","floor":2,"turns":1},{"damage":0,"enemies":"2 Louse","floor":5,"turns":1},{"damage":13,"enemies":"Exordium Thugs","floor":6,"turns":4},{"damage":0,"enemies":"Large Slime","floor":10,"turns":5},{"damage":21,"enemies":"Lagavulin","floor":13,"turns":6},{"damage":2,"enemies":"2 Fungi Beasts","floor":14,"turns":3},{"damage":26,"enemies":"Hexaghost","floor":16,"turns":8},{"damage":2,"enemies":"Chosen","floor":18,"turns":4},{"damage":14,"enemies":"3 Byrds","floor":19,"turns":4},{"damage":17,"enemies":"Sentry and Sphere","floor":21,"turns":4},{"damage":30,"enemies":"Shelled Parasite and Fungi","floor":22,"turns":4},{"damage":12,"enemies":"Centurion and Healer","floor":24,"turns":1}],"seed_played":"8663008145958035315","potions_obtained":[{"floor":5,"key":"DuplicationPotion"},{"floor":10,"key":"Explosive Potion"},{"floor":16,"key":"SpeedPotion"},{"floor":18,"key":"Swift Potion"},{"floor":22,"key":"ColorlessPotion"}],"is_trial":false,"path_per_floor":["M","M","$","?","M","M","R","$","T","M","R","$","E","M","R","B",null,"M","M","?","M","M","R","M"],"character_chosen":"DEFECT","items_purchased":[],"campfire_rested":0,"item_purchase_floors":[],"current_hp_per_floor":[75,75,75,68,68,55,55,55,55,55,55,55,34,32,32,6,75,73,59,59,42,12,12,0,0],"gold":275,"neow_bonus":"THREE_ENEMY_KILL","is_daily":false,"chose_seed":false,"campfire_upgraded":4,"win_rate":0.0,"timestamp":1613369925,"path_taken":["M","M","$","?","M","M","R","$","T","M","R","$","E","M","R","BOSS","M","?","?","M","?","R","M"],"items_purchased_type":[],"build_version":"2020-12-22","purchased_purges":2,"victory":false,"max_hp_per_floor":[75,75,75,75,75,75,75,75,75,75,75,75,75,75,75,75,75,75,75,75,75,75,75,75,75],"card_choices":[{"not_picked":["Redo","Conserve Battery","Chaos"],"picked":"SKIP","floor":1},{"not_picked":["Cold Snap","Chaos"],"picked":"Gash","floor":2},{"not_picked":["Rebound","Coolheaded"],"picked":"Streamline","floor":5},{"not_picked":["Capacitor","Cold Snap","Go for the Eyes"],"picked":"SKIP","floor":6},{"not_picked":["Fission","Chill"],"picked":"FTL","floor":10},{"not_picked":["Doom and Gloom","Sweeping Beam","Redo"],"picked":"SKIP","floor":13},{"not_picked":["Conserve Battery","BootSequence","Darkness"],"picked":"SKIP","floor":14},{"not_picked":["Rebound","Ball Lightning+1","Undo"],"picked":"SKIP","floor":18},{"not_picked":["Chill","Go for the Eyes","Stack"],"picked":"SKIP","floor":19},{"not_picked":["Compile Driver","Defragment","Chill"],"picked":"SKIP","floor":21},{"not_picked":["Ball Lightning+1","Stack","Static Discharge+1"],"picked":"SKIP","floor":22}],"player_experience":59808,"relics_obtained":[{"floor":9,"key":"Art of War"},{"floor":13,"key":"Shuriken"}],"event_choices":[{"damage_healed":0,"gold_gain":75,"player_choice":"Touch","damage_taken":7,"max_hp_gain":0,"max_hp_loss":0,"event_name":"FaceTrader","floor":4,"gold_loss":0},{"damage_healed":0,"gold_gain":0,"player_choice":"Copied","damage_taken":0,"max_hp_gain":0,"max_hp_loss":0,"event_name":"Duplicator","floor":20,"gold_loss":0,"cards_obtained":["Gash"]}],"is_beta":false,"boss_relics":[{"not_picked":["Runic Dome","Ectoplasm"],"picked":"Philosopher\u0027s Stone"}],"items_purged_floors":[3,8],"is_endless":false,"potions_floor_spawned":[5,10,16,18,22],"killed_by":"Centurion and Healer","ascension_level":0}}