{"host":"knk89g45d3vzr5fm","time":1613409949,"event":{"mods":["2.2 Compatiblity","BaseMod","Downfall","Minty Spire (QoL Compilation)","Relic Stats","Reliquary","Replay The Spire","StSLib","The Marked"],"gold_per_floor":[99,99,99,99,99,99,99,116,116,132,153,53,53,53,65,65,65,65],"floor_reached":16,"language":"FRA","playtime":370,"items_purged":[],"score":129,"play_id":"9cfa09bb-eee5-4bc6-adab-84879a7e16cd","local_time":"20210215182549","is_ascension_mode":true,"campfire_choices":[{"floor":1,"key":"RECALL"},{"floor":12,"key":"REST"}],"circlet_count":0,"master_deck":["AscendersBane","sneckomod:Strike","sneckomod:Strike","sneckomod:Defend","sneckomod:Defend","sneckomod:Defend","sneckomod:TailWhip","sneckomod:SnekBite","sneckomod:Unknown","sneckomod:Unknown","sneckomod:UnknownClassGREEN","sneckomod:UnknownRareSkill","sneckomod:CheapStock","ReplayTheSpireMod:IOU","sneckomod:UnknownClassHEXA_GHOST_PURPLE","sneckomod:Restock","Juggernaut","Infernal Blade"],"relics":["sneckomod:SneckoSoul","downfall:HeartsMalice","m_SnakeBloodCore","Mirror","Odd Mushroom","downfall:HeartBlessingRed"],"acts_visited":["Exordium"],"potions_floor_usage":[16],"damage_taken":[{"damage":0,"enemies":"Cultist","floor":2,"turns":1},{"damage":0,"enemies":"2 Louse","floor":3,"turns":1},{"damage":0,"enemies":"Small Slimes","floor":6,"turns":1},{"damage":22,"enemies":"Exordium Wildlife","floor":8,"turns":4},{"damage":24,"enemies":"Large Slime","floor":10,"turns":8},{"damage":29,"enemies":"The Mushroom Lair","floor":11,"turns":5},{"damage":38,"enemies":"3 Louse","floor":15,"turns":4},{"damage":12,"enemies":"Gremlin Nob","floor":16,"turns":2}],"seed_played":"1534511403682123289","potions_obtained":[{"floor":8,"key":"FearPotion"},{"floor":11,"key":"AttackPotion"},{"floor":15,"key":"FearPotion"}],"is_trial":false,"path_per_floor":["R","M","M","PTL","PTL","M","?","M","T","M","?","R","?","R","M","E"],"character_chosen":"THE_SNECKO","items_purchased":[],"campfire_rested":1,"item_purchase_floors":[],"current_hp_per_floor":[81,81,81,81,81,81,81,62,62,41,15,42,42,42,7,0,0,0],"gold":65,"neow_bonus":"THREE_ENEMY_KILL","is_daily":false,"chose_seed":false,"campfire_upgraded":0,"win_rate":0.0,"timestamp":1613409949,"path_taken":["R","M","M","PTL","PTL","?","?","M","T","M","?","R","?","R","M","E"],"items_purchased_type":[],"build_version":"2020-12-22","purchased_purges":0,"victory":false,"max_hp_per_floor":[90,90,90,90,90,90,90,90,90,90,90,90,90,90,90,90,90,90],"relic_stats":{"counters":[8,23],"obtain_stats":[{"m_SnakeBloodCore":7,"downfall:HeartBlessingRed":12,"downfall:HeartsMalice":0,"Odd Mushroom":11,"sneckomod:SneckoSoul":0,"Mirror":9},{"m_SnakeBloodCore":3,"downfall:HeartBlessingRed":6,"downfall:HeartsMalice":0,"Odd Mushroom":6,"sneckomod:SneckoSoul":0,"Mirror":4},{"m_SnakeBloodCore":0,"downfall:HeartBlessingRed":17,"downfall:HeartsMalice":0,"Odd Mushroom":17,"sneckomod:SneckoSoul":0,"Mirror":4}]},"card_choices":[{"not_picked":["sneckomod:UnknownClassGUARDIAN","sneckomod:SoulDraw"],"picked":"sneckomod:UnknownClassGREEN","floor":2},{"not_picked":["sneckomod:Nope","sneckomod:SerpentIdol"],"picked":"sneckomod:UnknownRareSkill","floor":3},{"not_picked":["sneckomod:UnknownBlock","sneckomod:UnknownClassHEXA_GHOST_PURPLE"],"picked":"sneckomod:CheapStock","floor":6},{"not_picked":["sneckomod:UnknownClassPURPLE","sneckomod:Unknown1Cost"],"picked":"sneckomod:UnknownClassHEXA_GHOST_PURPLE","floor":8},{"not_picked":["sneckomod:MasterEye","sneckomod:SoulRoll"],"picked":"sneckomod:Restock","floor":10},{"not_picked":["sneckomod:UnknownClassGUARDIAN","sneckomod:UnknownClassMARKED_PURPLE_COLOR"],"picked":"sneckomod:UnknownBlock","floor":11},{"not_picked":["sneckomod:UnknownClassMARKED_PURPLE_COLOR","sneckomod:DiceCrush"],"picked":"Infernal Blade","floor":15}],"player_experience":2168089,"relics_obtained":[{"floor":9,"key":"Mirror"},{"floor":11,"key":"Odd Mushroom"}],"event_choices":[{"damage_healed":0,"gold_gain":0,"player_choice":"Fought Mushrooms","damage_taken":0,"max_hp_gain":0,"max_hp_loss":0,"event_name":"Mushrooms","floor":11,"gold_loss":0},{"cards_removed":["sneckomod:Strike"],"damage_healed":0,"gold_gain":0,"player_choice":"Card Removal","damage_taken":0,"max_hp_gain":0,"max_hp_loss":0,"event_name":"The Cleric","floor":13,"gold_loss":0}],"is_beta":false,"boss_relics":[],"items_purged_floors":[],"is_endless":false,"potions_floor_spawned":[8,11,15],"killed_by":"Gremlin Nob","ascension_level":10}}