{"host":"y3h3n3f7seyagppx","time":1613414883,"event":{"mods":["AlwaysNeverKeys","BaseMod","Better Vampires","Colored Powertips","DeckTracker","Emptier Cage","Minty Spire (QoL Compilation)","Permanent Neow","Quick Restart","Rare Cards Sparkle","Relic Sorter","Relic Stats","StSLib","Transform Curses"],"gold_per_floor":[12,12,35,35,35,70,70,114,114,145,161,161,161,179,179,275,275,291,291,11,11,11,44,44,87,111,123,159,191,228,275,287,392,404,434,1445,1169,1190,792,830,869,904,904,920,956,956,971,1006,1006,1006,1006,1006],"floor_reached":51,"language":"ENG","playtime":5695,"items_purged":["Strike_R","Normality","Normality"],"score":1863,"play_id":"a2203337-68ff-4194-9412-2614af051979","local_time":"20210215134803","is_ascension_mode":true,"campfire_choices":[{"data":"Apotheosis","floor":7.0,"key":"SMITH"},{"data":"Perfected Strike","floor":12.0,"key":"SMITH"},{"floor":15.0,"key":"REST"},{"data":"Shockwave","floor":24.0,"key":"SMITH"},{"floor":27.0,"key":"REST"},{"data":"Feel No Pain","floor":32.0,"key":"SMITH"},{"floor":49,"key":"REST"}],"circlet_count":0,"master_deck":["AscendersBane","Strike_R","Strike_R","Strike_R+1","Defend_R","Defend_R","Defend_R","Bash","Apotheosis+1","Pommel Strike","Perfected Strike+1","Feel No Pain+1","Anger","Rage","Power Through","Impervious","Shockwave+1","Shrug It Off","Impervious","Whirlwind+1","Body Slam","Feed","Flame Barrier","Burning Pact+1","Shrug It Off+1"],"relics":["Burning Blood","Golden Idol","Self Forming Clay","WingedGreaves","Happy Flower","Omamori","Boot","Velvet Choker","Membership Card","Bag of Marbles","Pen Nib","WarpedTongs","Potion Belt","Letter Opener","MawBank","Ancient Tea Set","Fusion Hammer","Strawberry","Chemical X","Lantern","Bag of Preparation","Cauldron","Whetstone","Frozen Egg 2","Juzu Bracelet","Toxic Egg 2","Blood Vial","Prayer Wheel"],"acts_visited":["Exordium","TheCity","TheBeyond"],"potions_floor_usage":[33,39,51],"damage_taken":[{"damage":0.0,"enemies":"2 Louse","floor":1.0,"turns":4.0},{"damage":7.0,"enemies":"Small Slimes","floor":3.0,"turns":4.0},{"damage":18.0,"enemies":"Lagavulin","floor":6.0,"turns":8.0},{"damage":39.0,"enemies":"Gremlin Nob","floor":8.0,"turns":5.0},{"damage":13.0,"enemies":"3 Sentries","floor":10.0,"turns":8.0},{"damage":7.0,"enemies":"Jaw Worm","floor":11.0,"turns":3.0},{"damage":4.0,"enemies":"3 Louse","floor":14.0,"turns":3.0},{"damage":33.0,"enemies":"The Guardian","floor":16.0,"turns":13.0},{"damage":6.0,"enemies":"Shell Parasite","floor":18.0,"turns":7.0},{"damage":21.0,"enemies":"Book of Stabbing","floor":23.0,"turns":6.0},{"damage":28.0,"enemies":"Gremlin Leader","floor":25.0,"turns":9.0},{"damage":11.0,"enemies":"Spheric Guardian","floor":28.0,"turns":4.0},{"damage":1.0,"enemies":"Centurion and Healer","floor":29.0,"turns":5.0},{"damage":0.0,"enemies":"Snecko","floor":30.0,"turns":4.0},{"damage":3.0,"enemies":"Book of Stabbing","floor":31.0,"turns":5.0},{"damage":29,"enemies":"Automaton","floor":33,"turns":12},{"damage":17,"enemies":"3 Shapes","floor":35,"turns":4},{"damage":0,"enemies":"3 Darklings","floor":38,"turns":2},{"damage":20,"enemies":"Reptomancer","floor":40,"turns":3},{"damage":1,"enemies":"Giant Head","floor":41,"turns":5},{"damage":0,"enemies":"Nemesis","floor":42,"turns":3},{"damage":5,"enemies":"Maw","floor":44,"turns":7},{"damage":0,"enemies":"Reptomancer","floor":45,"turns":4},{"damage":0,"enemies":"Sphere and 2 Shapes","floor":47,"turns":4},{"damage":13,"enemies":"Nemesis","floor":48,"turns":5},{"damage":24,"enemies":"Awakened One","floor":50,"turns":19},{"damage":68,"enemies":"Time Eater","floor":51,"turns":12}],"seed_played":"-8789010632422275753","potions_obtained":[{"floor":1.0,"key":"Block Potion"},{"floor":6.0,"key":"BloodPotion"},{"floor":8.0,"key":"Block Potion"},{"floor":16.0,"key":"Block Potion"},{"floor":18.0,"key":"Energy Potion"},{"floor":23.0,"key":"Swift Potion"},{"floor":29.0,"key":"Dexterity Potion"},{"floor":31.0,"key":"FearPotion"},{"floor":39,"key":"DistilledChaos"},{"floor":39,"key":"CultistPotion"},{"floor":39,"key":"SneckoOil"}],"is_trial":false,"path_per_floor":["M","?","M","?","?","E","R","E","T","E","M","R","?","M","R","B",null,"M","?","$","?","?","E","R","E","T","R","M","M","M","E","R","B",null,"M","?","$","M","$","E","E","E","T","M","E","?","M","E","R","B","B"],"character_chosen":"IRONCLAD","items_purchased":["Membership Card","Bag of Marbles","Strawberry","Chemical X","Whirlwind","Body Slam","Lantern","Bag of Preparation","Cauldron","BloodPotion","EntropicBrew"],"campfire_rested":3,"item_purchase_floors":[20,20,37,37,37,37,39,39,39,39,39],"current_hp_per_floor":[74,68,67,60,60,48,48,15,15,21,20,20,15,17,37,10,54,54,54,54,54,54,39,39,17,17,37,32,37,43,46,46,23,57,46,46,53,59,74,60,65,71,71,72,79,79,82,75,82,64,0,0],"gold":1006,"neow_bonus":"RANDOM_COLORLESS_2","is_daily":false,"chose_seed":false,"campfire_upgraded":4,"win_rate":0.0,"timestamp":1613414883,"path_taken":["M","?","M","?","?","E","R","E","T","E","M","R","?","M","R","BOSS","M","?","$","?","?","E","R","E","T","R","M","?","M","E","R","BOSS","M","?","$","M","$","E","E","E","T","M","E","?","M","E","R","BOSS","BOSS"],"items_purchased_type":["Relic","Relic","Relic","Relic","Card","Card","Relic","Relic","Relic","Potion","Potion"],"build_version":"2020-12-22","purchased_purges":3,"victory":false,"max_hp_per_floor":[75,68,68,68,68,68,68,68,68,68,68,68,68,68,68,68,68,68,68,68,68,68,68,68,68,68,68,68,68,68,68,68,68,68,68,68,75,75,75,75,75,75,75,75,79,79,82,82,82,82,82,82],"relic_stats":{"Happy Flower":[49],"counters":[27,168],"Golden Idol":182,"Self Forming Clay":[156],"Pen Nib":[21],"Bag of Preparation":[18],"Juzu Bracelet":0,"Letter Opener":[202],"Whetstone":["Strike_R","Whirlwind"],"Boot":[51],"MawBank":132,"Burning Blood":147,"WarpedTongs":[36],"Blood Vial":2,"Prayer Wheel":0,"Chemical X":[17],"obtain_stats":[{"Lantern":39,"Bag of Preparation":39,"Juzu Bracelet":42,"Whetstone":40,"Boot":13,"Ancient Tea Set":31,"Burning Blood":0,"Blood Vial":45,"Strawberry":37,"Prayer Wheel":48,"WingedGreaves":8,"Fusion Hammer":34,"Chemical X":37,"Toxic Egg 2":43,"Potion Belt":23,"Happy Flower":9,"Golden Idol":2,"Self Forming Clay":6,"Velvet Choker":17,"Pen Nib":21,"Omamori":10,"Letter Opener":25,"Frozen Egg 2":41,"MawBank":26,"WarpedTongs":22,"Cauldron":39,"Bag of Marbles":20,"Membership Card":20},{"Lantern":18,"Bag of Preparation":18,"Juzu Bracelet":21,"Whetstone":19,"Boot":6,"Ancient Tea Set":15,"Burning Blood":0,"Blood Vial":23,"Strawberry":17,"Prayer Wheel":25,"WingedGreaves":4,"Fusion Hammer":16,"Chemical X":17,"Toxic Egg 2":21,"Potion Belt":10,"Happy Flower":4,"Golden Idol":1,"Self Forming Clay":3,"Velvet Choker":8,"Pen Nib":9,"Omamori":5,"Letter Opener":11,"Frozen Egg 2":20,"MawBank":11,"WarpedTongs":9,"Cauldron":18,"Bag of Marbles":9,"Membership Card":9},{"Lantern":106,"Bag of Preparation":106,"Juzu Bracelet":117,"Whetstone":109,"Boot":32,"Ancient Tea Set":88,"Burning Blood":0,"Blood Vial":128,"Strawberry":104,"Prayer Wheel":137,"WingedGreaves":21,"Fusion Hammer":100,"Chemical X":104,"Toxic Egg 2":117,"Potion Belt":61,"Happy Flower":21,"Golden Idol":4,"Self Forming Clay":16,"Velvet Choker":48,"Pen Nib":55,"Omamori":29,"Letter Opener":70,"Frozen Egg 2":114,"MawBank":70,"WarpedTongs":55,"Cauldron":106,"Bag of Marbles":55,"Membership Card":55}]},"card_choices":[{"not_picked":["Violence","Sadistic Nature"],"picked":"Apotheosis","floor":0.0},{"not_picked":["Body Slam","Fire Breathing"],"picked":"Pommel Strike","floor":1.0},{"not_picked":["Headbutt","Heavy Blade"],"picked":"Perfected Strike","floor":3.0},{"not_picked":["Rampage","Thunderclap"],"picked":"Feel No Pain","floor":6.0},{"not_picked":["Rupture","Flex"],"picked":"Anger","floor":8.0},{"not_picked":["Blood for Blood","Carnage"],"picked":"Rage","floor":10.0},{"not_picked":["Havoc","Thunderclap"],"picked":"Power Through","floor":11.0},{"not_picked":["Flex","Thunderclap","Headbutt"],"picked":"SKIP","floor":14.0},{"not_picked":["Limit Break","Immolate"],"picked":"Impervious","floor":16.0},{"not_picked":["Warcry","Pommel Strike","Flex+1"],"picked":"SKIP","floor":18.0},{"not_picked":["True Grit","Second Wind","Bludgeon"],"picked":"SKIP","floor":23.0},{"not_picked":["Rage","Thunderclap"],"picked":"Shrug It Off","floor":25.0},{"not_picked":["Rampage","Dropkick","Twin Strike"],"picked":"SKIP","floor":28.0},{"not_picked":["Iron Wave","Shockwave","Wild Strike"],"picked":"SKIP","floor":29.0},{"not_picked":["Clothesline","True Grit","Rampage"],"picked":"SKIP","floor":30.0},{"not_picked":["Havoc","Warcry","Sentinel"],"picked":"SKIP","floor":31.0},{"not_picked":["Berserk","Limit Break"],"picked":"Impervious","floor":33},{"not_picked":["Twin Strike","Whirlwind","Sword Boomerang"],"picked":"SKIP","floor":35},{"not_picked":["Perfected Strike+1","Pummel","Bloodletting"],"picked":"SKIP","floor":38},{"not_picked":["Double Tap","Power Through"],"picked":"Feed","floor":40},{"not_picked":["Pummel","Hemokinesis+1","Dropkick+1"],"picked":"SKIP","floor":41},{"not_picked":["Flex+1","Warcry"],"picked":"Flame Barrier","floor":42},{"not_picked":["Bloodletting+1","Pommel Strike","Warcry+1"],"picked":"SKIP","floor":44},{"not_picked":["Pommel Strike","Havoc+1","Sword Boomerang+1"],"picked":"SKIP","floor":45},{"not_picked":["Rage+1","Whirlwind"],"picked":"Burning Pact+1","floor":47},{"not_picked":["Headbutt","Combust+1"],"picked":"Shrug It Off+1","floor":48}],"player_experience":22196149,"relics_obtained":[{"floor":6.0,"key":"Self Forming Clay"},{"floor":8.0,"key":"WingedGreaves"},{"floor":9.0,"key":"Happy Flower"},{"floor":10.0,"key":"Omamori"},{"floor":23.0,"key":"Potion Belt"},{"floor":25.0,"key":"Letter Opener"},{"floor":26.0,"key":"MawBank"},{"floor":31.0,"key":"Ancient Tea Set"},{"floor":40,"key":"Whetstone"},{"floor":41,"key":"Frozen Egg 2"},{"floor":42,"key":"Juzu Bracelet"},{"floor":43,"key":"Toxic Egg 2"},{"floor":45,"key":"Blood Vial"},{"floor":48,"key":"Prayer Wheel"}],"event_choices":[{"damage_healed":0.0,"max_hp_gain":0.0,"max_hp_loss":7.0,"gold_gain":0.0,"event_name":"Golden Idol","player_choice":"Lose Max HP","floor":2.0,"gold_loss":0.0,"damage_taken":0.0,"relics_obtained":["Golden Idol"]},{"cards_removed":["Strike_R"],"damage_healed":0.0,"max_hp_gain":0.0,"max_hp_loss":0.0,"gold_gain":0.0,"event_name":"Golden Wing","player_choice":"Card Removal","floor":4.0,"gold_loss":0.0,"damage_taken":7.0},{"damage_healed":0.0,"max_hp_gain":0.0,"max_hp_loss":0.0,"gold_gain":0.0,"event_name":"Liars Game","player_choice":"Ignored","floor":5.0,"gold_loss":0.0,"damage_taken":0.0},{"damage_healed":0.0,"max_hp_gain":0.0,"max_hp_loss":0.0,"gold_gain":0.0,"event_name":"Scrap Ooze","player_choice":"Success","floor":13.0,"gold_loss":0.0,"damage_taken":5.0,"relics_obtained":["Boot"]},{"damage_healed":0.0,"max_hp_gain":0.0,"max_hp_loss":0.0,"gold_gain":0.0,"event_name":"The Library","player_choice":"Read","floor":19.0,"gold_loss":0.0,"damage_taken":0.0,"cards_obtained":["Shockwave"]},{"damage_healed":0.0,"max_hp_gain":0.0,"max_hp_loss":0.0,"gold_gain":0.0,"event_name":"The Mausoleum","player_choice":"Opened","floor":21.0,"gold_loss":0.0,"damage_taken":0.0,"relics_obtained":["Pen Nib"],"cards_obtained":["Writhe"]},{"damage_healed":0.0,"max_hp_gain":0.0,"max_hp_loss":0.0,"gold_gain":0.0,"event_name":"Accursed Blacksmith","player_choice":"Rummage","floor":22.0,"gold_loss":0.0,"damage_taken":0.0,"relics_obtained":["WarpedTongs"],"cards_obtained":["Pain"]},{"damage_healed":0,"gold_gain":999,"player_choice":"Gold","damage_taken":0,"max_hp_gain":0,"max_hp_loss":0,"event_name":"MindBloom","floor":36,"gold_loss":0,"cards_obtained":["Normality","Normality"]},{"cards_removed":["Defend_R"],"damage_healed":0,"gold_gain":0,"player_choice":"Removed Skill","damage_taken":0,"max_hp_gain":0,"max_hp_loss":0,"event_name":"Falling","floor":46,"gold_loss":0}],"is_beta":false,"boss_relics":[{"not_picked":["Tiny House","Black Star"],"picked":"Velvet Choker"},{"not_picked":["Coffee Dripper","Pandora\u0027s Box"],"picked":"Fusion Hammer"}],"items_purged_floors":[20,37,39],"is_endless":false,"potions_floor_spawned":[1,6,8,16,18,23,29,31,40,44,45,48],"killed_by":"Time Eater","ascension_level":20}}