{"host":"nmjik3bzoelmmajy","time":1613386701,"event":{"mods":["BaseMod","Better Third Choice","Colored Map","DeckTracker","Minty Spire (QoL Compilation)","Quick Restart","Say the Spire","StSLib","SuperFastMode"],"gold_per_floor":[118,118,135,149,164,498,498,528,553,102,167,167,195,49,49,145,145,157,183,57,71,89,89,89],"floor_reached":23,"language":"KOR","playtime":822,"items_purged":["Strike_G","Strike_G"],"score":327,"play_id":"ee1b6502-5525-4ed7-9a5b-8ec795663b12","local_time":"20210215195821","is_ascension_mode":true,"campfire_choices":[{"data":"Catalyst","floor":7,"key":"SMITH"},{"data":"Cloak And Dagger","floor":12,"key":"SMITH"},{"data":"Well Laid Plans","floor":15,"key":"SMITH"}],"circlet_count":0,"master_deck":["Strike_G","Strike_G","Defend_G","Defend_G","Defend_G","Defend_G","Defend_G","Survivor","Neutralize","Terror","Masterful Stab","Catalyst+1","Deadly Poison","Cloak And Dagger+1","Escape Plan","Footwork","Catalyst+1","Well Laid Plans+1","Noxious Fumes","Bouncing Flask","Infinite Blades","After Image","Crippling Poison","Backflip","Acrobatics"],"relics":["Ring of the Snake","NeowsBlessing","Old Coin","Orichalcum","Tiny Chest","DollysMirror","MealTicket","Ancient Tea Set","Unceasing Top","Coffee Dripper","Red Mask"],"acts_visited":["Exordium","TheCity"],"potions_floor_usage":[6,11,19,19],"damage_taken":[{"damage":0,"enemies":"Jaw Worm","floor":1,"turns":1},{"damage":0,"enemies":"Cultist","floor":3,"turns":1},{"damage":0,"enemies":"2 Louse","floor":4,"turns":1},{"damage":7,"enemies":"Blue Slaver","floor":5,"turns":4},{"damage":9,"enemies":"3 Sentries","floor":6,"turns":9},{"damage":18,"enemies":"Gremlin Nob","floor":8,"turns":4},{"damage":0,"enemies":"Gremlin Nob","floor":11,"turns":1},{"damage":3,"enemies":"Lagavulin","floor":13,"turns":5},{"damage":0,"enemies":"The Guardian","floor":16,"turns":5},{"damage":0,"enemies":"Chosen","floor":18,"turns":3},{"damage":1,"enemies":"Masked Bandits","floor":19,"turns":3},{"damage":18,"enemies":"Spheric Guardian","floor":21,"turns":4},{"damage":9,"enemies":"3 Cultists","floor":22,"turns":6},{"damage":44,"enemies":"Slavers","floor":23,"turns":4}],"seed_played":"881513200426267074","potions_obtained":[{"floor":3,"key":"SteroidPotion"},{"floor":6,"key":"Explosive Potion"},{"floor":8,"key":"Poison Potion"},{"floor":16,"key":"DistilledChaos"}],"is_trial":false,"path_per_floor":["M","?","M","M","M","E","R","E","T","$","?","R","E","$","R","B",null,"M","?","$","M","M","E"],"character_chosen":"THE_SILENT","items_purchased":["DollysMirror","MealTicket","Well Laid Plans","Bouncing Flask","Infinite Blades","Backflip"],"campfire_rested":0,"item_purchase_floors":[10,10,10,14,14,20],"current_hp_per_floor":[70,70,70,70,63,54,54,36,36,36,36,36,33,48,48,48,70,70,69,70,52,43,0,0],"gold":89,"neow_bonus":"THREE_ENEMY_KILL","is_daily":false,"chose_seed":false,"campfire_upgraded":3,"win_rate":0.0,"timestamp":1613386701,"path_taken":["M","?","?","?","M","E","R","E","T","?","?","R","E","$","R","BOSS","M","?","$","M","M","E"],"items_purchased_type":["Relic","Relic","Card","Card","Card","Card"],"build_version":"2020-12-22","purchased_purges":2,"victory":false,"max_hp_per_floor":[70,70,70,70,70,70,70,70,70,70,70,70,70,70,70,70,70,70,70,70,70,70,70,70],"card_choices":[{"not_picked":["Slice","Dodge and Roll"],"picked":"Terror","floor":1},{"not_picked":["Distraction","Deadly Poison"],"picked":"Catalyst","floor":3},{"not_picked":["Flying Knee","Backflip"],"picked":"Deadly Poison","floor":4},{"not_picked":["Terror","Accuracy"],"picked":"Cloak And Dagger","floor":5},{"not_picked":["Bane","Slice"],"picked":"Escape Plan","floor":6},{"not_picked":["Bouncing Flask","Envenom"],"picked":"Footwork","floor":8},{"not_picked":["Terror","PiercingWail"],"picked":"Noxious Fumes","floor":13},{"not_picked":["Die Die Die","Night Terror"],"picked":"After Image","floor":16},{"not_picked":["Choke","Deflect"],"picked":"Crippling Poison","floor":18},{"not_picked":["Predator","Deadly Poison+1","Poisoned Stab"],"picked":"SKIP","floor":21},{"not_picked":["Prepared","Sucker Punch"],"picked":"Acrobatics","floor":22}],"player_experience":504663,"relics_obtained":[{"floor":6,"key":"Old Coin"},{"floor":8,"key":"Orichalcum"},{"floor":9,"key":"Tiny Chest"},{"floor":11,"key":"Ancient Tea Set"},{"floor":13,"key":"Unceasing Top"},{"floor":19,"key":"Red Mask"}],"event_choices":[{"damage_healed":0,"gold_gain":0,"cards_transformed":["Strike_G"],"player_choice":"Transformed","damage_taken":0,"max_hp_gain":0,"max_hp_loss":0,"event_name":"Transmorgrifier","floor":2,"gold_loss":0,"cards_obtained":["Masterful Stab"]},{"damage_healed":0,"gold_gain":0,"player_choice":"Searched \u00271\u0027 times","damage_taken":0,"max_hp_gain":0,"max_hp_loss":0,"event_name":"Dead Adventurer","floor":11,"gold_loss":0},{"damage_healed":0,"gold_gain":0,"player_choice":"Fought Bandits","damage_taken":0,"max_hp_gain":0,"max_hp_loss":0,"event_name":"Masked Bandits","floor":19,"gold_loss":0}],"is_beta":false,"boss_relics":[{"not_picked":["SlaversCollar","Fusion Hammer"],"picked":"Coffee Dripper"}],"items_purged_floors":[10,20],"is_endless":false,"potions_floor_spawned":[3,6,8,16],"killed_by":"Slavers","ascension_level":3}}