{"host":"8d3fefv2347kqkpz","time":1613421807,"event":{"mods":["AchievementEnabler","Aspiration","BaseMod","Better Vampires","BetterRewards","Colored Map","Colored Powertips","Downfall","Emptier Cage","Highlight Path","Marked Mod","Minty Spire (QoL Compilation)","Quick Restart","Rare Cards Sparkle","Relic Stats","Spicy Shops","StSLib","Waifu the Spire"],"gold_per_floor":[99,115,115,126,36,36,36,49,49,49,69,80,80,100,113,215,215,215,215,215,215,215,215,215,233,233,262,272,288,288,288,307,407,407,407,425,12,26,11,41,88,88,122,139,149,149,149,149],"floor_reached":46,"language":"ZHS","playtime":2214,"items_purged":["sneckomod:Strike","Injury"],"score":515,"play_id":"34bcbac4-e669-4900-8652-a624af13830b","local_time":"20210216044327","is_ascension_mode":false,"campfire_choices":[{"data":"sneckomod:TailWhip","floor":1.0,"key":"SMITH"},{"data":"sneckomod:UnknownDexterity","floor":6.0,"key":"SMITH"},{"data":"sneckomod:UnknownWeak","floor":9.0,"key":"SMITH"},{"data":"sneckomod:UnknownClassGREEN","floor":13.0,"key":"SMITH"},{"data":"Guardian:StasisField","floor":18.0,"key":"SMITH"},{"data":"Slimebound:Grow","floor":26.0,"key":"SMITH"},{"floor":30.0,"key":"REST"},{"data":"sneckomod:UnknownX","floor":35.0,"key":"SMITH"},{"floor":42.0,"key":"REST"}],"circlet_count":1,"master_deck":["sneckomod:Unknown","sneckomod:UnknownDexterity+1","sneckomod:UnknownWeak+1","sneckomod:UnknownClassGREEN+1","sneckomod:SnekBeam+1","Guardian:StasisField+1","sneckomod:DangerNoodle+1","sneckomod:UnknownStrength","sneckomod:UnknownClassSLIMEBOUND","sneckomod:UnknownDexterity","sneckomod:UnknownBlock","sneckomod:UnknownUncommonPower","Slimebound:Grow+1","sneckomod:UnknownBlock","sneckomod:UnknownCommonAttack+1","sneckomod:Unknown1Cost","sneckomod:Unknown0Cost+1","RitualDagger+1","sneckomod:UnknownX+1","sneckomod:DangerNoodle+1","sneckomod:Unknown1Cost+1","sneckomod:CheapStock+1","sneckomod:MixItUp+1","sneckomod:UnknownExhaust+1","sneckomod:UnknownDexterity+1","sneckomod:DiceBlock+1","sneckomod:UnknownBlock+1","sneckomod:ImprovisedGuard+1","sneckomod:UnknownWeak+1","sneckomod:SlitherStrike+1"],"relics":["sneckomod:SneckoSoul","The Courier","Molten Egg 2","sneckomod:SneckoTalon","Question Card","Shovel","Astrolabe","Pear","Strawberry","aspiration:SeaSaltIceCream","Circlet","aspiration:HiddenCompartment","Slimebound:StickyStick"],"acts_visited":["Exordium","TheCity","TheBeyond"],"potions_floor_usage":[],"damage_taken":[{"damage":6.0,"enemies":"Jaw Worm","floor":2.0,"turns":3.0},{"damage":0.0,"enemies":"Small Slimes","floor":4.0,"turns":4.0},{"damage":0.0,"enemies":"downfall:FleeingMerchant","floor":5.0,"turns":4.0},{"damage":0.0,"enemies":"2 Louse","floor":8.0,"turns":3.0},{"damage":9.0,"enemies":"downfall:LooterAlt","floor":11.0,"turns":4.0},{"damage":0.0,"enemies":"Large Slime","floor":12.0,"turns":4.0},{"damage":0.0,"enemies":"3 Louse","floor":14.0,"turns":2.0},{"damage":1.0,"enemies":"Lots of Slimes","floor":15.0,"turns":4.0},{"damage":56.0,"enemies":"DF_ARCHETYPE_STREAMLINE","floor":16.0,"turns":11.0},{"damage":0.0,"enemies":"Chosen","floor":19.0,"turns":1.0},{"damage":20.0,"enemies":"3 Byrds","floor":25.0,"turns":5.0},{"damage":45.0,"enemies":"Slavers","floor":27.0,"turns":6.0},{"damage":24.0,"enemies":"Centurion and Healer","floor":28.0,"turns":7.0},{"damage":4.0,"enemies":"3 Cultists","floor":29.0,"turns":5.0},{"damage":10.0,"enemies":"Sentry and Sphere","floor":32.0,"turns":5.0},{"damage":18.0,"enemies":"SI_MIRROR_ARCHETYPE","floor":33.0,"turns":7.0},{"damage":16.0,"enemies":"3 Shapes","floor":36.0,"turns":5.0},{"damage":15.0,"enemies":"downfall:FleeingMerchant","floor":37.0,"turns":4.0},{"damage":30.0,"enemies":"3 Darklings","floor":38.0,"turns":5.0},{"damage":0.0,"enemies":"downfall:FleeingMerchant","floor":39.0,"turns":4.0},{"damage":40.0,"enemies":"Reptomancer","floor":40.0,"turns":7.0},{"damage":19,"enemies":"Giant Head","floor":43,"turns":11},{"damage":11,"enemies":"Sphere and 2 Shapes","floor":44,"turns":9},{"damage":8,"enemies":"Jaw Worm Horde","floor":45,"turns":6},{"damage":13,"enemies":"3 Darklings","floor":46,"turns":2}],"seed_played":"-2584056398197448506","potions_obtained":[{"floor":2.0,"key":"BlessingOfTheForge"},{"floor":8.0,"key":"SmokeBomb"},{"floor":11.0,"key":"Ancient Potion"},{"floor":15.0,"key":"LiquidMemories"},{"floor":31.0,"key":"CultistPotion"},{"floor":33.0,"key":"LiquidMemories"},{"floor":38.0,"key":"ColorlessPotion"},{"floor":40.0,"key":"PowerPotion"},{"floor":43,"key":"sneckomod:CheatPotion"}],"is_trial":false,"path_per_floor":["R","M","?","M","$","R","T","M","R","?","M","M","R","M","M","B",null,"R","M","?","?","?","R","T","M","R","E","M","M","R","?","M","B",null,"R","M","$","M","$","E","T","R","E","M","M","M"],"character_chosen":"THE_SNECKO","items_purchased":["Pear","Strawberry"],"campfire_rested":2,"item_purchase_floors":[37,37],"current_hp_per_floor":[99,93,93,93,93,93,93,93,93,93,84,84,84,84,83,27,99,99,99,99,99,99,99,99,79,79,34,10,10,39,39,29,11,99,99,83,85,55,55,15,15,49,30,19,11,0,0,0],"gold":149,"neow_bonus":"TEN_PERCENT_HP_BONUS","is_daily":false,"chose_seed":false,"campfire_upgraded":7,"win_rate":0.0,"timestamp":1613421807,"path_taken":["R","M","?","M","$","R","T","M","R","?","M","M","R","M","M","BOSS","R","M","?","?","?","R","T","M","R","E","M","M","R","?","M","BOSS","R","M","$","M","$","E","T","R","E","M","M","M"],"items_purchased_type":["Relic","Relic"],"build_version":"2020-12-22","purchased_purges":2,"victory":false,"max_hp_per_floor":[99,99,99,99,99,99,99,99,99,99,99,99,99,99,99,99,99,99,99,99,99,99,99,99,99,99,99,99,99,99,99,99,99,99,99,99,116,116,116,116,116,116,116,116,116,116,116,116],"relic_stats":{"Shovel":0,"counters":[25,128],"Astrolabe":["sneckomod:Unknown1Cost","sneckomod:CheapStock","sneckomod:MixItUp"],"Question Card":14,"obtain_stats":[{"Pear":37,"Astrolabe":34,"Circlet":40,"The Courier":7,"aspiration:SeaSaltIceCream":40,"sneckomod:SneckoSoul":0,"sneckomod:SneckoTalon":17,"Question Card":24,"aspiration:HiddenCompartment":41,"downfall:BrokenWingStatue":3,"Shovel":27,"Slimebound:StickyStick":43,"Strawberry":37,"Molten Egg 2":10},{"Pear":18,"Astrolabe":16,"Circlet":21,"The Courier":3,"aspiration:SeaSaltIceCream":21,"sneckomod:SneckoSoul":0,"sneckomod:SneckoTalon":9,"Question Card":10,"aspiration:HiddenCompartment":21,"downfall:BrokenWingStatue":1,"Shovel":12,"Slimebound:StickyStick":22,"Strawberry":18,"Molten Egg 2":4},{"Pear":84,"Astrolabe":75,"Circlet":100,"The Courier":11,"aspiration:SeaSaltIceCream":100,"sneckomod:SneckoSoul":0,"sneckomod:SneckoTalon":39,"Question Card":40,"aspiration:HiddenCompartment":100,"downfall:BrokenWingStatue":3,"Shovel":51,"Slimebound:StickyStick":111,"Strawberry":84,"Molten Egg 2":14}]},"card_choices":[{"not_picked":["sneckomod:DiceCrush","sneckomod:Nope"],"picked":"sneckomod:UnknownDexterity","floor":2.0},{"not_picked":["sneckomod:Unknown2Cost","sneckomod:QuickBite","sneckomod:Nope"],"picked":"SKIP","floor":4.0},{"not_picked":["sneckomod:Unknown1Cost","sneckomod:IronFang"],"picked":"sneckomod:UnknownWeak","floor":5.0},{"not_picked":["sneckomod:Unknown1Cost","sneckomod:Nope","sneckomod:UnknownBlock"],"picked":"SKIP","floor":8.0},{"not_picked":["sneckomod:UnknownUncommonSkill","sneckomod:QuickMove"],"picked":"sneckomod:DiceCrush+1","floor":11.0},{"not_picked":["sneckomod:Nope","sneckomod:SoulRoll"],"picked":"sneckomod:UnknownClassGREEN","floor":12.0},{"not_picked":["sneckomod:Unknown1Cost","sneckomod:UnknownCommonSkill"],"picked":"sneckomod:Memorize","floor":14.0},{"not_picked":["sneckomod:SoulDraw","sneckomod:UnknownClassGUARDIAN"],"picked":"sneckomod:SnekBeam+1","floor":15.0},{"not_picked":["sneckomod:UnlimitedRolls","sneckomod:Restock"],"picked":"sneckomod:DangerNoodle+1","floor":16.0},{"not_picked":["sneckomod:Unknown1Cost","sneckomod:MixItUp+1"],"picked":"sneckomod:UnknownStrength","floor":19.0},{"not_picked":["sneckomod:PureSnecko","sneckomod:UnknownDraw","sneckomod:DiceCrush+1"],"picked":"sneckomod:UnknownBlock","floor":25.0},{"not_picked":["sneckomod:QuickMove+1","sneckomod:MixItUp+1","sneckomod:RainOfDice+1"],"picked":"sneckomod:UnknownCommonAttack+1","floor":27.0},{"not_picked":["sneckomod:UnendingSupply+1","sneckomod:DiceCrush+1","sneckomod:UnknownCommonSkill+1"],"picked":"sneckomod:Unknown1Cost","floor":28.0},{"not_picked":["sneckomod:UnknownCommonAttack+1","sneckomod:SnekBeam+1","sneckomod:SerpentMind"],"picked":"sneckomod:Unknown0Cost+1","floor":29.0},{"not_picked":["sneckomod:Unknown2Cost","sneckomod:Nope","sneckomod:UnknownDraw"],"picked":"sneckomod:UnknownX","floor":32.0},{"not_picked":["sneckomod:Mudshield","sneckomod:GlitteringGambit","sneckomod:Cheat"],"picked":"sneckomod:DangerNoodle+1","floor":33.0},{"not_picked":["sneckomod:UnknownDraw+1","sneckomod:ImprovisedAttack+1","sneckomod:QuickBite+1"],"picked":"sneckomod:UnknownExhaust+1","floor":36.0},{"not_picked":["sneckomod:MorePower","sneckomod:QuickMove","sneckomod:TrashToTreasure+1"],"picked":"sneckomod:UnknownDexterity+1","floor":37.0},{"not_picked":["sneckomod:Unknown1Cost","sneckomod:Nope+1","sneckomod:QuickMove"],"picked":"sneckomod:DiceBlock+1","floor":38.0},{"not_picked":["sneckomod:SoulDraw+1","sneckomod:SnakeSap+1","sneckomod:SoulRoll","sneckomod:DiceCrush+1"],"picked":"SKIP","floor":39.0},{"not_picked":["sneckomod:UnknownRareAttack+1","sneckomod:UnknownExhaust","sneckomod:QuickMove+1"],"picked":"sneckomod:UnknownBlock+1","floor":40.0},{"not_picked":["sneckomod:SoulRoll+1","sneckomod:Rotation","sneckomod:Unknown1Cost+1"],"picked":"sneckomod:ImprovisedGuard+1","floor":43},{"not_picked":["sneckomod:SoulRoll","sneckomod:Nope+1","sneckomod:DefensiveFlair+1"],"picked":"sneckomod:UnknownWeak+1","floor":44},{"not_picked":["sneckomod:Unknown2Cost+1","sneckomod:UnknownCommonSkill","sneckomod:Unknown1Cost"],"picked":"sneckomod:SlitherStrike+1","floor":45}],"player_experience":398930,"relics_obtained":[{"floor":7.0,"key":"The Courier"},{"floor":24.0,"key":"Question Card"},{"floor":27.0,"key":"Shovel"},{"floor":40.0,"key":"aspiration:SeaSaltIceCream"},{"floor":41.0,"key":"aspiration:HiddenCompartment"},{"floor":43,"key":"Slimebound:StickyStick"}],"event_choices":[{"damage_healed":0.0,"max_hp_gain":0.0,"max_hp_loss":0.0,"gold_gain":0.0,"event_name":"Ghosts","player_choice":"Ignored","floor":21.0,"gold_loss":0.0,"damage_taken":0.0}],"is_beta":false,"boss_relics":[{"not_picked":["Cursed Key","Tiny House"],"picked":"sneckomod:SneckoTalon"},{"not_picked":["aspiration:RitualDagger","Busted Crown"],"picked":"Astrolabe"}],"items_purged_floors":[5,37],"is_endless":false,"potions_floor_spawned":[2,8,11,12,15,16,25,33,38,40,43,44,45],"killed_by":"3 Darklings","ascension_level":0}}