{"host":"Aki","time":1613412125,"event":{"mods":["ATMod(°¢èªMod)","Act Like it!","Ascension Reborn","BaseMod","Better Vampires","Challenge The Spire","Colored Powertips","Custom Start","Energized Spire","Minty Spire (QoL Compilation)","Quick Restart","StSLib","Waifu the Spire","Youmu£¨»êÆÇÑýÃÎ£©","noobMod","¡¾ÒÅÎï¿¨ÅÆ¡¿REMEMod"],"gold_per_floor":[113,38,38,38,63,63,63,63,90,110,110,151,151,170,170,289,289,314,330,349,349,349,349,364,379,450,466,497,497,517,162,162,283,283,299,632,679,679,679,712,712,821,844,857,857,857,857,680,680,707,707,707,60,89,101],"floor_reached":56,"language":"ZHS","playtime":3414,"items_purged":["Strike_YM","Strike_YM","Strike_YM","Strike_YM"],"score":1518,"play_id":"a83971c3-a7d3-4619-977e-42c245cf6640","local_time":"20210216020205","is_ascension_mode":true,"campfire_choices":[{"data":"HumanRealmSword","floor":6.0,"key":"SMITH"},{"data":"ThreeKonsSevenHakus","floor":11.0,"key":"SMITH"},{"data":"BloodOfAsura","floor":15.0,"key":"SMITH"},{"data":"SanzenSekai","floor":23.0,"key":"SMITH"},{"data":"HeavenGodSword","floor":29.0,"key":"SMITH"},{"data":"FourBirthsSword","floor":32.0,"key":"SMITH"},{"data":"SlashOfSaigyouSpringWind","floor":41,"key":"SMITH"},{"floor":45,"key":"RECALL"},{"data":"SlashClearingTheSixSenses","floor":47,"key":"SMITH"},{"data":"EchoesOfTheInclemencyOfAllBeings","floor":49,"key":"SMITH"},{"data":"SlashOfPresentWorld","floor":52,"key":"SMITH"}],"circlet_count":0,"master_deck":["Defend_YM","Defend_YM+1","Defend_YM","Defend_YM+1","SlashOfPresentWorld+1","HumanRealmSword+1","ThreeKonsSevenHakus+1","SlashOfAscensionToBuddhahood+1","BloodOfAsura+1","HeavenGodSword+1","SwordExtraction+1","FourBirthsSword+1","SanzenSekai+1","Decay","TransmigrationSlash+1","EchoesOfTheInclemencyOfAllBeings+1","SlashOfSaigyouSpringWind+1","SlashClearingTheSixSenses+1","SlashOfDelusionalInnerEye+1","PreachingAvici+1","StrangeHalfBody"],"relics":["HalfPhantom","ice","AT_ATBox","REME_ComplimentaryCards","NeowsBlessing","Bag of Preparation","War Paint","AT_ChloranthyRing","Runic Dome","AT_BellowingDragoncrestRing","Juzu Bracelet","Hakurouken","energizedSpire:DeadBattery","REME_ArchaeologicalTools","MealTicket","Sundial","Strawberry","Bottled Flame"],"acts_visited":["Exordium","TheCity","TheBeyond","TheEnding"],"potions_floor_usage":[55,55,55,55],"damage_taken":[{"damage":0.0,"enemies":"2 Louse","floor":1.0,"turns":1.0},{"damage":0.0,"enemies":"Jaw Worm","floor":5.0,"turns":1.0},{"damage":0.0,"enemies":"Small Slimes","floor":10.0,"turns":1.0},{"damage":1.0,"enemies":"3 Sentries","floor":12.0,"turns":5.0},{"damage":0.0,"enemies":"3 Louse","floor":14.0,"turns":1.0},{"damage":25.0,"enemies":"Hexaghost","floor":16.0,"turns":10.0},{"damage":9.0,"enemies":"Chosen","floor":18.0,"turns":3.0},{"damage":3.0,"enemies":"3 Byrds","floor":19.0,"turns":4.0},{"damage":2.0,"enemies":"Snake Plant","floor":20.0,"turns":3.0},{"damage":2.0,"enemies":"Snecko","floor":24.0,"turns":5.0},{"damage":3.0,"enemies":"3 Cultists","floor":25.0,"turns":4.0},{"damage":0.0,"enemies":"Snake Plant","floor":27.0,"turns":2.0},{"damage":59.0,"enemies":"REME_1_Revenger","floor":28.0,"turns":6.0},{"damage":0.0,"enemies":"Centurion and Healer","floor":30.0,"turns":4.0},{"damage":6.0,"enemies":"Automaton","floor":33.0,"turns":8.0},{"damage":0.0,"enemies":"3 Darklings","floor":35.0,"turns":2.0},{"damage":0.0,"enemies":"2 Orb Walkers","floor":37.0,"turns":1.0},{"damage":45,"enemies":"Nemesis","floor":40,"turns":9},{"damage":0,"enemies":"3 Shapes","floor":42,"turns":6},{"damage":0,"enemies":"Sphere and 2 Shapes","floor":44,"turns":1},{"damage":3,"enemies":"Awakened One","floor":50,"turns":7},{"damage":0,"enemies":"Shield and Spear","floor":54,"turns":1},{"damage":6,"enemies":"The Heart","floor":55,"turns":5}],"seed_played":"-3521057639885773789","potions_obtained":[{"floor":10.0,"key":"Block Potion"},{"floor":14.0,"key":"DuplicationPotion"},{"floor":18.0,"key":"Dexterity Potion"},{"floor":25.0,"key":"Regen Potion"},{"floor":28.0,"key":"FairyPotion"},{"floor":44,"key":"LiquidBronze"},{"floor":54,"key":"SwordSoul"}],"is_trial":false,"path_per_floor":["M","$","?","?","M","R","T","$","T","M","R","E","?","M","R","B",null,"M","M","M","?","?","R","M","M","T","M","E","R","M","$","R","B",null,"M","?","?","?","?","E","R","M","T","M","R","?","R","$","R","B",null,"R","$","E","B",null],"character_chosen":"YOUMU","items_purchased":["Hakurouken","PowerPotion","Sundial","EntropicBrew","Strawberry"],"campfire_rested":0,"item_purchase_floors":[31,48,53,53,53],"current_hp_per_floor":[75,75,57,50,50,50,50,50,50,50,50,49,49,49,49,24,75,66,63,61,61,61,61,59,71,71,71,12,12,27,27,27,56,75,75,75,75,75,75,30,30,45,45,73,73,73,73,75,75,75,75,75,82,82,76],"gold":101,"neow_bonus":"THREE_ENEMY_KILL","is_daily":false,"chose_seed":false,"campfire_upgraded":10,"win_rate":0.0,"timestamp":1613412125,"path_taken":["M","$","?","?","M","R","?","?","T","?","R","E","?","M","R","BOSS","M","M","M","?","?","R","M","M","T","M","E","R","M","$","R","BOSS","M","?","?","?","?","E","R","M","T","M","R","?","R","$","R","BOSS","R","$","E","BOSS"],"items_purchased_type":["Relic","Potion","Relic","Potion","Relic"],"build_version":"2020-12-18","purchased_purges":4,"victory":true,"max_hp_per_floor":[75,75,75,75,75,75,75,75,75,75,75,75,75,75,75,75,75,75,75,75,75,75,75,75,75,75,75,75,75,75,75,75,75,75,75,75,75,75,75,75,75,75,75,75,75,75,75,75,75,75,75,75,82,82,82],"card_choices":[{"not_picked":["SwordOfBindingDesires","SlashOfMeditation"],"picked":"HumanRealmSword","floor":1.0},{"not_picked":["GhostSword","SpiderLilyBurial","PhosphoricSlash"],"picked":"SKIP","floor":5.0},{"not_picked":["CherryBlossomFlashing","DispleasureOfTheSevenHakus"],"picked":"ThreeKonsSevenHakus","floor":10.0},{"not_picked":["FlashingScatteredFlowers","LowerRealmReflectionSlash"],"picked":"SlashOfAscensionToBuddhahood","floor":12.0},{"not_picked":["FlashingScatteredFlowers","PhosphoricSlash"],"picked":"BloodOfAsura","floor":14.0},{"not_picked":["IrresoluteSoul","WickedSoul"],"picked":"HeavenGodSword","floor":16.0},{"not_picked":["SanzenSekai","SuddenPhantomFormationSlashOfKarmicWind+1"],"picked":"SwordExtraction+1","floor":18.0},{"not_picked":["CrescentMoonSlash","PhosphoricSlash"],"picked":"FourBirthsSword","floor":19.0},{"not_picked":["DispleasureOfTheSevenHakus","LifeCuttingSword","ThreeKonsSevenHakus"],"picked":"SKIP","floor":20.0},{"not_picked":["FlashingScatteredFlowers+1","SpiritCuttingSword"],"picked":"TransmigrationSlash+1","floor":24.0},{"not_picked":["SuddenPhantomFormationSlashOfKarmicWind","SanzenSekai"],"picked":"EchoesOfTheInclemencyOfAllBeings","floor":25.0},{"not_picked":["HumanKnowledgeSword","HumanGodSword","HiganSword"],"picked":"SKIP","floor":27.0},{"not_picked":["LifeCuttingSword+1","BizarrenessOfSixRealms","KarmicPunishmentOfTheIdleAndUnfocused"],"picked":"SKIP","floor":28.0},{"not_picked":["DispleasureOfTheSevenHakus","HeavenlyHaloSlash+1","ThreeKonsSevenHakus"],"picked":"SKIP","floor":30.0},{"not_picked":["SuddenDivineSeveringOfKarmicWind","AsuraSword"],"picked":"SlashOfSaigyouSpringWind","floor":33.0},{"not_picked":["SpiritCuttingSword","BloodOfAsura"],"picked":"SlashClearingTheSixSenses","floor":35.0},{"not_picked":["SwordExtraction+1","PhosphoricSlash"],"picked":"SlashOfDelusionalInnerEye+1","floor":40},{"not_picked":["DispleasureOfTheSevenHakus","CherryBlossomFlashing+1","WickedSoul"],"picked":"SKIP","floor":42},{"not_picked":["SanzenSekai","ThreeKonsSevenHakus+1"],"picked":"PreachingAvici+1","floor":44},{"not_picked":["TenKingsRetributionOnThePreta+1","SwordOfBindingDesires"],"picked":"StrangeHalfBody","floor":54}],"player_experience":60693,"relics_obtained":[{"floor":9.0,"key":"War Paint"},{"floor":12.0,"key":"AT_ChloranthyRing"},{"floor":26.0,"key":"AT_BellowingDragoncrestRing"},{"floor":28.0,"key":"Juzu Bracelet"},{"floor":40,"key":"REME_ArchaeologicalTools"},{"floor":43,"key":"MealTicket"},{"floor":54,"key":"Bottled Flame"}],"event_choices":[{"damage_healed":0.0,"max_hp_gain":0.0,"max_hp_loss":0.0,"gold_gain":0.0,"event_name":"Golden Idol","player_choice":"Take Damage","floor":3.0,"gold_loss":0.0,"damage_taken":18.0,"relics_obtained":["Golden Idol"]},{"damage_healed":0.0,"max_hp_gain":0.0,"max_hp_loss":0.0,"gold_gain":0.0,"event_name":"Scrap Ooze","player_choice":"Success","floor":4.0,"gold_loss":0.0,"damage_taken":7.0,"relics_obtained":["Bag of Preparation"]},{"damage_healed":0.0,"max_hp_gain":0.0,"max_hp_loss":0.0,"gold_gain":0.0,"event_name":"Living Wall","player_choice":"Grow","floor":13.0,"gold_loss":0.0,"damage_taken":0.0,"cards_upgraded":["SlashOfAscensionToBuddhahood"]},{"damage_healed":0.0,"max_hp_gain":0.0,"max_hp_loss":0.0,"gold_gain":0.0,"event_name":"The Library","player_choice":"Read","floor":21.0,"gold_loss":0.0,"damage_taken":0.0,"cards_obtained":["SanzenSekai"]},{"damage_healed":0.0,"max_hp_gain":0.0,"max_hp_loss":0.0,"gold_gain":0.0,"event_name":"Wheel of Change","player_choice":"Cursed","floor":22.0,"gold_loss":0.0,"damage_taken":0.0,"cards_obtained":["Decay"]},{"damage_healed":0.0,"max_hp_gain":0.0,"max_hp_loss":0.0,"gold_gain":333.0,"event_name":"The Moai Head","player_choice":"Gave Idol","floor":36.0,"relics_lost":["Golden Idol"],"gold_loss":0.0,"damage_taken":0.0},{"damage_healed":0.0,"max_hp_gain":0.0,"max_hp_loss":0.0,"gold_gain":0.0,"event_name":"Mysterious Sphere","player_choice":"Fight","floor":37.0,"gold_loss":0.0,"damage_taken":0.0},{"damage_healed":0,"gold_gain":0,"player_choice":"Memory 1","damage_taken":0,"max_hp_gain":0,"max_hp_loss":0,"event_name":"SensoryStone","floor":38,"gold_loss":0},{"damage_healed":0,"gold_gain":0,"player_choice":"Ignored","damage_taken":0,"max_hp_gain":0,"max_hp_loss":0,"event_name":"Tomb of Lord Red Mask","floor":39,"gold_loss":0},{"cards_removed":["WheelOfPainOfLivingAndDead"],"damage_healed":0,"gold_gain":0,"player_choice":"Removed Skill","damage_taken":0,"max_hp_gain":0,"max_hp_loss":0,"event_name":"Falling","floor":46,"gold_loss":0}],"is_beta":true,"boss_relics":[{"not_picked":["Velvet Choker","energizedSpire:StickyHand"],"picked":"Runic Dome"},{"not_picked":["SacredBark","Black Star"],"picked":"energizedSpire:DeadBattery"}],"items_purged_floors":[2,31,48,53],"is_endless":false,"potions_floor_spawned":[10,14,18,25,28,44,54],"ascension_level":0}}