{"host":"bpnwh7vpv9k3tssc","time":1613402375,"event":{"mods":["BaseMod","Colored Map","Colored Powertips","Curses Come First","Highlight Path","Minty Spire (QoL Compilation)","Quick Restart","Random Character Button","Relic Sorter","StSLib"],"gold_per_floor":[109,109,34,34,44,70,70,85,85,103,137,137,161,196,196,196,196],"floor_reached":16,"language":"ENG","playtime":339,"items_purged":["Regret"],"score":257,"play_id":"c32fee12-c85b-4108-b0f6-04a0465ebf1f","local_time":"20210215161935","is_ascension_mode":true,"campfire_choices":[{"data":"Rampage","floor":7,"key":"SMITH"},{"floor":12,"key":"REST"},{"floor":15,"key":"REST"}],"circlet_count":0,"master_deck":["AscendersBane","Strike_R","Strike_R","Strike_R","Strike_R","Strike_R","Defend_R","Defend_R","Defend_R","Defend_R","Bash","Rampage+1","Fire Breathing+1","Barricade+1","Shrug It Off","Combust+1","Feel No Pain+1","Rupture+1"],"relics":["Burning Blood","NeowsBlessing","Frozen Egg 2","Tiny Chest","Question Card","Charon\u0027s Ashes","Bag of Marbles","Omamori"],"acts_visited":["Exordium"],"potions_floor_usage":[11,11],"damage_taken":[{"damage":0,"enemies":"Jaw Worm","floor":1,"turns":1},{"damage":0,"enemies":"Cultist","floor":5,"turns":1},{"damage":0,"enemies":"3 Sentries","floor":6,"turns":2},{"damage":16,"enemies":"Small Slimes","floor":8,"turns":3},{"damage":18,"enemies":"Looter","floor":10,"turns":5},{"damage":22,"enemies":"Lagavulin","floor":11,"turns":5},{"damage":30,"enemies":"Gremlin Nob","floor":14,"turns":4},{"damage":60,"enemies":"Hexaghost","floor":16,"turns":7}],"seed_played":"-1537937997947829614","potions_obtained":[{"floor":1,"key":"AttackPotion"},{"floor":6,"key":"BlessingOfTheForge"}],"is_trial":false,"path_per_floor":["M","?","$","$","M","E","R","M","T","M","E","R","T","E","R","B"],"character_chosen":"IRONCLAD","items_purchased":[],"campfire_rested":2,"item_purchase_floors":[],"current_hp_per_floor":[74,74,74,74,75,75,75,65,65,53,37,59,59,35,57,0,0],"gold":196,"neow_bonus":"THREE_ENEMY_KILL","is_daily":false,"chose_seed":false,"campfire_upgraded":1,"win_rate":0.0,"timestamp":1613402375,"path_taken":["M","?","?","$","?","E","R","M","T","M","E","R","?","E","R","BOSS"],"items_purchased_type":[],"build_version":"2020-12-22","purchased_purges":1,"victory":false,"max_hp_per_floor":[75,75,75,75,75,75,75,75,75,75,75,75,75,75,75,75,75],"card_choices":[{"not_picked":["Ghostly Armor","Entrench"],"picked":"Rampage","floor":1},{"not_picked":["Sword Boomerang","Ghostly Armor"],"picked":"Fire Breathing+1","floor":5},{"not_picked":["Anger","Warcry"],"picked":"Barricade+1","floor":6},{"not_picked":["Cleave","Flex"],"picked":"Shrug It Off","floor":8},{"not_picked":["Flame Barrier","Dark Embrace+1","Body Slam"],"picked":"Combust+1","floor":10},{"not_picked":["Spot Weakness","Sword Boomerang","Clothesline"],"picked":"Feel No Pain+1","floor":11},{"not_picked":["Whirlwind","Battle Trance","Dropkick"],"picked":"Rupture+1","floor":14}],"player_experience":399683,"relics_obtained":[{"floor":6,"key":"Tiny Chest"},{"floor":9,"key":"Question Card"},{"floor":11,"key":"Charon\u0027s Ashes"},{"floor":13,"key":"Bag of Marbles"},{"floor":14,"key":"Omamori"}],"event_choices":[{"damage_healed":0,"gold_gain":0,"player_choice":"Box","damage_taken":0,"relics_obtained":["Frozen Egg 2"],"max_hp_gain":0,"max_hp_loss":0,"event_name":"Big Fish","floor":2,"gold_loss":0,"cards_obtained":["Regret"]}],"is_beta":false,"boss_relics":[],"items_purged_floors":[3],"is_endless":false,"potions_floor_spawned":[1,6,8],"killed_by":"Hexaghost","ascension_level":16}}