{"host":"u1dfzl6o6mfmauc3","time":1613375437,"event":{"mods":["2.2 Compatiblity","AchievementEnabler","BaseMod","Bestiary","Block Reminder","Challenge The Spire","Colored Map","Dark Map","Hermit","Highlight Path","Marisa????????","Minty Spire (QoL Compilation)","Random Character Button","Rare Cards Sparkle","Relic Stats","Robot Space Explorer","StSLib","The Disciple"],"gold_per_floor":[361,373,373,44,61,61,105,105,154,154,175,175,206,221,264,264,374,374,389,389,434,59,69,95,95,128,153,153,153,197,197,197],"floor_reached":31,"language":"ENG","playtime":796,"items_purged":[],"score":410,"play_id":"9bf54b22-d521-415c-a446-720ec6ec6321","local_time":"20210215025037","is_ascension_mode":true,"campfire_choices":[{"data":"CrushJoints","floor":6,"key":"SMITH"},{"data":"EmptyFist","floor":8,"key":"SMITH"},{"data":"Vigilance","floor":12,"key":"SMITH"},{"data":"LikeWater","floor":16,"key":"SMITH"},{"data":"Ragnarok","floor":25,"key":"SMITH"}],"circlet_count":0,"master_deck":["Defend_P","Defend_P","Defend_P","Defend_P","Eruption","Vigilance+1","ThirdEye","BattleHymn","EmptyFist+1","CrushJoints+1","Halt","EmptyBody","LikeWater+1","Ragnarok+1","Bite","Bite","Bite+1","Bite","Bite+1","FollowUp","WreathOfFlame","SashWhip+1"],"relics":["PureWater","Torii","ClockworkSouvenir","PreservedInsect","CeramicFish","Tiny Chest","Akabeko","Singing Bowl","Ancient Tea Set","Busted Crown","Potion Belt","Omamori","Whetstone","MealTicket","Red Mask"],"acts_visited":["Exordium","TheCity"],"potions_floor_usage":[17,17,24,26,26,30,31,31],"damage_taken":[{"damage":0,"enemies":"Cultist","floor":1,"turns":2},{"damage":0,"enemies":"Small Slimes","floor":2,"turns":2},{"damage":0,"enemies":"Jaw Worm","floor":5,"turns":4},{"damage":8,"enemies":"Gremlin Nob","floor":7,"turns":3},{"damage":0,"enemies":"3 Louse","floor":11,"turns":2},{"damage":0,"enemies":"Lagavulin","floor":13,"turns":3},{"damage":0,"enemies":"Blue Slaver","floor":14,"turns":2},{"damage":0,"enemies":"Gremlin Nob","floor":15,"turns":2},{"damage":9,"enemies":"Slime Boss","floor":17,"turns":7},{"damage":34,"enemies":"2 Thieves","floor":19,"turns":3},{"damage":2,"enemies":"Shell Parasite","floor":23,"turns":4},{"damage":0,"enemies":"Snecko","floor":24,"turns":3},{"damage":6,"enemies":"Gremlin Leader","floor":26,"turns":4},{"damage":24,"enemies":"Masked Bandits","floor":30,"turns":3},{"damage":36,"enemies":"Slavers","floor":31,"turns":3}],"seed_played":"3983031250255313248","potions_obtained":[{"floor":2,"key":"DistilledChaos"},{"floor":5,"key":"Swift Potion"},{"floor":7,"key":"Weak Potion"},{"floor":14,"key":"PowerPotion"},{"floor":23,"key":"AttackPotion"},{"floor":24,"key":"BlessingOfTheForge"}],"is_trial":false,"path_per_floor":["M","M","T","$","M","R","E","R","T","T","M","R","E","M","E","R","B",null,"M","?","?","$","M","M","R","E","T","T","?","?","E"],"character_chosen":"WATCHER","items_purchased":["ClockworkSouvenir","PreservedInsect","EmptyFist","Potion Belt","Fire Potion","Energy Potion","LiquidBronze","FollowUp"],"campfire_rested":0,"item_purchase_floors":[4,4,4,22,22,22,22,22],"current_hp_per_floor":[51,51,51,51,51,51,43,43,43,43,43,43,45,47,47,47,38,76,44,44,44,44,54,56,56,58,58,58,48,34,0,0],"gold":197,"neow_bonus":"TWO_FIFTY_GOLD","is_daily":false,"chose_seed":false,"campfire_upgraded":5,"win_rate":0.0,"timestamp":1613375437,"path_taken":["M","M","?","$","?","R","E","R","T","T","M","R","E","M","E","R","BOSS","M","?","?","$","?","M","R","E","?","T","?","?","E"],"items_purchased_type":["Relic","Relic","Card","Relic","Potion","Potion","Potion","Card"],"build_version":"2020-12-22","purchased_purges":0,"victory":false,"max_hp_per_floor":[72,72,72,72,72,72,72,72,72,72,72,72,74,76,76,76,76,76,78,78,54,54,56,56,56,58,58,58,63,63,63,63],"relic_stats":{"Busted Crown":10,"Torii":6,"Singing Bowl":10,"counters":[15,47],"CeramicFish":108,"Tiny Chest":1,"MealTicket":0,"PreservedInsect":154,"Whetstone":["Bite","Bite"],"obtain_stats":[{"Potion Belt":22,"Torii":3,"Singing Bowl":13,"CeramicFish":7,"PreservedInsect":4,"Omamori":26,"Whetstone":27,"Ancient Tea Set":15,"Akabeko":10,"ClockworkSouvenir":4,"Busted Crown":18,"Tiny Chest":9,"MealTicket":28,"Red Mask":30,"PureWater":0},{"Potion Belt":10,"Torii":2,"Singing Bowl":6,"CeramicFish":4,"PreservedInsect":2,"Omamori":13,"Whetstone":13,"Ancient Tea Set":8,"Akabeko":4,"ClockworkSouvenir":2,"Busted Crown":9,"Tiny Chest":4,"MealTicket":13,"Red Mask":14,"PureWater":0},{"Potion Belt":30,"Torii":4,"Singing Bowl":16,"CeramicFish":11,"PreservedInsect":4,"Omamori":41,"Whetstone":41,"Ancient Tea Set":20,"Akabeko":11,"ClockworkSouvenir":4,"Busted Crown":27,"Tiny Chest":11,"MealTicket":41,"Red Mask":44,"PureWater":0}]},"card_choices":[{"not_picked":["ClearTheMind","Consecrate"],"picked":"ThirdEye","floor":1},{"not_picked":["Study","ThirdEye"],"picked":"BattleHymn","floor":2},{"not_picked":["Protect","FollowUp"],"picked":"CrushJoints","floor":5},{"not_picked":["Brilliance","WreathOfFlame"],"picked":"Halt","floor":7},{"not_picked":["Prostrate","EmptyFist"],"picked":"EmptyBody","floor":11},{"not_picked":["Vengeance","WheelKick","Collect"],"picked":"Singing Bowl","floor":13},{"not_picked":["Protect","Meditate","FollowUp"],"picked":"Singing Bowl","floor":14},{"not_picked":["Prostrate","Brilliance"],"picked":"LikeWater","floor":15},{"not_picked":["Devotion","Brilliance"],"picked":"Ragnarok","floor":17},{"not_picked":["Swivel+1"],"picked":"Singing Bowl","floor":19},{"not_picked":["WheelKick"],"picked":"Singing Bowl","floor":23},{"not_picked":[],"picked":"WreathOfFlame","floor":24},{"not_picked":["JustLucky"],"picked":"Singing Bowl","floor":26},{"not_picked":[],"picked":"SashWhip+1","floor":30}],"player_experience":252312,"relics_obtained":[{"floor":3,"key":"Torii"},{"floor":7,"key":"CeramicFish"},{"floor":9,"key":"Tiny Chest"},{"floor":10,"key":"Akabeko"},{"floor":13,"key":"Singing Bowl"},{"floor":15,"key":"Ancient Tea Set"},{"floor":26,"key":"Omamori"},{"floor":27,"key":"Whetstone"},{"floor":28,"key":"MealTicket"},{"floor":30,"key":"Red Mask"}],"event_choices":[{"damage_healed":0,"gold_gain":0,"player_choice":"Ignored","damage_taken":0,"max_hp_gain":0,"max_hp_loss":0,"event_name":"Ghosts","floor":20,"gold_loss":0},{"damage_healed":0,"gold_gain":0,"player_choice":"Became a vampire","damage_taken":0,"max_hp_gain":0,"max_hp_loss":24,"event_name":"Vampires","floor":21,"gold_loss":0,"cards_obtained":["Bite","Bite","Bite","Bite","Bite"]},{"damage_healed":0,"gold_gain":0,"player_choice":"Shed Blood","damage_taken":15,"max_hp_gain":5,"max_hp_loss":0,"event_name":"Forgotten Altar","floor":29,"gold_loss":0},{"damage_healed":0,"gold_gain":0,"player_choice":"Fought Bandits","damage_taken":0,"max_hp_gain":0,"max_hp_loss":0,"event_name":"Masked Bandits","floor":30,"gold_loss":0}],"is_beta":false,"boss_relics":[{"not_picked":["Coffee Dripper","Velvet Choker"],"picked":"Busted Crown"}],"items_purged_floors":[],"is_endless":false,"potions_floor_spawned":[2,5,7,14,23,24],"killed_by":"Slavers","ascension_level":4}}