{"host":"rdkn868dy8jmb7gs","time":1613375027,"event":{"mods":["Act Like it!","Arknights","BaseMod","BetterRewards","Colored Map","Colored Powertips","Custom Start","Gensokyo","Hubris","Marisa£®ÏF”Í°°ƒß¿Ì…≥£©","Minty Spire (QoL Compilation)","Reimu£®≤©¿ˆ¡È√Œ£©","Remilia£®¿Ÿ√◊¿Ú—«£©","Replay The Spire","Spicy Shops","StSLib","The Servant 0.9.4","Youmu£®ªÍ∆«—˝√Œ£©","°æ“≈ŒÔø®≈∆°øREMEMod","ÛÙª÷∏ƒœ"],"gold_per_floor":[109,109,129,0,19,45,45,45,45,45,77,90,125,121,121,218,218,230,330,5,5,63,63,118,163,243,305,331,388,232,232,232,453,453,481,481,481,510,59,59,98,146,146,146,180,203,234,608,329,338,338,338,39,69,99],"floor_reached":56,"language":"ZHS","playtime":2294,"items_purged":["ats:Strike V","ats:Strike S+1","Writhe","ats:Armor Crushing Shot+1"],"score":2092,"play_id":"763316a5-e320-4d06-bfc0-cdaeaf01dd89","local_time":"20210215154347","is_ascension_mode":true,"campfire_choices":[{"data":"ats:Rat Pack","floor":7.0,"key":"SMITH"},{"data":"LessonLearned","floor":10.0,"key":"SMITH"},{"data":"1","floor":15.0,"key":"LIFT"},{"data":"2","floor":23.0,"key":"LIFT"},{"floor":32.0,"key":"DIG"},{"data":"3","floor":40.0,"key":"LIFT"},{"floor":44.0,"key":"RECALL"}],"circlet_count":0,"master_deck":["ats:Defend+1","ats:Defend+1","ats:Defend+1","ats:Emotion Absorption+1","LessonLearned+1","ats:Overload+1","Dark Shackles+1","ats:Shadow Assault+1","ats:Healing Strengthening+1","ats:Curse Doll+1","ats:Literary Storm+1","ats:Nebulous Foxfire+1","ats:Guard Mode+1","ats:Rat Pack+1","ats:Assault Order+1","ats:Echo Reverb+1","ats:Red Shift+1","ats:Durian+1","ats:Closed Bolt Burst Fire+1","ats:Calcification+1","ats:Hook Shot+1","Night Terror+1","ats:Disruption Kick+1","Gensokyo:TurboGranny+1","Gensokyo:BlemishedSteel","Gensokyo:RPG","ats:Sashimi Platter+1","ats:LN2 Cannon+1","ats:Automatic Cover+1"],"relics":["ats:Sanity","REME_ComplimentaryCards","Membership Card","CrazyTorch:ReiMu","TentaclePot:ReiMu","Bag of Preparation","hubris:BundleOfHerbs","hubris:EmptyBottle","ats:Originium","AntiCross","ats:Lavender","Girya","ReplayTheSpireMod:Shallot","hubris:RunicObelisk","Incense Burner","Replay:Multitool","Lee\u0027s Waffle","Replay:Wax Seal","REME_ArchaeologicalTools","War Paint","hubris:GlazedTorus","PreservedInsect","ClockworkSouvenir","RuthlessExorcism:ReiMu","Sozu","REME_PuzzleBoxRelic","Anchor","Omamori","Mango","Eternal Feather","Pen Nib","Mirror","Bag of Marbles","HandDrill","Strawberry","Guide Book","REME_CardOfGreed","ats:Emergency Defibrillator","Medical Kit","Simple Rune"],"acts_visited":["Exordium","Gensokyo:Gensokyo","Gensokyo:Gensokyoer","TheEnding"],"potions_floor_usage":[55,55,55],"damage_taken":[{"damage":5.0,"enemies":"Gensokyo:2_Kodama","floor":1.0,"turns":3.0},{"damage":2.0,"enemies":"Gensokyo:Gryphon","floor":3.0,"turns":4.0},{"damage":0.0,"enemies":"Gensokyo:Python","floor":5.0,"turns":2.0},{"damage":9.0,"enemies":"Gensokyo:Mamizou","floor":6.0,"turns":8.0},{"damage":7.0,"enemies":"Gensokyo:Aya","floor":11.0,"turns":5.0},{"damage":2.0,"enemies":"Gensokyo:3_Kodama","floor":12.0,"turns":4.0},{"damage":20.0,"enemies":"Gensokyo:Cirno","floor":13.0,"turns":5.0},{"damage":0.0,"enemies":"Gensokyo:2_Rabbits","floor":14.0,"turns":5.0},{"damage":3.0,"enemies":"Gensokyo:Reimu","floor":16.0,"turns":6.0},{"damage":9.0,"enemies":"Gensokyo:3_Dogs","floor":18.0,"turns":3.0},{"damage":13.0,"enemies":"Gensokyo:3_Dogs","floor":19.0,"turns":9.0},{"damage":0.0,"enemies":"Gensokyo:2_Gloops","floor":22.0,"turns":2.0},{"damage":0.0,"enemies":"Gensokyo:Koishi","floor":24.0,"turns":2.0},{"damage":0.0,"enemies":"Gensokyo:Swordslinger","floor":25.0,"turns":3.0},{"damage":0.0,"enemies":"Gensokyo:Tenshi","floor":27.0,"turns":4.0},{"damage":5.0,"enemies":"Gensokyo:Wraith","floor":28.0,"turns":1.0},{"damage":5.0,"enemies":"Gensokyo:Reisen","floor":29.0,"turns":4.0},{"damage":19.0,"enemies":"Gensokyo:Eternal_Rivals","floor":33.0,"turns":6.0},{"damage":0.0,"enemies":"Gensokyo:AncientGuardian","floor":35.0,"turns":3.0},{"damage":0.0,"enemies":"Gensokyo:3_Boulders","floor":38.0,"turns":3.0},{"damage":0.0,"enemies":"Gensokyo:Doremy","floor":41.0,"turns":2.0},{"damage":0.0,"enemies":"Gensokyo:Marisa","floor":45.0,"turns":1.0},{"damage":0,"enemies":"Gensokyo:Sharpion","floor":46,"turns":2},{"damage":0,"enemies":"Gensokyo:4_Bats","floor":47,"turns":3},{"damage":7,"enemies":"Gensokyo:Doremy","floor":48,"turns":6},{"damage":19,"enemies":"Gensokyo:Yuyuko","floor":50,"turns":3},{"damage":37,"enemies":"Shield and Spear","floor":54,"turns":1},{"damage":19,"enemies":"The Heart","floor":55,"turns":4}],"seed_played":"-490793129276336828","potions_obtained":[{"floor":5.0,"key":"SkillPotion"},{"floor":6.0,"key":"Explosive Potion"},{"floor":11.0,"key":"BlessingOfTheForge"},{"floor":12.0,"key":"LiquidBronze"},{"floor":18.0,"key":"SpeedPotion"},{"floor":22.0,"key":"ColorlessPotion"}],"is_trial":false,"path_per_floor":["M","?","M","$","M","E","R","?","T","R","E","M","E","M","R","B",null,"M","?","$","?","M","R","E","M","T","E","M","E","COS","?","R","B",null,"M","?","?","M","COS","R","E","T","T","R","E","M","M","E","R","B",null,"R","$","E","B",null],"character_chosen":"DOCTOR_CLASS","items_purchased":["Membership Card","CrazyTorch:ReiMu","TentaclePot:ReiMu","ats:Overload+1","Dark Shackles","Bag of Preparation","ats:Shadow Assault","hubris:BundleOfHerbs","hubris:EmptyBottle","ats:Healing Strengthening","ats:Nebulous Foxfire","Fruit Juice","Lee\u0027s Waffle","Replay:Wax Seal","REME_ArchaeologicalTools","ats:Calcification+1","Bag of Marbles","HandDrill","Strawberry","Guide Book","REME_CardOfGreed","ats:Emergency Defibrillator","Medical Kit"],"campfire_rested":0,"item_purchase_floors":[0,0,0,0,0,0,0,0,0,0,4,4,20,20,20,20,49,49,49,49,53,53,53],"current_hp_per_floor":[28,28,26,36,36,49,49,57,57,57,66,74,70,87,87,89,90,81,78,97,97,97,97,97,97,97,97,92,97,97,88,88,83,97,97,83,83,92,92,92,93,93,107,107,107,108,111,111,118,100,118,118,118,99,115],"gold":99,"neow_bonus":"","is_daily":false,"chose_seed":false,"campfire_upgraded":2,"win_rate":0.0,"timestamp":1613375027,"path_taken":["M","?","?","$","M","E","R","?","T","R","E","M","E","M","R","BOSS","M","?","?","?","M","R","E","M","T","E","?","E","COS","?","R","BOSS","M","?","?","M","COS","R","E","?","T","R","E","M","?","E","R","BOSS","R","$","E","BOSS"],"items_purchased_type":["Relic","Relic","Relic","Card","Card","Relic","Card","Relic","Relic","Card","Card","Potion","Relic","Relic","Relic","Card","Relic","Relic","Relic","Relic","Relic","Relic","Relic"],"build_version":"2020-12-22","purchased_purges":4,"victory":true,"max_hp_per_floor":[72,72,72,82,82,82,82,90,90,90,90,90,90,90,90,90,90,90,90,97,97,97,97,97,97,97,97,97,97,97,97,97,97,97,97,97,97,97,97,97,97,97,111,111,111,111,111,111,118,118,118,118,118,118,118],"card_choices":[{"not_picked":["ats:Soul Absorption","ats:Shell Defense"],"picked":"ats:Curse Doll","floor":1.0},{"not_picked":["ats:Defend Order","ats:Very Hot Blade"],"picked":"ats:Literary Storm","floor":3.0},{"not_picked":["ats:Consecutive Shot Auto","ats:Powerful Strike"],"picked":"ats:Guard Mode","floor":5.0},{"not_picked":["ats:Very Hot Blade","ats:Support Order"],"picked":"ats:Rat Pack","floor":6.0},{"not_picked":["ats:Consecutive Shot Auto","ats:Literary Storm"],"picked":"ats:Assault Order","floor":11.0},{"not_picked":["ats:Assault Order","ats:Revitalization"],"picked":"ats:Echo Reverb","floor":12.0},{"not_picked":["ats:Flame Of Heaven","ats:Shell Defense"],"picked":"ats:Red Shift","floor":13.0},{"not_picked":["ats:Rapid Magazine","ats:Shell Defense","ats:Collapsing Strike"],"picked":"SKIP","floor":14.0},{"not_picked":["ats:Calcification","ats:Dogmatic Field"],"picked":"ats:Durian","floor":16.0},{"not_picked":["ats:Revitalization","ats:Explosion Area Strengthen"],"picked":"ats:Closed Bolt Burst Fire","floor":18.0},{"not_picked":["ats:Powerful Strike","ats:Absolute Focus","ats:Guard Mode"],"picked":"SKIP","floor":22.0},{"not_picked":["ats:Thorns+1","ats:Very Hot Blade"],"picked":"ats:Hook Shot+1","floor":24.0},{"not_picked":["ats:Ignite","ats:Charging Defense","ats:Encircling Forest"],"picked":"SKIP","floor":25.0},{"not_picked":["ats:Healing Drone+1","ats:Steam Pump","ats:Hook Shot"],"picked":"SKIP","floor":27.0},{"not_picked":["ats:Apocalypse","ats:Hammer On","ats:Sunburst"],"picked":"SKIP","floor":28.0},{"not_picked":["ats:Hammer On+1","ats:Serious Mode","ats:Charging Defense"],"picked":"SKIP","floor":29.0},{"not_picked":["ats:Ambush","ats:Calcification"],"picked":"ats:Disruption Kick","floor":33.0},{"not_picked":["ats:Automatic Cover+1","ats:Apocalypse+1","ats:Flexible Camouflage"],"picked":"SKIP","floor":35.0},{"not_picked":["ats:Encircling Forest+1","ats:Red Shift","ats:Shell Defense"],"picked":"SKIP","floor":38.0},{"not_picked":["ats:Beaten Up","ats:Steam Pump"],"picked":"ats:Sashimi Platter+1","floor":41.0},{"not_picked":["ats:Poison Spread","ats:Powerful Strike+1","ats:Part Time Job+1"],"picked":"SKIP","floor":45.0},{"not_picked":["ats:Volcano","ats:Hammer On+1"],"picked":"ats:LN2 Cannon+1","floor":46},{"not_picked":["ats:Ignite","ats:Encircling Forest+1","ats:Explosion Area Strengthen"],"picked":"SKIP","floor":47},{"not_picked":["ats:Chain Hook","ats:Burning Ground+1","ats:Apocalypse+1"],"picked":"SKIP","floor":48},{"not_picked":["ats:Apocalypse","ats:Very Hot Blade","ats:Assault Order+1"],"picked":"SKIP","floor":54}],"player_experience":453487,"relics_obtained":[{"floor":6.0,"key":"ats:Originium"},{"floor":6.0,"key":"AntiCross"},{"floor":9.0,"key":"ats:Lavender"},{"floor":11.0,"key":"ats:Originium"},{"floor":11.0,"key":"Girya"},{"floor":13.0,"key":"ats:Originium"},{"floor":13.0,"key":"ReplayTheSpireMod:Shallot"},{"floor":19.0,"key":"Incense Burner"},{"floor":19.0,"key":"Replay:Multitool"},{"floor":24.0,"key":"ats:Originium"},{"floor":24.0,"key":"War Paint"},{"floor":27.0,"key":"hubris:GlazedTorus"},{"floor":29.0,"key":"PreservedInsect"},{"floor":32.0,"key":"RuthlessExorcism:ReiMu"},{"floor":41.0,"key":"Anchor"},{"floor":42.0,"key":"Omamori"},{"floor":43.0,"key":"Mango"},{"floor":45.0,"key":"Eternal Feather"},{"floor":48,"key":"Mirror"},{"floor":54,"key":"Simple Rune"}],"event_choices":[],"is_beta":false,"boss_relics":[{"not_picked":["Replay:Bronze Core","Pandora\u0027s Box"],"picked":"hubris:RunicObelisk"},{"not_picked":["Kintsugi","Replay:Wanted Poster"],"picked":"Sozu"}],"items_purged_floors":[0,20,49,53],"is_endless":false,"potions_floor_spawned":[5,6,11,12,18,19,22,29,38,46],"ascension_level":3}}