{"host":"ypzb5vvnu9f3ii1t","time":1613378181,"event":{"mods":["AchievementEnabler","BaseMod","Colored Map","DeckTracker","Keyboard Shortcuts","Minty Spire (QoL Compilation)","Permanent Neow","Quick Restart","SuperFastMode"],"gold_per_floor":[111,62,62,8,18,18,18,18,43,53,67,100,119,129,129,129,129],"floor_reached":16,"language":"KOR","playtime":683,"items_purged":[],"score":133,"play_id":"7acfb8e3-3dcc-437d-ae38-2166a52c4864","local_time":"20210215173621","is_ascension_mode":true,"campfire_choices":[{"data":"Strike_R","floor":6,"key":"PURGE"},{"data":"Defend_R","floor":8,"key":"PURGE"},{"floor":15,"key":"REST"}],"circlet_count":0,"master_deck":["Strike_R","Strike_R","Strike_R","Defend_R","Defend_R","Defend_R","Bash","Rupture","Shrug It Off","Clash","Heavy Blade","Metallicize","Impervious"],"relics":["Burning Blood","Peace Pipe","Tiny Chest","Regal Pillow"],"acts_visited":["Exordium"],"potions_floor_usage":[12,14],"damage_taken":[{"damage":1.0,"enemies":"2 Louse","floor":1.0,"turns":3.0},{"damage":0,"enemies":"Small Slimes","floor":5,"turns":3},{"damage":0,"enemies":"Cultist","floor":10,"turns":3},{"damage":3,"enemies":"Blue Slaver","floor":11,"turns":5},{"damage":35,"enemies":"Lagavulin","floor":12,"turns":8},{"damage":0,"enemies":"3 Louse","floor":13,"turns":4},{"damage":0,"enemies":"2 Fungi Beasts","floor":14,"turns":4},{"damage":72,"enemies":"Hexaghost","floor":16,"turns":9}],"seed_played":"7393762896165743397","potions_obtained":[{"floor":5,"key":"BlessingOfTheForge"},{"floor":13,"key":"Dexterity Potion"}],"is_trial":false,"path_per_floor":["M","$","?","$","M","R","?","R","T","M","M","E","M","M","R","B"],"character_chosen":"IRONCLAD","items_purchased":["Shrug It Off","Clash"],"campfire_rested":1,"item_purchase_floors":[2,4],"current_hp_per_floor":[72,72,72,72,72,72,72,72,72,72,72,43,49,55,72,0,0],"gold":129,"neow_bonus":"ONE_RARE_RELIC","is_daily":false,"chose_seed":false,"campfire_upgraded":0,"win_rate":0.0,"timestamp":1613378181,"path_taken":["M","$","?","$","M","R","?","R","T","?","M","E","M","M","R","BOSS"],"items_purchased_type":["Card","Card"],"build_version":"2020-12-22","purchased_purges":0,"victory":false,"max_hp_per_floor":[72,72,72,72,72,72,72,72,72,72,72,72,72,72,72,72,72],"card_choices":[{"not_picked":["Sword Boomerang","Perfected Strike"],"picked":"Rupture","floor":1.0},{"not_picked":["Armaments","Havoc"],"picked":"Heavy Blade","floor":5},{"not_picked":["True Grit","Infernal Blade","Heavy Blade"],"picked":"SKIP","floor":10},{"not_picked":["Perfected Strike","Reckless Charge","Twin Strike"],"picked":"SKIP","floor":11},{"not_picked":["Offering","Sentinel"],"picked":"Impervious","floor":12},{"not_picked":["Anger","Armaments","Havoc"],"picked":"SKIP","floor":13},{"not_picked":["Havoc","Sword Boomerang","Sentinel"],"picked":"SKIP","floor":14}],"player_experience":229773,"relics_obtained":[{"floor":9,"key":"Tiny Chest"},{"floor":12,"key":"Regal Pillow"}],"event_choices":[{"damage_healed":0,"gold_gain":0,"player_choice":"Ignored","damage_taken":0,"max_hp_gain":0,"max_hp_loss":0,"event_name":"Shining Light","floor":3,"gold_loss":0},{"damage_healed":0,"gold_gain":0,"cards_transformed":["Strike_R"],"player_choice":"Transformed","damage_taken":0,"max_hp_gain":0,"max_hp_loss":0,"event_name":"Transmorgrifier","floor":7,"gold_loss":0,"cards_obtained":["Metallicize"]}],"is_beta":false,"boss_relics":[],"items_purged_floors":[],"is_endless":false,"potions_floor_spawned":[5,13],"killed_by":"Hexaghost","ascension_level":6}}