{"host":"6f69nqv3pqyq5x6b","time":1613373889,"event":{"mods":["Act Like it!","BaseMod","CapriCore","Colored Powertips","Friendly Minions","Hermit","Infinite Spire","Jorbs\u0027s Wanderer Trilogy","Koishi","Marisa????????","Minty Spire (QoL Compilation)","Quick Restart","Reimu??????","Relic Stats","Replay The Spire","StSLib","The Bug Knight","The Hierophant","The Immortal","The Marked","The Servant 0.9.4","The Wild Card","Waifu the Spire","WarShipGirlsR/????R mod"],"gold_per_floor":[109,121,121,132,146,146,157,191,243,276,7,7,39,57,57,157,157,173,173,185,31,31,58,69,69,147,167,196,196,207,218,218,323,323,361,404,441,480,521,521,556,620,643,716,716,781,781,863,863,863],"floor_reached":51,"language":"ENG","playtime":4227,"items_purged":["theMarked:Strike","theMarked:Strike"],"score":851,"play_id":"4d5801ba-13e1-4793-9d7e-5df0cda91f21","local_time":"20210214232449","is_ascension_mode":false,"campfire_choices":[{"data":"theMarked:ParalyzingBlade","floor":6.0,"key":"SMITH"},{"data":"theMarked:Convert","floor":12.0,"key":"SMITH"},{"data":"theMarked:SoldierOfQuellstein","floor":15.0,"key":"SMITH"},{"data":"theMarked:ComboAttacks","floor":25.0,"key":"SMITH"},{"data":"theMarked:OneWithTheBlade","floor":29.0,"key":"SMITH"},{"data":"theMarked:AttractMetal","floor":32.0,"key":"SMITH"},{"data":"theMarked:Parkour","floor":40,"key":"SMITH"}],"circlet_count":0,"master_deck":["theMarked:Strike","theMarked:Strike","theMarked:Defend","theMarked:Defend","theMarked:Defend","theMarked:Defend","theMarked:SoldierOfQuellstein+1","theMarked:GodGivenPower","theMarked:ParalyzingBlade+1","theMarked:SwordAndMagic+1","theMarked:OneWithTheBlade+1","theMarked:Convert+1","theMarked:AttractMetal+1","theMarked:Parkour+1","theMarked:EmpowerWeapon","theMarked:ComboAttacks+1","theMarked:Vacuum+1","theMarked:Seal+1","theMarked:Levitate+1","theMarked:Levitate+1","theMarked:Static","theMarked:Generate+1","theMarked:BindingBlade+1","theMarked:CreepingChasm+1","theMarked:StartUp+1","theMarked:TakeOffHeels+1"],"relics":["theMarked:ArtifactOfAir","Unceasing Top","Bronze Scales","infinitespire:WardingShard","Bag of Preparation","Smiling Mask","Black Star","PreservedInsect","ReplayTheSpireMod:Shallot","Golden Egg","infinitespire:BottledMercury","Regal Pillow","Omamori","infinitespire:EvilPickle","Painkiller Herb","Bird Faced Urn","Molten Egg 2","Whetstone","Replay:Baseball","infinitespire:Lucky Rock","FossilizedHelix","CaptainsWheel","Replay:Multitool","Blue Doll"],"acts_visited":["Exordium","TheCity","TheBeyond"],"potions_floor_usage":[50],"damage_taken":[{"damage":1.0,"enemies":"Jaw Worm","floor":1.0,"turns":4.0},{"damage":4.0,"enemies":"infinitespire:Voidling","floor":2.0,"turns":5.0},{"damage":0.0,"enemies":"Cultist","floor":4.0,"turns":4.0},{"damage":5.0,"enemies":"Red Slaver","floor":5.0,"turns":4.0},{"damage":0.0,"enemies":"Blue Slaver","floor":7.0,"turns":3.0},{"damage":12.0,"enemies":"Gremlin Nob","floor":8.0,"turns":4.0},{"damage":1.0,"enemies":"Replay:BlueRogue","floor":10.0,"turns":5.0},{"damage":9.0,"enemies":"3 Sentries","floor":13.0,"turns":5.0},{"damage":0.0,"enemies":"Exordium Thugs","floor":14.0,"turns":4.0},{"damage":12.0,"enemies":"Slime Boss","floor":16.0,"turns":8.0},{"damage":3.0,"enemies":"Chosen","floor":18.0,"turns":4.0},{"damage":14.0,"enemies":"3 Byrds","floor":20.0,"turns":5.0},{"damage":0.0,"enemies":"Replay:Snechameleon","floor":23.0,"turns":3.0},{"damage":8.0,"enemies":"3 Cultists","floor":24.0,"turns":5.0},{"damage":0.0,"enemies":"Shelled Parasite and Fungi","floor":27.0,"turns":5.0},{"damage":6.0,"enemies":"Slavers","floor":28.0,"turns":4.0},{"damage":0.0,"enemies":"Chosen and Byrds","floor":30.0,"turns":4.0},{"damage":1.0,"enemies":"Sentry and Sphere","floor":31.0,"turns":6.0},{"damage":25.0,"enemies":"Pondfish","floor":33.0,"turns":11.0},{"damage":0.0,"enemies":"Orb Walker","floor":35.0,"turns":2.0},{"damage":0.0,"enemies":"3 Darklings","floor":36.0,"turns":4.0},{"damage":4.0,"enemies":"Transient","floor":37.0,"turns":5.0},{"damage":0.0,"enemies":"4 Shapes","floor":38.0,"turns":2.0},{"damage":1,"enemies":"3 Darklings","floor":39,"turns":3},{"damage":8,"enemies":"Nemesis","floor":42,"turns":3},{"damage":0,"enemies":"HollowMod:StalkingDevout","floor":44,"turns":2},{"damage":0,"enemies":"Writhing Mass","floor":46,"turns":3},{"damage":0,"enemies":"Nightmare","floor":48,"turns":4},{"damage":0,"enemies":"Replay:Hell Engine","floor":50,"turns":8}],"seed_played":"-7861581410908758450","potions_obtained":[{"floor":1.0,"key":"EntropicBrew"},{"floor":2.0,"key":"Elixir"},{"floor":5.0,"key":"Energy Potion"},{"floor":10.0,"key":"GamblersBrew"},{"floor":13.0,"key":"Doom Potion"},{"floor":16.0,"key":"DistilledChaos"},{"floor":23.0,"key":"Explosive Potion"},{"floor":28.0,"key":"SkillPotion"},{"floor":31.0,"key":"Elixir"},{"floor":35.0,"key":"CultistPotion"},{"floor":37.0,"key":"theMarked:HoverShot"},{"floor":44,"key":"infinitespire:BlackPotion"}],"is_trial":false,"path_per_floor":["M","M","?","M","M","R","M","E","T","E","$","R","E","M","R","B",null,"M","?","M","$","?","E","M","R","T","M","E","R","M","M","R","B",null,"?","?","?","?","?","T","?","E","T","E","?","?","AVR","NM","T","B",null],"character_chosen":"THE_DEFAULT","items_purchased":["Bag of Preparation","theMarked:Parkour","PreservedInsect"],"campfire_rested":0,"item_purchase_floors":[11,11,21],"current_hp_per_floor":[76,72,72,72,67,67,67,55,55,54,54,54,45,45,45,33,77,74,60,46,46,46,46,38,38,38,38,32,32,32,31,31,6,82,82,82,78,78,77,77,77,71,71,71,71,71,71,73,82,82],"gold":863,"neow_bonus":"TEN_PERCENT_HP_BONUS","is_daily":false,"chose_seed":false,"campfire_upgraded":7,"win_rate":0.0,"timestamp":1613373889,"path_taken":["M","M","?","M","M","R","?","E","T","E","?","R","E","M","R","BOSS","M","?","M","$","?","E","M","R","T","M","E","R","M","M","R","BOSS","?","?","?","?","?","T","?","E","T","E","?","?","AVR","NM","T","BOSS"],"items_purchased_type":["Relic","Card","Relic"],"build_version":"2020-12-22","purchased_purges":2,"victory":true,"max_hp_per_floor":[77,77,77,77,77,77,77,77,77,77,77,77,77,77,77,77,77,77,82,82,82,82,82,82,82,82,82,82,82,82,82,82,82,82,82,82,82,82,82,82,82,82,82,82,82,82,82,82,82,82],"relic_stats":{"Regal Pillow":0,"counters":[29,129],"Bronze Scales":[309],"Bird Faced Urn":[4],"PreservedInsect":257,"Bag of Preparation":[44],"Black Star":5,"Whetstone":["theMarked:SwordAndMagic","theMarked:Vacuum"],"Smiling Mask":0,"obtain_stats":[{"Golden Egg":23,"infinitespire:BottledMercury":26,"Regal Pillow":28,"Painkiller Herb":34,"Blue Doll":48,"PreservedInsect":21,"Bag of Preparation":11,"Omamori":28,"Replay:Multitool":48,"Whetstone":42,"infinitespire:Lucky Rock":44,"Smiling Mask":13,"infinitespire:EvilPickle":33,"theMarked:ArtifactOfAir":0,"Replay:Baseball":43,"CaptainsWheel":47,"infinitespire:WardingShard":10,"ReplayTheSpireMod:Shallot":23,"Bronze Scales":9,"Bird Faced Urn":41,"Molten Egg 2":42,"Black Star":17,"Unceasing Top":8,"FossilizedHelix":44},{"Golden Egg":13,"infinitespire:BottledMercury":14,"Regal Pillow":16,"Painkiller Herb":19,"Blue Doll":28,"PreservedInsect":12,"Bag of Preparation":7,"Omamori":16,"Replay:Multitool":28,"Whetstone":25,"infinitespire:Lucky Rock":26,"Smiling Mask":8,"infinitespire:EvilPickle":19,"theMarked:ArtifactOfAir":0,"Replay:Baseball":25,"CaptainsWheel":27,"infinitespire:WardingShard":7,"ReplayTheSpireMod:Shallot":13,"Bronze Scales":6,"Bird Faced Urn":24,"Molten Egg 2":25,"Black Star":10,"Unceasing Top":6,"FossilizedHelix":26},{"Golden Egg":58,"infinitespire:BottledMercury":63,"Regal Pillow":72,"Painkiller Herb":93,"Blue Doll":121,"PreservedInsect":55,"Bag of Preparation":29,"Omamori":72,"Replay:Multitool":121,"Whetstone":112,"infinitespire:Lucky Rock":114,"Smiling Mask":34,"infinitespire:EvilPickle":93,"theMarked:ArtifactOfAir":0,"Replay:Baseball":112,"CaptainsWheel":117,"infinitespire:WardingShard":29,"ReplayTheSpireMod:Shallot":58,"Bronze Scales":24,"Bird Faced Urn":109,"Molten Egg 2":112,"Black Star":46,"Unceasing Top":24,"FossilizedHelix":114}],"Unceasing Top":[9]},"card_choices":[{"not_picked":["theMarked:WardOff","theMarked:Maelstrom"],"picked":"theMarked:GodGivenPower","floor":1.0},{"not_picked":["theMarked:TwofoldDefense","theMarked:ElectricStrings"],"picked":"theMarked:ParalyzingBlade","floor":2.0},{"not_picked":["theMarked:ElectricStrings","theMarked:HeightenedSenses"],"picked":"theMarked:SwordAndMagic","floor":4.0},{"not_picked":["theMarked:KeepCalmAndFight","theMarked:MysticalArsenal"],"picked":"theMarked:OneWithTheBlade","floor":5.0},{"not_picked":["theMarked:ElectricStrings","theMarked:StartUp"],"picked":"theMarked:Convert","floor":7.0},{"not_picked":["theMarked:ThrowWeapon","theMarked:Pokerface"],"picked":"theMarked:AttractMetal","floor":8.0},{"not_picked":["theMarked:BanishingStrike","theMarked:MysticalArsenal","theMarked:Panic"],"picked":"SKIP","floor":10.0},{"not_picked":["theMarked:FavorableWinds","theMarked:KeepCalmAndFight"],"picked":"theMarked:EmpowerWeapon","floor":13.0},{"not_picked":["theMarked:Standoff","theMarked:SwordAndMagic"],"picked":"theMarked:ComboAttacks","floor":14.0},{"not_picked":["theMarked:UnarmedFury","theMarked:Defy"],"picked":"theMarked:Vacuum","floor":16.0},{"not_picked":["theMarked:WardOff","theMarked:Frustration","theMarked:EmpowerWeapon"],"picked":"SKIP","floor":18.0},{"not_picked":["theMarked:Improvise","theMarked:TakeCover"],"picked":"theMarked:Seal+1","floor":20.0},{"not_picked":["theMarked:GodGivenPower","theMarked:ElectricStrings","theMarked:TheMission"],"picked":"SKIP","floor":23.0},{"not_picked":["theMarked:Generate+1","theMarked:GodGivenPower"],"picked":"theMarked:Levitate","floor":24.0},{"not_picked":["theMarked:EmpowerWeapon","theMarked:BanishingStrike","theMarked:ChainLightning"],"picked":"SKIP","floor":27.0},{"not_picked":["theMarked:Convert","theMarked:EmpowerWeapon"],"picked":"theMarked:Levitate","floor":28.0},{"not_picked":["theMarked:Aftermath","theMarked:Frustration"],"picked":"theMarked:Static","floor":30.0},{"not_picked":["theMarked:Aftermath","theMarked:Reabsorb"],"picked":"theMarked:Generate+1","floor":31.0},{"not_picked":["theMarked:TurnInvisible","theMarked:ThrowWeapon"],"picked":"theMarked:BindingBlade","floor":33.0},{"not_picked":["theMarked:Parkour+1","theMarked:BanishingStrike","theMarked:SelfDefenseTraining"],"picked":"SKIP","floor":35.0},{"not_picked":["theMarked:SwordAndMagic+1","theMarked:BanishingStrike+1","theMarked:TakeCover+1"],"picked":"SKIP","floor":36.0},{"not_picked":["theMarked:Maelstrom","theMarked:ChannelForce","theMarked:TakeCover+1"],"picked":"SKIP","floor":37.0},{"not_picked":["theMarked:BanishingStrike+1","theMarked:TwofoldDefense"],"picked":"theMarked:CreepingChasm","floor":38.0},{"not_picked":["theMarked:HeightenedSenses","theMarked:Improvise+1","theMarked:Electrocute"],"picked":"SKIP","floor":39},{"not_picked":["theMarked:Improvise+1","theMarked:Pokerface+1","theMarked:Maelstrom+1"],"picked":"SKIP","floor":42},{"not_picked":["theMarked:Aftermath+1","theMarked:LightningStrikesTwice+1"],"picked":"theMarked:StartUp+1","floor":44},{"not_picked":["theMarked:HeightenedSenses","theMarked:ChainLightning+1","theMarked:TwofoldDefense"],"picked":"SKIP","floor":46},{"not_picked":["theMarked:ShockingTouch+1","theMarked:ElectricStrings+1"],"picked":"theMarked:TakeOffHeels","floor":48}],"player_experience":1416545,"relics_obtained":[{"floor":8.0,"key":"Unceasing Top"},{"floor":9.0,"key":"Bronze Scales"},{"floor":10.0,"key":"infinitespire:WardingShard"},{"floor":13.0,"key":"Smiling Mask"},{"floor":23.0,"key":"ReplayTheSpireMod:Shallot"},{"floor":23.0,"key":"Golden Egg"},{"floor":26.0,"key":"infinitespire:BottledMercury"},{"floor":28.0,"key":"Regal Pillow"},{"floor":28.0,"key":"Omamori"},{"floor":41,"key":"Bird Faced Urn"},{"floor":42,"key":"Molten Egg 2"},{"floor":42,"key":"Whetstone"},{"floor":43,"key":"Replay:Baseball"},{"floor":44,"key":"infinitespire:Lucky Rock"},{"floor":44,"key":"FossilizedHelix"},{"floor":48,"key":"Replay:Multitool"},{"floor":48,"key":"Blue Doll"}],"event_choices":[{"cards_removed":["theMarked:Strike"],"damage_healed":0.0,"max_hp_gain":0.0,"max_hp_loss":0.0,"gold_gain":0.0,"event_name":"Bonfire Elementals","player_choice":"Offered Basic","floor":3.0,"gold_loss":0.0,"damage_taken":0.0},{"damage_healed":0.0,"max_hp_gain":5.0,"max_hp_loss":0.0,"gold_gain":0.0,"event_name":"Forgotten Altar","player_choice":"Shed Blood","floor":19.0,"gold_loss":0.0,"damage_taken":19.0},{"damage_healed":0.0,"max_hp_gain":0.0,"max_hp_loss":0.0,"gold_gain":0.0,"event_name":"N\u0027loth","player_choice":"Ignored","floor":22.0,"gold_loss":0.0,"damage_taken":0.0},{"damage_healed":0,"gold_gain":0,"player_choice":"Ignored","damage_taken":0,"max_hp_gain":0,"max_hp_loss":0,"event_name":"OrinTheCat","floor":45,"gold_loss":0}],"is_beta":false,"boss_relics":[{"not_picked":["Honey Jar","Ring of Chaos"],"picked":"Black Star"},{"not_picked":["Sozu","Coffee Dripper"],"picked":"Painkiller Herb"}],"items_purged_floors":[11,47],"is_endless":false,"potions_floor_spawned":[1,2,5,10,13,16,23,24,28,31,35,37,38,44,46],"ascension_level":0}}