{"host":"ipcfr4ajj2jkxvg7","time":1613392206,"event":{"mods":["BaseMod","Colored Powertips","GifTheSpireLib","Marisa（F雨　魔理沙）","Minty Spire (QoL Compilation)","Quick Restart","Remilia（蕾米莉亚）","Replay The Spire","RumiaBox-露米娅的神秘盒子","StSLib"],"gold_per_floor":[212,39,52,67,67,99,99,134,134,166,180,180,196,196,196,272,272,285,265,277,290,135,135,135],"floor_reached":23,"language":"ZHS","playtime":900,"items_purged":["Strike_RM"],"score":426,"play_id":"c414ac03-ea39-4dc4-b478-f15c1213c4f9","local_time":"20210215203006","is_ascension_mode":true,"campfire_choices":[{"data":"TwelveNightmare","floor":7.0,"key":"SMITH"},{"floor":12.0,"key":"REST"},{"data":"DemonKingCradle","floor":15.0,"key":"SMITH"}],"circlet_count":0,"master_deck":["AscendersBane","Strike_RM","Strike_RM","Strike_RM","Defend_RM","Defend_RM","Defend_RM","RedMoon","ScarletShoot","TwelveNightmare+1","NightLord","LeisurelyOfLord","NightLord","BombardNight","NightDance","KillingBlow","DiffusionOfMisfortune","Maim","DemonKingCradle+1","CeilingFear","ScarletCoffin","VampireKiss"],"relics":["ScarletHat","AddBug","SecretRecord","SecretRecord","SecretRecord"],"acts_visited":["Exordium","TheCity"],"potions_floor_usage":[21,23],"damage_taken":[{"damage":3.0,"enemies":"2 Louse","floor":1.0,"turns":3.0},{"damage":0.0,"enemies":"Small Slimes","floor":3.0,"turns":2.0},{"damage":14.0,"enemies":"Cultist","floor":4.0,"turns":6.0},{"damage":10.0,"enemies":"Lagavulin","floor":6.0,"turns":4.0},{"damage":38.0,"enemies":"Gremlin Nob","floor":8.0,"turns":5.0},{"damage":4.0,"enemies":"Replay:BlueRogue","floor":10.0,"turns":9.0},{"damage":0.0,"enemies":"Lots of Slimes","floor":11.0,"turns":2.0},{"damage":0.0,"enemies":"Looter","floor":13.0,"turns":1.0},{"damage":25.0,"enemies":"The Guardian","floor":16.0,"turns":9.0},{"damage":13.0,"enemies":"3 Byrds","floor":18.0,"turns":4.0},{"damage":21.0,"enemies":"2 Thieves","floor":19.0,"turns":5.0},{"damage":20.0,"enemies":"Snake Plant","floor":20.0,"turns":3.0},{"damage":4,"enemies":"Snecko","floor":21,"turns":3},{"damage":4,"enemies":"Slavers","floor":23,"turns":1}],"seed_played":"-599855601663163432","potions_obtained":[{"floor":3.0,"key":"ColorlessPotion"},{"floor":4.0,"key":"SkillPotion"},{"floor":11.0,"key":"DestinyDice"},{"floor":18.0,"key":"SteroidPotion"},{"floor":21,"key":"Swift Potion"}],"is_trial":false,"path_per_floor":["M","$","M","M","?","E","R","E","T","E","M","R","M","?","R","B",null,"M","M","M","M","$","E"],"character_chosen":"REMILIA","items_purchased":["NightLord","LeisurelyOfLord","DuplicationPotion"],"campfire_rested":1,"item_purchase_floors":[2,2,22],"current_hp_per_floor":[60,60,61,47,47,39,39,1,1,1,1,22,24,24,24,14,56,43,23,3,7,7,5,5],"gold":135,"neow_bonus":"HUNDRED_GOLD","is_daily":false,"chose_seed":false,"campfire_upgraded":2,"win_rate":0.0,"timestamp":1613392206,"path_taken":["M","$","M","M","?","E","R","E","T","E","M","R","M","?","R","BOSS","M","M","?","?","$","E"],"items_purchased_type":["Card","Card","Potion"],"build_version":"2020-12-22","purchased_purges":1,"victory":false,"max_hp_per_floor":[70,70,70,70,70,70,70,70,70,70,70,70,70,70,70,70,70,70,70,70,70,70,70,70],"card_choices":[{"not_picked":["RedRainbow","FavorOfDestiny"],"picked":"TwelveNightmare","floor":1.0},{"not_picked":["TwelveNightmare","ScarletDevil"],"picked":"NightLord","floor":3.0},{"not_picked":["MiserableFate","CharismaGuard"],"picked":"BombardNight","floor":4.0},{"not_picked":["FavorOfDestiny","ScarletGensokyo"],"picked":"NightDance","floor":6.0},{"not_picked":["TwelveNightmare","BombardNight"],"picked":"KillingBlow","floor":8.0},{"not_picked":["MillenniumVampire","UnstableMagic"],"picked":"DiffusionOfMisfortune","floor":10.0},{"not_picked":["EndlessAdversity","FavorOfDestiny","RedRainbow"],"picked":"SKIP","floor":11.0},{"not_picked":["ScarletImprint","CharismaGuard"],"picked":"Maim","floor":13.0},{"not_picked":["BloodRain","DemonKingCradle"],"picked":"CeilingFear","floor":16.0},{"not_picked":["ScarletImprint","MillenniumVampire","ScarletSymphony+1"],"picked":"SKIP","floor":18.0},{"not_picked":["CharismaGuard","RedRainbow","MastersStateliness"],"picked":"SKIP","floor":19.0},{"not_picked":["NightLord","EndlessAdversity"],"picked":"ScarletCoffin","floor":20.0},{"not_picked":["RedMagic","MastersStateliness"],"picked":"VampireKiss","floor":21}],"player_experience":467279,"relics_obtained":[{"floor":1.0,"key":"AddBug"},{"floor":6.0,"key":"Question Card"},{"floor":8.0,"key":"Gambling Chip"},{"floor":9.0,"key":"Incense Burner"},{"floor":10.0,"key":"WingedGreaves"},{"floor":16.0,"key":"SecretRecord"},{"floor":21,"key":"SecretRecord"}],"event_choices":[{"damage_healed":0.0,"max_hp_gain":0.0,"max_hp_loss":0.0,"gold_gain":0.0,"event_name":"Liars Game","player_choice":"Ignored","floor":5.0,"gold_loss":0.0,"damage_taken":0.0},{"damage_healed":0.0,"max_hp_gain":0.0,"max_hp_loss":0.0,"gold_gain":0.0,"cards_transformed":["Defend_RM"],"event_name":"Transmorgrifier","player_choice":"Transformed","floor":14.0,"gold_loss":0.0,"damage_taken":0.0,"cards_obtained":["DemonKingCradle"]}],"is_beta":false,"boss_relics":[{"not_picked":["Abe\u0027s Treasure","Fusion Hammer"],"picked":"SlaversCollar"}],"items_purged_floors":[22],"is_endless":false,"potions_floor_spawned":[3,4,11,18,21],"killed_by":"Slavers","ascension_level":20}}