{"host":"b0hh64pqctf46s8m","time":1613426640,"event":{"mods":["100% Spire Juice","Act Like it!","Aspiration","BaseMod","Bestiary","Better Third Choice","CCEM2","CapriCore","ChefMod","Conspire","Curses Come First","Displayed Cursed Tome","Dota2Spire","Downfall","Ekko","Elementarium","Evolution","Fireblade Mod","Fox Events","Halation","Hallownest","Hermit","Hubris","Infinite Spire","Jess\u0027s Bottle","JesterMod","Jorbs\u0027s Wanderer Trilogy","Koishi","Kratos Character Expansion","Lobotomy","Luminous","Mari Mod (Legacy)","Mari\u0027s V1 Patch","Menagerie","Mimic Mod","Minty Spire (QoL Compilation)","Pale of the Ancients","Permanent Neow","Pikachu Mod","QueenMod","Random Character Button","Relic Sorter","Relic Stats","Reliquary","Replay The Spire","Robot Space Explorer","Shade Mod","Spire Arcade","StSLib","The Blue Laboratory","The Bug Knight","The Dragon Tamer","The Hayseed","The Immortal","TheSurvivalist","TheSwordswoman","TheVacant","TheWitcher","Treasure Hunter","UnlockEverythingMod","Wandering Minibosses","??????REMEMod"],"gold_per_floor":[112,112,132,57,57,88,102,120,120,157,157,157,193,214,214,318,318,346,370,402,457,485,485,530,530,604,620,654,692,631,631],"floor_reached":30,"language":"ENG","playtime":1512,"items_purged":["Shade:Strike_Shade"],"score":369,"play_id":"3ee9c7f1-a55a-43aa-963d-b5a9d60ab497","local_time":"20210215140400","is_ascension_mode":false,"campfire_choices":[{"data":"Shade:Bonestorm","floor":12,"key":"SMITH"},{"data":"Shade:AnimateDead","floor":15,"key":"SMITH"},{"floor":23,"key":"REST"},{"data":"Shade:LichForm","floor":25,"key":"SMITH"}],"circlet_count":0,"master_deck":["Shade:CoffinDance","Shade:CoffinDance","Shade:Defend_Shade","Shade:Defend_Shade","Shade:Defend_Shade","Shade:AnimateDead+1","Shade:CarefulCut","RedShoes","Shade:Bonestorm+1","Pikachu:LightScreen","Shade:FleshLikeOak","Shade:FuneraryJewels","Shade:WallOfFlesh","Shade:SkeletonHug","Shade:Putrefaction","Shade:Putrefaction","Shade:CommandSoldier","Shade:Coordination","Freischutz","Shade:Bonestorm+1","Shade:FingerOfDeath","Shade:LichForm+1","Shade:OpenGraves","Shade:WallOfFlesh"],"relics":["Shade:YorickSkull","REME_ComplimentaryCards","EVO:Axolotl","CogitoBucket","Hallownest:DreamNailRelic","halation:IllGainedPizza","Replay:Accelerometer","hubris:TinFlute","CCEMRelics:PowerPill","BehaviorAdjustment","reliquary:Craggleroot","ChangeAnything","aspiration:Lifesprig","Dota2Spire:BattleFury","Dota2Spire:PowerTreads","AtMidnight","BackwardClock"],"acts_visited":["Hallownest:Greenpath","TheCity"],"potions_floor_usage":[14,21,29],"damage_taken":[{"damage":0,"enemies":"2_ Uuma","floor":1,"turns":4},{"damage":2,"enemies":"Hallownest:2_MossCreeps","floor":3,"turns":3},{"damage":5,"enemies":"Hallownest:eliteMossKnight","floor":6,"turns":6},{"damage":0,"enemies":"Hallownest:monsterHuskWarrior","floor":7,"turns":3},{"damage":0,"enemies":"Hallownest:monsterFoolEater","floor":8,"turns":4},{"damage":1,"enemies":"Hallownest:eliteVengeflyKing","floor":10,"turns":7},{"damage":37,"enemies":"Hallownest:eliteCrystalGuardian","floor":13,"turns":6},{"damage":13,"enemies":"Hallownest:1_Ooma_and_2_Uuma","floor":14,"turns":3},{"damage":2,"enemies":"Hallownest:BossFalseKnight","floor":16,"turns":8},{"damage":7,"enemies":"Shell Parasite","floor":18,"turns":7},{"damage":0,"enemies":"2 Thieves","floor":19,"turns":3},{"damage":19,"enemies":"Sentry and Sphere","floor":20,"turns":7},{"damage":19,"enemies":"Centurion and Healer","floor":21,"turns":5},{"damage":13,"enemies":"Cultist and Chosen","floor":22,"turns":5},{"damage":7,"enemies":"conspire:SneckoGhost","floor":24,"turns":6},{"damage":0,"enemies":"3 Cultists","floor":27,"turns":3},{"damage":15,"enemies":"conspire:Head Lice","floor":28,"turns":5},{"damage":18,"enemies":"Centurion and Healer","floor":29,"turns":10},{"damage":32,"enemies":"REME_1_Revenger","floor":30,"turns":4}],"seed_played":"3555777722139193551","potions_obtained":[{"floor":3,"key":"LifebloodPotion"},{"floor":10,"key":"Regen Potion"},{"floor":14,"key":"Flashbang"},{"floor":16,"key":"Dota2Spire:HealingSalve"},{"floor":22,"key":"blueLaboratory:ForbiddenFruitJuice"},{"floor":24,"key":"Dota2Spire:HealingSalve"}],"is_trial":false,"path_per_floor":["M","?","M","$","?","E","M","M","T","E","?","R","E","M","R","B",null,"M","M","M","M","M","R","E","R","T","M","E","M","E"],"character_chosen":"SHADE","items_purchased":[],"campfire_rested":1,"item_purchase_floors":[],"current_hp_per_floor":[65,65,63,63,63,58,58,58,58,57,64,64,27,23,23,21,65,58,58,39,35,22,41,34,34,34,34,19,19,0,0],"gold":631,"neow_bonus":"","is_daily":false,"chose_seed":false,"campfire_upgraded":3,"win_rate":0.0,"timestamp":1613426640,"path_taken":["M","?","M","$","?","E","?","M","T","E","?","R","E","M","R","BOSS","M","M","?","M","M","R","E","R","T","M","E","M","E"],"items_purchased_type":[],"build_version":"2020-12-22","purchased_purges":1,"victory":false,"max_hp_per_floor":[65,65,65,65,65,65,65,65,65,65,65,65,65,65,65,65,65,65,65,65,65,65,65,65,65,65,65,65,65,65,65],"relic_stats":{"counters":[22,102],"obtain_stats":[{"Replay:Accelerometer":9,"BackwardClock":29,"aspiration:Lifesprig":24,"Dota2Spire:PowerTreads":28,"Shade:YorickSkull":0,"halation:IllGainedPizza":6,"Dota2Spire:BattleFury":26,"Hallownest:DreamNailRelic":5,"EVO:Axolotl":0,"CogitoBucket":0,"CCEMRelics:PowerPill":13,"reliquary:Craggleroot":17,"AtMidnight":29,"BehaviorAdjustment":14,"ChangeAnything":21,"hubris:TinFlute":10,"REME_ComplimentaryCards":0},{"Replay:Accelerometer":5,"BackwardClock":21,"aspiration:Lifesprig":17,"Dota2Spire:PowerTreads":19,"Shade:YorickSkull":0,"halation:IllGainedPizza":3,"Dota2Spire:BattleFury":17,"Hallownest:DreamNailRelic":2,"EVO:Axolotl":0,"CogitoBucket":0,"CCEMRelics:PowerPill":7,"reliquary:Craggleroot":10,"AtMidnight":21,"BehaviorAdjustment":9,"ChangeAnything":15,"hubris:TinFlute":6,"REME_ComplimentaryCards":0},{"Replay:Accelerometer":20,"BackwardClock":98,"aspiration:Lifesprig":79,"Dota2Spire:PowerTreads":87,"Shade:YorickSkull":0,"halation:IllGainedPizza":13,"Dota2Spire:BattleFury":79,"Hallownest:DreamNailRelic":7,"EVO:Axolotl":0,"CogitoBucket":0,"CCEMRelics:PowerPill":33,"reliquary:Craggleroot":45,"AtMidnight":98,"BehaviorAdjustment":37,"ChangeAnything":68,"hubris:TinFlute":27,"REME_ComplimentaryCards":0}]},"card_choices":[{"not_picked":["FairyFestival","BigBird"],"picked":"RedShoes","floor":1},{"not_picked":["Shade:CoffinDance","Shade:AncientSpear"],"picked":"Shade:Bonestorm","floor":1},{"not_picked":["Shade:SkeletonHug","Shade:FleshToFlesh"],"picked":"Shade:FleshLikeOak","floor":3},{"not_picked":["Shade:Frenzy","Shade:CallOfTheGrave"],"picked":"Shade:FuneraryJewels","floor":6},{"not_picked":["TH:CursedSword","TH:ArmorSpikes"],"picked":"SKIP","floor":6},{"not_picked":["Shade:FleshToFlesh","Shade:Carnophage"],"picked":"Shade:WallOfFlesh","floor":7},{"not_picked":["Shade:Bonestorm","Shade:FuneraryArmor","Shade:FeralStrike"],"picked":"SKIP","floor":8},{"not_picked":["TH:ArmorSpikes","TH:TreasureMap"],"picked":"SKIP","floor":9},{"not_picked":["Shade:FleshOffering","Shade:CallOfTheGrave"],"picked":"Shade:SkeletonHug","floor":10},{"not_picked":["TH:BikiniMail","TH:Mimic"],"picked":"SKIP","floor":10},{"not_picked":["Shade:GreyBargain","Shade:SkeletonHug"],"picked":"Shade:Putrefaction","floor":13},{"not_picked":["TH:DeckOfManyThings","TH:BikiniMail"],"picked":"SKIP","floor":13},{"not_picked":["Shade:MadHubris","Shade:FleshLikeOak","Shade:FuneraryArmor"],"picked":"SKIP","floor":14},{"not_picked":["Shade:MadHubris","Shade:Consume"],"picked":"Shade:Putrefaction","floor":16},{"not_picked":["Shade:BoneShards","Shade:FleshOffering","Shade:ExtraLimbs"],"picked":"SKIP","floor":18},{"not_picked":["Shade:ClawBack","Shade:RavenousHorde"],"picked":"Shade:CommandSoldier","floor":19},{"not_picked":["Shade:FreshBones","Shade:GreyBargain"],"picked":"Shade:Coordination","floor":20},{"not_picked":["Laetitia","Scorched"],"picked":"Freischutz","floor":21},{"not_picked":["Shade:CommandSoldier","Shade:CoffinDance+1"],"picked":"Shade:Bonestorm+1","floor":21},{"not_picked":["Shade:Frenzy","Shade:FleshToFlesh"],"picked":"Shade:FingerOfDeath","floor":22},{"not_picked":["Shade:PotionOfRestlessness","Shade:RavenousHorde"],"picked":"Shade:LichForm","floor":24},{"not_picked":["TH:ElvenBoots","TH:ArmorSpikes"],"picked":"SKIP","floor":24},{"not_picked":["TH:TreasureMap","TH:Mimic"],"picked":"SKIP","floor":26},{"not_picked":["Shade:Bonestorm","Shade:Excise"],"picked":"Shade:OpenGraves","floor":27},{"not_picked":["TH:ElvenBoots","TH:BikiniMail"],"picked":"SKIP","floor":28},{"not_picked":["Shade:SpectralStrikes","Shade:CloudOfShrapnel","Shade:FleshToFlesh"],"picked":"SKIP","floor":28},{"not_picked":["Shade:AncientSpear+1","Shade:SpontaneousRitual"],"picked":"Shade:WallOfFlesh","floor":29}],"player_experience":1579963,"relics_obtained":[{"floor":6,"key":"halation:IllGainedPizza"},{"floor":9,"key":"Replay:Accelerometer"},{"floor":10,"key":"hubris:TinFlute"},{"floor":13,"key":"CCEMRelics:PowerPill"},{"floor":24,"key":"aspiration:Lifesprig"},{"floor":26,"key":"Dota2Spire:BattleFury"},{"floor":28,"key":"Dota2Spire:PowerTreads"},{"floor":29,"key":"AtMidnight"}],"event_choices":[],"is_beta":false,"boss_relics":[{"not_picked":["REME_DuelDisc","hubris:HollowSoul"],"picked":"reliquary:Craggleroot"}],"items_purged_floors":[4],"is_endless":false,"potions_floor_spawned":[3,10,14,16,18,22,24],"killed_by":"REME_1_Revenger","ascension_level":0}}