{"host":"89iuq2p5kwriuwfq","time":1613386825,"event":{"mods":["BaseMod","Curses Come First","Minty Spire (QoL Compilation)","Permanent Neow","StSLib"],"gold_per_floor":[110,110,126,201,217,242,242,259,259,285,310,345,364,398,398,506,569,596,622,631,654,257,292,315,340,340,380,380,409,276,320,320,430,430,450,502,67,78,104,136,136,161,161,197,197,225,242,242,242,242],"floor_reached":51,"language":"ENG","playtime":4879,"items_purged":["Prostrate","Prostrate+1","SashWhip"],"score":1460,"play_id":"4b745af0-7c84-4655-864f-585d634937e2","local_time":"20210215110025","is_ascension_mode":true,"campfire_choices":[{"data":"Ragnarok","floor":7.0,"key":"SMITH"},{"data":"Prostrate","floor":15.0,"key":"SMITH"},{"data":"Eruption","floor":28.0,"key":"SMITH"},{"data":"Establishment","floor":32,"key":"SMITH"},{"data":"WindmillStrike","floor":41,"key":"SMITH"},{"data":"WindmillStrike","floor":45,"key":"SMITH"},{"data":"Vault","floor":49,"key":"SMITH"}],"circlet_count":0,"master_deck":["AscendersBane","Eruption+1","Vigilance+1","Ragnarok","WindmillStrike+1","Vengeance","EmptyBody","Ragnarok+1","Protect","Swivel","Establishment+1","SignatureMove","WindmillStrike+1","WaveOfTheHand","Meditate","Scrawl","Crescendo","FearNoEvil","Protect","Protect","LikeWater","MentalFortress","Establishment","LikeWater+1","Wallop","Indignation","EmptyMind","Sanctity","Vault+1","Halt","Crescendo","Wallop+1","WheelKick+1"],"relics":["PureWater","Meat on the Bone","The Courier","CeramicFish","Bottled Lightning","FossilizedHelix","Pandora\u0027s Box","TungstenRod","Anchor","Sundial","StoneCalendar","PreservedInsect","InkBottle","Philosopher\u0027s Stone","Gambling Chip","Singing Bowl","Toolbox","Happy Flower","Lantern","HornCleat","Blood Vial"],"acts_visited":["Exordium","TheCity","TheBeyond"],"potions_floor_usage":[29,29],"damage_taken":[{"damage":7.0,"enemies":"Jaw Worm","floor":1.0,"turns":3.0},{"damage":0.0,"enemies":"Cultist","floor":3.0,"turns":2.0},{"damage":0.0,"enemies":"Small Slimes","floor":5.0,"turns":4.0},{"damage":18.0,"enemies":"3 Sentries","floor":6.0,"turns":7.0},{"damage":0.0,"enemies":"Exordium Wildlife","floor":8.0,"turns":3.0},{"damage":8.0,"enemies":"Lagavulin","floor":10.0,"turns":6.0},{"damage":1.0,"enemies":"3 Louse","floor":11.0,"turns":4.0},{"damage":23.0,"enemies":"3 Sentries","floor":12.0,"turns":5.0},{"damage":0.0,"enemies":"Blue Slaver","floor":13.0,"turns":2.0},{"damage":39.0,"enemies":"Gremlin Nob","floor":14.0,"turns":6.0},{"damage":5.0,"enemies":"Hexaghost","floor":16.0,"turns":7.0},{"damage":0.0,"enemies":"Spheric Guardian","floor":18.0,"turns":5.0},{"damage":40.0,"enemies":"3 Byrds","floor":19.0,"turns":7.0},{"damage":0.0,"enemies":"Snecko","floor":21.0,"turns":4.0},{"damage":28.0,"enemies":"Slavers","floor":23.0,"turns":6.0},{"damage":0.0,"enemies":"Centurion and Healer","floor":24.0,"turns":5.0},{"damage":1.0,"enemies":"Shelled Parasite and Fungi","floor":25.0,"turns":5.0},{"damage":0.0,"enemies":"Book of Stabbing","floor":27.0,"turns":8.0},{"damage":28,"enemies":"Slavers","floor":29,"turns":7},{"damage":6,"enemies":"Book of Stabbing","floor":31,"turns":4},{"damage":24,"enemies":"Automaton","floor":33,"turns":11},{"damage":0,"enemies":"Orb Walker","floor":35,"turns":5},{"damage":19,"enemies":"2 Orb Walkers","floor":36,"turns":7},{"damage":0,"enemies":"3 Shapes","floor":38,"turns":6},{"damage":0,"enemies":"Maw","floor":39,"turns":7},{"damage":0,"enemies":"Nemesis","floor":40,"turns":5},{"damage":2,"enemies":"Jaw Worm Horde","floor":42,"turns":6},{"damage":0,"enemies":"Giant Head","floor":44,"turns":7},{"damage":3,"enemies":"Nemesis","floor":46,"turns":6},{"damage":0,"enemies":"Sphere and 2 Shapes","floor":47,"turns":5},{"damage":4,"enemies":"Awakened One","floor":50,"turns":12}],"seed_played":"-6338147583531562034","potions_obtained":[{"floor":1.0,"key":"SpeedPotion"},{"floor":3.0,"key":"Strength Potion"},{"floor":8.0,"key":"Fruit Juice"},{"floor":21.0,"key":"Energy Potion"},{"floor":23.0,"key":"EntropicBrew"},{"floor":24.0,"key":"EntropicBrew"},{"floor":31,"key":"EntropicBrew"}],"is_trial":false,"path_per_floor":["M","?","M","?","M","E","R","M","T","E","M","E","M","E","R","B",null,"M","M","?","M","$","E","M","M","T","E","R","E","$","E","R","B",null,"M","?","$","M","M","E","R","M","T","E","R","E","M","?","R","B",null],"character_chosen":"WATCHER","items_purchased":["Protect","TungstenRod","LikeWater","MentalFortress","EmptyMind","Halt","Singing Bowl","Toolbox"],"campfire_rested":0,"item_purchase_floors":[22,22,22,22,30,37,37,37],"current_hp_per_floor":[58,44,44,33,33,15,15,32,32,36,47,36,48,21,21,28,65,65,37,37,49,49,33,45,44,44,44,44,28,28,34,34,22,63,63,44,44,46,46,48,48,46,46,46,46,45,49,49,49,47],"gold":242,"neow_bonus":"TRANSFORM_CARD","is_daily":false,"chose_seed":false,"campfire_upgraded":7,"win_rate":0.0,"timestamp":1613386825,"path_taken":["M","?","M","?","M","E","R","M","T","E","M","E","M","E","R","BOSS","M","M","?","M","$","E","M","M","T","E","R","E","?","E","R","BOSS","M","?","$","M","M","E","R","M","T","E","R","E","M","?","R","BOSS"],"items_purchased_type":["Card","Relic","Card","Card","Card","Card","Relic","Relic"],"build_version":"2020-12-22","purchased_purges":3,"victory":true,"max_hp_per_floor":[72,72,72,72,72,72,72,77,77,77,77,77,77,77,77,77,77,77,77,77,77,77,77,77,77,77,77,77,77,77,77,77,77,77,77,77,77,79,79,81,81,81,81,81,81,83,85,81,81,81],"card_choices":[{"not_picked":["FlyingSleeves","Nirvana"],"picked":"WindmillStrike","floor":1.0},{"not_picked":["Indignation","Nirvana"],"picked":"Vengeance","floor":3.0},{"not_picked":["Consecrate","PathToVictory"],"picked":"EmptyBody","floor":5.0},{"not_picked":["Evaluate","FlyingSleeves"],"picked":"Ragnarok","floor":6.0},{"not_picked":["Tantrum","Crescendo"],"picked":"Protect","floor":8.0},{"not_picked":["Study","BowlingBash","Protect"],"picked":"SKIP","floor":10.0},{"not_picked":["PathToVictory","CutThroughFate"],"picked":"Swivel","floor":11.0},{"not_picked":["JustLucky","Crescendo","EmptyBody"],"picked":"SKIP","floor":12.0},{"not_picked":["Study","ThirdEye","Wireheading"],"picked":"SKIP","floor":13.0},{"not_picked":["ConjureBlade","Crescendo"],"picked":"Prostrate","floor":14.0},{"not_picked":["Judgement","SpiritShield"],"picked":"Establishment","floor":16.0},{"not_picked":["Meditate+1","FollowUp"],"picked":"Prostrate","floor":18.0},{"not_picked":["Swivel","ThirdEye"],"picked":"Crescendo","floor":19.0},{"not_picked":["Pray","SashWhip"],"picked":"Protect","floor":21.0},{"not_picked":["Prostrate","WreathOfFlame"],"picked":"Establishment","floor":23.0},{"not_picked":["SashWhip+1","EmptyFist"],"picked":"LikeWater+1","floor":24.0},{"not_picked":["BowlingBash","SashWhip"],"picked":"Wallop","floor":25.0},{"not_picked":["PathToVictory","CrushJoints"],"picked":"Indignation","floor":27.0},{"not_picked":["ClearTheMind","ForeignInfluence","EmptyFist"],"picked":"SKIP","floor":29},{"not_picked":["Worship","Vengeance"],"picked":"Sanctity","floor":31},{"not_picked":["DevaForm","Omniscience"],"picked":"Vault","floor":33},{"not_picked":["FlyingSleeves","Prostrate+1","EmptyBody"],"picked":"SKIP","floor":35},{"not_picked":["FlyingSleeves+1","Collect","ForeignInfluence"],"picked":"Singing Bowl","floor":38},{"not_picked":["Meditate","Prostrate+1"],"picked":"Crescendo","floor":39},{"not_picked":["Conclude+1","Meditate","Study"],"picked":"Singing Bowl","floor":40},{"not_picked":["Halt","BattleHymn+1"],"picked":"Wallop+1","floor":42},{"not_picked":["FollowUp","DeusExMachina"],"picked":"WheelKick+1","floor":44},{"not_picked":["Consecrate","EmptyFist+1","Meditate"],"picked":"Singing Bowl","floor":46},{"not_picked":["CutThroughFate","EmptyFist+1","Tantrum"],"picked":"Singing Bowl","floor":47}],"player_experience":681267,"relics_obtained":[{"floor":6.0,"key":"Meat on the Bone"},{"floor":9.0,"key":"The Courier"},{"floor":10.0,"key":"CeramicFish"},{"floor":12.0,"key":"Bottled Lightning"},{"floor":14.0,"key":"FossilizedHelix"},{"floor":23.0,"key":"Anchor"},{"floor":26.0,"key":"Sundial"},{"floor":27.0,"key":"StoneCalendar"},{"floor":29,"key":"PreservedInsect"},{"floor":31,"key":"InkBottle"},{"floor":36,"key":"Gambling Chip"},{"floor":40,"key":"Happy Flower"},{"floor":43,"key":"Lantern"},{"floor":44,"key":"HornCleat"},{"floor":46,"key":"Blood Vial"}],"event_choices":[{"damage_healed":0.0,"max_hp_gain":0.0,"max_hp_loss":0.0,"gold_gain":0.0,"event_name":"Shining Light","player_choice":"Entered Light","floor":2.0,"gold_loss":0.0,"damage_taken":14.0,"cards_upgraded":["Vigilance","Defend_P"]},{"damage_healed":0.0,"max_hp_gain":0.0,"max_hp_loss":0.0,"gold_gain":75.0,"event_name":"World of Goop","player_choice":"Gather Gold","floor":4.0,"gold_loss":0.0,"damage_taken":11.0},{"damage_healed":0.0,"max_hp_gain":0.0,"max_hp_loss":0.0,"gold_gain":0.0,"cards_transformed":["Alpha"],"event_name":"Transmorgrifier","player_choice":"Transformed","floor":20.0,"gold_loss":0.0,"damage_taken":0.0,"cards_obtained":["FearNoEvil"]},{"damage_healed":0,"gold_gain":0,"player_choice":"Fight","damage_taken":0,"max_hp_gain":0,"max_hp_loss":0,"event_name":"Mysterious Sphere","floor":36,"gold_loss":0},{"damage_healed":0,"gold_gain":0,"player_choice":"Max HP","damage_taken":0,"max_hp_gain":0,"max_hp_loss":4,"event_name":"Winding Halls","floor":48,"gold_loss":0}],"is_beta":false,"boss_relics":[{"not_picked":["Busted Crown","Runic Pyramid"],"picked":"Pandora\u0027s Box"},{"not_picked":["Astrolabe","HolyWater"],"picked":"Philosopher\u0027s Stone"}],"items_purged_floors":[22,30,37],"is_endless":false,"potions_floor_spawned":[1,3,8,21,23,24,31,35,39,40,47],"ascension_level":12}}