{"host":"zs3tguvuxkh90jf4","time":1613356575,"event":{"mods":["AchievementEnabler","BaseMod","Better Silent Start","Better-Laid Plans","BetterRewards","Block Reminder","Colored Map","Colored Powertips","Gold Saver","Minty Spire (QoL Compilation)","Shop Mod","StSLib","Transform Curses"],"gold_per_floor":[2867,2879,1883,1894,1912,1912,1924,1889,1889,1904,1207,1235,283,296,296,370,370,2083,2095,906,956,969,1003,1003,1036,1063,1063,724,724,740,765,765,844,844,859,859,859,884,910,935,662,687,687,687,701,720,734,521,521,521],"floor_reached":51,"language":"ENG","playtime":4582,"items_purged":["Defend_B","Strike_B","Strike_B","Defend_B","Defend_B","Self Repair"],"score":2061,"play_id":"22c61ea5-3986-4369-8783-a268975d1eac","local_time":"20210214183615","is_ascension_mode":true,"campfire_choices":[{"floor":6.0,"key":"REST"},{"data":"Redo","floor":15.0,"key":"SMITH"},{"data":"Dualcast","floor":32,"key":"SMITH"},{"data":"Storm","floor":44,"key":"SMITH"},{"data":"Loop","floor":49,"key":"SMITH"}],"circlet_count":0,"master_deck":["AscendersBane","Strike_B+1","Strike_B+1","Defend_B","Dualcast+1","White Noise","Ball Lightning","Conserve Battery","Steam","Glacier","Ball Lightning","Storm+1","Hologram","Rainbow","Glacier","Coolheaded","Gash","Electrodynamics","Stack","Loop+1","Gash","Sweeping Beam","Conserve Battery","Leap","Redo+1","All For One","Turbo+1","Go for the Eyes","Dramatic Entrance","Panache","Turbo+1","Scrape","Defragment","Coolheaded","Ghostly","Ghostly","Ghostly","Cold Snap","Thunder Strike","Steam+1","Madness","Madness","Blizzard","Tempest"],"relics":["Cracked Core","Chemical X","Symbiotic Virus","Question Card","MerchantsRug","Whetstone","Toy Ornithopter","Bottled Flame","MealTicket","Vajra","TheAbacus","Gambling Chip","DataDisk","Letter Opener","Toolbox","Busted Crown","Blood Vial","Peace Pipe","Frozen Eye","InkBottle","Enchiridion","Thread and Needle","Orichalcum","Membership Card","Bronze Scales","Tiny Chest","Philosopher\u0027s Stone","Du-Vu Doll","Smiling Mask","Meat on the Bone","Potion Belt","Cauldron","Strawberry","Ice Cream","Pen Nib","Bag of Marbles","Sling"],"acts_visited":["Exordium","TheCity","TheBeyond"],"potions_floor_usage":[19,22,23,33,40,41,50,50,50],"damage_taken":[{"damage":0.0,"enemies":"Cultist","floor":1.0,"turns":3.0},{"damage":6.0,"enemies":"2 Louse","floor":2.0,"turns":2.0},{"damage":0.0,"enemies":"Small Slimes","floor":4.0,"turns":2.0},{"damage":16.0,"enemies":"Looter","floor":5.0,"turns":4.0},{"damage":5.0,"enemies":"2 Fungi Beasts","floor":7.0,"turns":3.0},{"damage":8.0,"enemies":"Exordium Wildlife","floor":10.0,"turns":3.0},{"damage":0.0,"enemies":"Gremlin Nob","floor":12.0,"turns":3.0},{"damage":0.0,"enemies":"3 Louse","floor":14.0,"turns":2.0},{"damage":0.0,"enemies":"Slime Boss","floor":16.0,"turns":4.0},{"damage":9.0,"enemies":"2 Thieves","floor":18.0,"turns":3.0},{"damage":14,"enemies":"Shell Parasite","floor":19,"turns":2},{"damage":0,"enemies":"Shelled Parasite and Fungi","floor":22,"turns":1},{"damage":12,"enemies":"Gremlin Leader","floor":23,"turns":4},{"damage":8,"enemies":"Book of Stabbing","floor":25,"turns":5},{"damage":0,"enemies":"Snake Plant","floor":30,"turns":2},{"damage":0,"enemies":"Collector","floor":33,"turns":6},{"damage":0,"enemies":"Orb Walker","floor":35,"turns":2},{"damage":9,"enemies":"Mind Bloom Boss Battle","floor":38,"turns":5},{"damage":8,"enemies":"Nemesis","floor":40,"turns":5},{"damage":0,"enemies":"Reptomancer","floor":42,"turns":4},{"damage":14,"enemies":"3 Darklings","floor":45,"turns":3},{"damage":0,"enemies":"Spire Growth","floor":46,"turns":3},{"damage":0,"enemies":"Transient","floor":47,"turns":6},{"damage":1,"enemies":"Awakened One","floor":50,"turns":7}],"seed_played":"1949349836030297941","potions_obtained":[{"floor":4.0,"key":"LiquidMemories"},{"floor":14.0,"key":"ColorlessPotion"},{"floor":19,"key":"Ancient Potion"},{"floor":22,"key":"Block Potion"},{"floor":33,"key":"DuplicationPotion"},{"floor":40,"key":"Fruit Juice"},{"floor":41,"key":"FocusPotion"},{"floor":41,"key":"FocusPotion"},{"floor":41,"key":"BlessingOfTheForge"},{"floor":45,"key":"Fire Potion"},{"floor":47,"key":"AttackPotion"}],"is_trial":false,"path_per_floor":["M","M","$","M","M","R","M","?","T","M","$","E","$","M","R","B",null,"M","M","$","?","M","E","?","E","T","?","$","?","M","T","R","B",null,"M","?","?","?","T","E","$","E","T","R","M","M","M","$","R","B",null],"character_chosen":"DEFECT","items_purchased":["Chemical X","Symbiotic Virus","White Noise","Ball Lightning","Conserve Battery","Question Card","MerchantsRug","Ball Lightning","Whetstone","Toy Ornithopter","Storm","Hologram","Rainbow","DollysMirror","DistilledChaos","MealTicket","Vajra","TheAbacus","Loop","DataDisk","Letter Opener","Sweeping Beam","Conserve Battery","Leap","DistilledChaos","Toolbox","Blood Vial","Peace Pipe","Dramatic Entrance","DistilledChaos","Frozen Eye","Panache","Membership Card","Bronze Scales","Defragment","PowerPotion","Coolheaded","Potion Belt","Cauldron","Strawberry","Fruit Juice","Bag of Marbles","Sling"],"campfire_rested":1,"item_purchase_floors":[0,0,0,0,0,0,0,3,3,3,3,3,3,3,3,11,11,11,11,13,13,13,13,13,13,13,20,20,20,20,20,20,28,28,28,28,28,41,41,41,41,48,48],"current_hp_per_floor":[50,44,44,44,28,49,44,61,61,53,53,63,71,71,71,71,71,62,53,68,68,71,59,38,32,32,32,47,35,35,35,35,35,35,35,29,29,29,29,40,52,52,52,52,38,40,42,52,52,51],"gold":521,"neow_bonus":"","is_daily":false,"chose_seed":false,"campfire_upgraded":4,"win_rate":0.0,"timestamp":1613356575,"path_taken":["M","M","$","M","M","R","M","?","T","M","$","E","$","M","R","BOSS","M","M","$","?","?","E","?","E","T","?","$","?","?","?","R","BOSS","M","?","?","?","?","E","$","E","T","R","M","M","M","$","R","BOSS"],"items_purchased_type":["Relic","Relic","Card","Card","Card","Relic","Relic","Card","Relic","Relic","Card","Card","Card","Relic","Potion","Relic","Relic","Relic","Card","Relic","Relic","Card","Card","Card","Potion","Relic","Relic","Relic","Card","Potion","Relic","Card","Relic","Relic","Card","Potion","Card","Relic","Relic","Relic","Potion","Relic","Relic"],"build_version":"2020-12-22","purchased_purges":6,"victory":true,"max_hp_per_floor":[71,71,71,71,71,71,71,71,71,71,71,71,71,71,71,71,71,71,71,71,71,71,71,71,71,71,71,71,35,35,35,35,35,35,35,35,35,35,35,40,52,52,52,52,52,52,52,52,52,52],"card_choices":[{"not_picked":["Blizzard","Steam Power","Compile Driver"],"picked":"Steam","floor":1.0},{"not_picked":["Auto Shields","Chill","Heatsinks"],"picked":"Glacier","floor":2.0},{"not_picked":["Skim","Capacitor","Fusion"],"picked":"Coolheaded","floor":4.0},{"not_picked":["Compile Driver","Conserve Battery","Undo"],"picked":"Gash","floor":5.0},{"not_picked":["Coolheaded","Redo","Self Repair"],"picked":"Electrodynamics","floor":7.0},{"not_picked":["Reprogram","Undo","Go for the Eyes"],"picked":"Stack","floor":10.0},{"not_picked":["Biased Cognition","Scrape","Amplify"],"picked":"Gash","floor":12.0},{"not_picked":["Rebound","Compile Driver","Sweeping Beam"],"picked":"Redo","floor":14.0},{"not_picked":["Machine Learning","Meteor Strike","Amplify"],"picked":"All For One","floor":16.0},{"not_picked":["Barrage"],"picked":"Turbo+1","floor":18},{"not_picked":["Leap"],"picked":"Go for the Eyes","floor":19},{"not_picked":["Undo"],"picked":"Turbo+1","floor":22},{"not_picked":["Genetic Algorithm"],"picked":"Self Repair","floor":23},{"not_picked":["Blizzard"],"picked":"Scrape","floor":25},{"not_picked":["Fission"],"picked":"Cold Snap","floor":30},{"not_picked":["Echo Form"],"picked":"Thunder Strike","floor":33},{"not_picked":["Cold Snap"],"picked":"Steam+1","floor":35},{"not_picked":["Streamline"],"picked":"Blizzard","floor":40},{"not_picked":["Fusion+1"],"picked":"Tempest","floor":42},{"not_picked":["Turbo","Rebound"],"picked":"SKIP","floor":45},{"not_picked":["Barrage","Leap"],"picked":"SKIP","floor":46},{"not_picked":["Streamline","Sunder"],"picked":"SKIP","floor":47}],"player_experience":574106,"relics_obtained":[{"floor":9.0,"key":"Bottled Flame"},{"floor":12.0,"key":"Gambling Chip"},{"floor":23,"key":"InkBottle"},{"floor":24,"key":"Enchiridion"},{"floor":25,"key":"Thread and Needle"},{"floor":26,"key":"Orichalcum"},{"floor":31,"key":"Tiny Chest"},{"floor":38,"key":"Du-Vu Doll"},{"floor":39,"key":"Smiling Mask"},{"floor":40,"key":"Meat on the Bone"},{"floor":42,"key":"Ice Cream"},{"floor":43,"key":"Pen Nib"}],"event_choices":[{"damage_healed":17.0,"max_hp_gain":0.0,"max_hp_loss":0.0,"gold_gain":0.0,"event_name":"The Cleric","player_choice":"Healed","floor":8.0,"gold_loss":35.0,"damage_taken":0.0},{"damage_healed":0,"gold_gain":50,"player_choice":"Pray","damage_taken":0,"max_hp_gain":0,"max_hp_loss":0,"event_name":"Golden Shrine","floor":21,"gold_loss":0},{"damage_healed":0,"gold_gain":0,"player_choice":"Obtained Book","damage_taken":21,"max_hp_gain":0,"max_hp_loss":0,"event_name":"Cursed Tome","floor":24,"gold_loss":0},{"cards_removed":["Zap"],"damage_healed":0,"gold_gain":0,"player_choice":"Elegance","damage_taken":0,"max_hp_gain":0,"max_hp_loss":0,"event_name":"Back to Basics","floor":27,"gold_loss":0},{"damage_healed":0,"gold_gain":0,"player_choice":"Became a Ghost","damage_taken":0,"max_hp_gain":0,"max_hp_loss":36,"event_name":"Ghosts","floor":29,"gold_loss":0,"cards_obtained":["Ghostly","Ghostly","Ghostly"]},{"damage_healed":0,"gold_gain":0,"player_choice":"Embrace Madness","damage_taken":6,"max_hp_gain":0,"max_hp_loss":0,"event_name":"Winding Halls","floor":36,"gold_loss":0,"cards_obtained":["Madness","Madness"]},{"damage_healed":0,"gold_gain":0,"player_choice":"Ignored","damage_taken":0,"max_hp_gain":0,"max_hp_loss":0,"event_name":"Tomb of Lord Red Mask","floor":37,"gold_loss":0},{"damage_healed":0,"gold_gain":0,"player_choice":"Fight","damage_taken":0,"max_hp_gain":0,"max_hp_loss":0,"event_name":"MindBloom","floor":38,"gold_loss":0}],"is_beta":false,"boss_relics":[{"not_picked":["Velvet Choker","Fusion Hammer"],"picked":"Busted Crown"},{"not_picked":["Coffee Dripper","Snecko Eye"],"picked":"Philosopher\u0027s Stone"}],"items_purged_floors":[0,3,11,13,20,48],"is_endless":false,"potions_floor_spawned":[4,5,10,14,18,19,22,33,35,40,45,47],"ascension_level":18}}