{"host":"kpcx2wrn7eq3nf7c","time":1613367163,"event":{"mods":["Act Like it!","BaseMod","CapriCore","Card Forge","Friendly Minions","Gensokyo","Hermit","Koishi","Marisa（霧雨　魔理沙）","Minty Spire (QoL Compilation)","StSLib","The Animator","The Immortal","The Servant 0.9.4","Waifu the Spire","Youmu（魂魄妖梦）","残留之物"],"gold_per_floor":[112,131,131,145,165,165,209,209,233,233,233,252,202,211,211,321,321,334,356,91,116,127,164,164,189,234,251,269,269,194,225,225,335,335,345,361,361,361,373,373,373,412,486,511,511,46,63,91,91,91,91,91,14,48,48],"floor_reached":56,"language":"ZHS","playtime":3584,"items_purged":["PlaceholderMod:BaseStrike","PlaceholderMod:BaseStrike"],"score":1249,"play_id":"d995f683-c546-4ae1-965a-b8a5b1405891","local_time":"20210215133243","is_ascension_mode":false,"campfire_choices":[{"data":"PlaceholderMod:SprayAttack","floor":6.0,"key":"SMITH"},{"data":"PlaceholderMod:SevereHeat","floor":8.0,"key":"SMITH"},{"data":"PlaceholderMod:PoisonAbsorb","floor":10.0,"key":"SMITH"},{"data":"PlaceholderMod:PoisonWhip","floor":15.0,"key":"SMITH"},{"data":"PlaceholderMod:GrowthForm","floor":24.0,"key":"SMITH"},{"data":"PlaceholderMod:Eat","floor":29.0,"key":"SMITH"},{"data":"PlaceholderMod:DiffusionChemical","floor":32.0,"key":"SMITH"},{"data":"PlaceholderMod:CorePoison","floor":40.0,"key":"SMITH"},{"data":"PlaceholderMod:SubstitutionNucleophilic1","floor":45.0,"key":"SMITH"},{"floor":49,"key":"RECALL"},{"data":"PlaceholderMod:DoublePoint","floor":52,"key":"SMITH"}],"circlet_count":0,"master_deck":["PlaceholderMod:BaseDefend","PlaceholderMod:BaseDefend","PlaceholderMod:BaseDefend","PlaceholderMod:BaseDefend","PlaceholderMod:BaseDefend","PlaceholderMod:Crystal","PlaceholderMod:PoisonWhip+1","PlaceholderMod:PoisonAbsorb+1","PlaceholderMod:SprayAttack+1","PlaceholderMod:TriggerStrike+1","PlaceholderMod:DoublePoint+1","PlaceholderMod:SevereHeat+1","PlaceholderMod:DissolvingSpikes","Impatience","PlaceholderMod:Eat+1","PlaceholderMod:Hard","PlaceholderMod:GrowthForm+1","PlaceholderMod:DiffusionChemical+1","PlaceholderMod:NearChange","PlaceholderMod:EvolutionSpray","PlaceholderMod:HardStinger+1","PlaceholderMod:Crystallization+1","PlaceholderMod:CorePoison+1","PlaceholderMod:SubstitutionNucleophilic1+1","PlaceholderMod:Stable","PlaceholderMod:FastReaction","PlaceholderMod:PoisonAbsorb+1","Impatience"],"relics":["PlaceholderMod:Tancle","Hammer of Thor","Seething Fire","Anvil of the Gods","CeramicFish","Whetstone","Blood Vial","Sozu","Singing Bowl","Regal Pillow","PlaceholderMod:LiveLive","Prayer Wheel","Bottled Tornado","PlaceholderMod:EltdownShards","Vajra","Strange Spoon","Sundial"],"acts_visited":["Exordium","TheCity","TheBeyond","TheEnding"],"potions_floor_usage":[],"damage_taken":[{"damage":7.0,"enemies":"Small Slimes","floor":1.0,"turns":4.0},{"damage":3.0,"enemies":"Cultist","floor":2.0,"turns":4.0},{"damage":2.0,"enemies":"Jaw Worm","floor":4.0,"turns":5.0},{"damage":0.0,"enemies":"Looter","floor":5.0,"turns":3.0},{"damage":14.0,"enemies":"3 Sentries","floor":7.0,"turns":8.0},{"damage":11.0,"enemies":"Gremlin Gang","floor":12.0,"turns":6.0},{"damage":52.0,"enemies":"Slime Boss","floor":16.0,"turns":15.0},{"damage":7.0,"enemies":"3 Byrds","floor":18.0,"turns":4.0},{"damage":3.0,"enemies":"Chosen","floor":19.0,"turns":5.0},{"damage":0.0,"enemies":"3 Cultists","floor":21.0,"turns":6.0},{"damage":23.0,"enemies":"Shelled Parasite and Fungi","floor":22.0,"turns":5.0},{"damage":15.0,"enemies":"Book of Stabbing","floor":23.0,"turns":6.0},{"damage":27.0,"enemies":"Snake Plant","floor":25.0,"turns":4.0},{"damage":4.0,"enemies":"Centurion and Healer","floor":27.0,"turns":6.0},{"damage":5.0,"enemies":"Cultist and Chosen","floor":28.0,"turns":6.0},{"damage":16.0,"enemies":"Gremlin Leader","floor":31.0,"turns":6.0},{"damage":16.0,"enemies":"Collector","floor":33.0,"turns":7.0},{"damage":21.0,"enemies":"Orb Walker","floor":35.0,"turns":4.0},{"damage":3.0,"enemies":"3 Darklings","floor":36.0,"turns":4.0},{"damage":13.0,"enemies":"Spire Growth","floor":39.0,"turns":3.0},{"damage":27.0,"enemies":"Nemesis","floor":42.0,"turns":7.0},{"damage":4.0,"enemies":"Giant Head","floor":44.0,"turns":6.0},{"damage":4.0,"enemies":"Jaw Worm Horde","floor":47.0,"turns":3.0},{"damage":7.0,"enemies":"Sphere and 2 Shapes","floor":48.0,"turns":4.0},{"damage":21,"enemies":"Time Eater","floor":50,"turns":9},{"damage":10,"enemies":"Shield and Spear","floor":54,"turns":5},{"damage":47,"enemies":"The Heart","floor":55,"turns":9}],"seed_played":"2803782631974063229","potions_obtained":[{"floor":5.0,"key":"Ancient Potion"},{"floor":12.0,"key":"Block Potion"},{"floor":16.0,"key":"Block Potion"}],"is_trial":false,"path_per_floor":["M","M","?","M","M","R","E","R","T","R","?","M","?","?","R","B",null,"M","M","$","M","M","E","R","M","T","M","M","R","?","E","R","B",null,"M","M","?","?","M","R","?","E","T","E","R","$","M","M","R","B",null,"R","$","E","B",null],"character_chosen":"THE_PLACEHOLDER","items_purchased":["PlaceholderMod:GrowthForm","PlaceholderMod:DiffusionChemical","PlaceholderMod:NearChange","Vajra","PlaceholderMod:Stable","Strange Spoon","Impatience"],"campfire_rested":0,"item_purchase_floors":[20,20,20,46,46,46,53],"current_hp_per_floor":[78,75,80,78,78,78,64,64,64,64,64,55,55,55,55,5,90,85,84,84,90,75,70,70,49,49,57,60,60,60,54,54,46,96,77,84,84,84,87,87,87,74,74,80,80,80,82,77,77,70,108,108,108,100,67],"gold":48,"neow_bonus":"TEN_PERCENT_HP_BONUS","is_daily":false,"chose_seed":false,"campfire_upgraded":10,"win_rate":0.0,"timestamp":1613367163,"path_taken":["M","M","?","M","M","R","E","R","T","R","?","?","?","?","R","BOSS","M","M","$","?","M","E","R","M","T","?","M","R","?","E","R","BOSS","M","M","?","?","M","R","?","E","T","E","R","$","M","?","R","BOSS","R","$","E","BOSS"],"items_purchased_type":["Card","Card","Card","Relic","Card","Relic","Card"],"build_version":"2020-12-22","purchased_purges":2,"victory":true,"max_hp_per_floor":[85,85,90,90,90,90,90,90,90,90,90,90,90,90,90,90,90,90,90,90,90,90,90,90,90,90,92,94,94,94,96,96,96,96,98,100,100,100,102,102,102,102,102,104,104,104,108,108,108,108,108,108,108,110,110],"card_choices":[{"not_picked":["PlaceholderMod:Turn","PlaceholderMod:SprayAttack"],"picked":"PlaceholderMod:PoisonAbsorb","floor":1.0},{"not_picked":["PlaceholderMod:PoisonExcitation","PlaceholderMod:OHStrongAttack"],"picked":"PlaceholderMod:SprayAttack","floor":2.0},{"not_picked":["PlaceholderMod:ComplexForm","PlaceholderMod:SeverePoisonStrike"],"picked":"PlaceholderMod:TriggerStrike","floor":4.0},{"not_picked":["PlaceholderMod:ProliferateStrike","PlaceholderMod:Sweep"],"picked":"PlaceholderMod:DoublePoint","floor":5.0},{"not_picked":["PlaceholderMod:HornyBlast","PlaceholderMod:SpinBlade"],"picked":"PlaceholderMod:SevereHeat","floor":7.0},{"not_picked":["PlaceholderMod:Hyperplasia","PlaceholderMod:Sweep"],"picked":"PlaceholderMod:DissolvingSpikes","floor":12.0},{"not_picked":["PlaceholderMod:DoublePoint","PlaceholderMod:BlastSpray"],"picked":"PlaceholderMod:Eat","floor":16.0},{"not_picked":["PlaceholderMod:ProliferateStrike","PlaceholderMod:UnpureUse","PlaceholderMod:ConsolidateHit+1"],"picked":"SKIP","floor":18.0},{"not_picked":["PlaceholderMod:PoisonAbsorb","PlaceholderMod:ConsolidateHit+1"],"picked":"PlaceholderMod:Hard","floor":19.0},{"not_picked":["PlaceholderMod:ChainPoly","PlaceholderMod:InnerStable"],"picked":"PlaceholderMod:EvolutionSpray","floor":21.0},{"not_picked":["PlaceholderMod:HornyBlast","PlaceholderMod:OHStrongAttack","PlaceholderMod:Polyp"],"picked":"SKIP","floor":22.0},{"not_picked":["PlaceholderMod:DissolvingSpikes","PlaceholderMod:FinalSpray"],"picked":"PlaceholderMod:HardStinger+1","floor":23.0},{"not_picked":["PlaceholderMod:PoisonAbsorb","PlaceholderMod:StressReaction"],"picked":"PlaceholderMod:Crystallization+1","floor":25.0},{"not_picked":["PlaceholderMod:InnerSoften","PlaceholderMod:Break","PlaceholderMod:ComplexForm"],"picked":"Singing Bowl","floor":27.0},{"not_picked":["PlaceholderMod:Polyp","PlaceholderMod:Corrosion","PlaceholderMod:ChainPoly"],"picked":"Singing Bowl","floor":28.0},{"not_picked":["PlaceholderMod:AngryAttack","PlaceholderMod:ComplexForm","PlaceholderMod:Package"],"picked":"Singing Bowl","floor":31.0},{"not_picked":["PlaceholderMod:BlastSpray","PlaceholderMod:HornyCollision"],"picked":"PlaceholderMod:CorePoison","floor":33.0},{"not_picked":["PlaceholderMod:ConsolidateHit+1","PlaceholderMod:HornyBlast+1","PlaceholderMod:ProliferateStrike+1"],"picked":"Singing Bowl","floor":35.0},{"not_picked":["PlaceholderMod:ParasiteChange+1","PlaceholderMod:UnpureUse+1","PlaceholderMod:StressReaction"],"picked":"Singing Bowl","floor":36.0},{"not_picked":["PlaceholderMod:PoisonExcitation+1","PlaceholderMod:StressReaction","PlaceholderMod:Stable"],"picked":"Singing Bowl","floor":39.0},{"not_picked":["PlaceholderMod:SpinBlade","PlaceholderMod:HardStinger"],"picked":"PlaceholderMod:SubstitutionNucleophilic1","floor":42.0},{"not_picked":["PlaceholderMod:QualitativeChange","PlaceholderMod:HardStrike","PlaceholderMod:SpinBlade+1"],"picked":"Singing Bowl","floor":44.0},{"not_picked":["PlaceholderMod:ConsolidateHit","PlaceholderMod:HornyBlast+1","PlaceholderMod:ThreeBenzyolStart"],"picked":"Singing Bowl","floor":47.0},{"not_picked":["PlaceholderMod:Internalization+1","PlaceholderMod:ParasiteChange+1","PlaceholderMod:AttackAsDefend+1"],"picked":"Singing Bowl","floor":47.0},{"not_picked":["PlaceholderMod:HornyBlast+1","PlaceholderMod:AttackAsDefend"],"picked":"PlaceholderMod:FastReaction","floor":48.0},{"not_picked":["PlaceholderMod:ComplexForm+1","PlaceholderMod:DiffusionPoison"],"picked":"PlaceholderMod:PoisonAbsorb+1","floor":48.0},{"not_picked":["PlaceholderMod:AngryAttack+1","PlaceholderMod:DirectingGroup","PlaceholderMod:Polyp+1"],"picked":"Singing Bowl","floor":54}],"player_experience":1235768,"relics_obtained":[{"floor":7.0,"key":"CeramicFish"},{"floor":9.0,"key":"Whetstone"},{"floor":23.0,"key":"Singing Bowl"},{"floor":31.0,"key":"Regal Pillow"},{"floor":42.0,"key":"Prayer Wheel"},{"floor":43.0,"key":"Bottled Tornado"},{"floor":44.0,"key":"PlaceholderMod:EltdownShards"},{"floor":54,"key":"Sundial"}],"event_choices":[{"damage_healed":0.0,"max_hp_gain":5.0,"max_hp_loss":0.0,"gold_gain":0.0,"event_name":"Big Fish","player_choice":"Donut","floor":3.0,"gold_loss":0.0,"damage_taken":0.0},{"damage_healed":0.0,"max_hp_gain":0.0,"max_hp_loss":0.0,"gold_gain":0.0,"event_name":"WeMeetAgain","player_choice":"Gave Potion","floor":11.0,"gold_loss":0.0,"damage_taken":0.0,"relics_obtained":["Blood Vial"]},{"cards_removed":["PlaceholderMod:BaseStrike"],"damage_healed":0.0,"max_hp_gain":0.0,"max_hp_loss":0.0,"gold_gain":0.0,"event_name":"The Cleric","player_choice":"Card Removal","floor":13.0,"gold_loss":50.0,"damage_taken":0.0},{"damage_healed":0.0,"max_hp_gain":0.0,"max_hp_loss":0.0,"gold_gain":0.0,"event_name":"Match and Keep!","player_choice":"1 cards matched","floor":14.0,"gold_loss":0.0,"damage_taken":0.0,"cards_obtained":["Impatience"]},{"cards_removed":["PlaceholderMod:BaseStrike"],"damage_healed":0.0,"max_hp_gain":0.0,"max_hp_loss":0.0,"gold_gain":0.0,"event_name":"Beggar","player_choice":"Gave Gold","floor":30.0,"gold_loss":75.0,"damage_taken":0.0},{"cards_removed":["PlaceholderMod:BaseStrike"],"damage_healed":0.0,"max_hp_gain":0.0,"max_hp_loss":0.0,"gold_gain":0.0,"event_name":"Falling","player_choice":"Removed Attack","floor":37.0,"gold_loss":0.0,"damage_taken":0.0},{"damage_healed":0.0,"max_hp_gain":0.0,"max_hp_loss":0.0,"gold_gain":0.0,"event_name":"Tomb of Lord Red Mask","player_choice":"Ignored","floor":38.0,"gold_loss":0.0,"damage_taken":0.0},{"damage_healed":0.0,"max_hp_gain":0.0,"max_hp_loss":0.0,"gold_gain":0.0,"event_name":"SecretPortal","player_choice":"Ignored","floor":41.0,"gold_loss":0.0,"damage_taken":0.0}],"is_beta":false,"boss_relics":[{"not_picked":["Coffee Dripper","Fusion Hammer"],"picked":"Sozu"},{"not_picked":["Velvet Choker","Black Star"],"picked":"PlaceholderMod:LiveLive"}],"items_purged_floors":[20,46],"is_endless":false,"potions_floor_spawned":[5,12,16,18,21,22,27,28,36,39,47],"ascension_level":0}}