{"host":"9e8t9l667fx7pth6","time":1613386053,"event":{"mods":["2.2 Compatiblity","AchievementEnabler","Aspiration","BaseMod","BetterRewards","Custom Start","Dark Map","Halation","Hubris","Minty Spire (QoL Compilation)","Remove Card Discount Mod","StSLib","The Blue Laboratory"],"gold_per_floor":[111,128,148,168,180,215,228,228,228,240,240,240,240,251,251,332,332,351,378,378,392,413,413,455,182,182,217,217,217,217,232,232,310,310,335,357,411,411,426,426,452,487,536,536,43,64,64,64,64,73,81,81,81,22,67,95,95],"floor_reached":56,"language":"ENG","playtime":2642,"items_purged":["Strike_R","Strike_R","Strike_R","Defend_R","Bash","Rampage","Defend_R","Body Slam","Iron Wave","Shockwave+1","Dark Embrace+1","Twin Strike","Iron Wave","Thunderclap+1","Intimidate","Seeing Red","Sadistic Nature","Defend_R","Defend_R"],"score":2442,"play_id":"7469eb3d-f94d-4dc0-92ed-0f34e3a734ea","local_time":"20210215054733","is_ascension_mode":true,"campfire_choices":[{"data":"Blood for Blood","floor":8,"key":"SMITH"},{"data":"Dark Embrace","floor":11,"key":"SMITH"},{"data":"Whirlwind","floor":13,"key":"SMITH"},{"floor":15,"key":"REST"},{"data":"Inflame","floor":23,"key":"SMITH"},{"data":"Feel No Pain","floor":30,"key":"SMITH"},{"floor":32,"key":"RECALL"},{"floor":40,"key":"REST"},{"data":"1","floor":44,"key":"LIFT"},{"data":"Blade Dance","floor":47,"key":"SMITH"},{"data":"Infinite Blades","floor":49,"key":"SMITH"},{"data":"Limit Break","floor":53,"key":"SMITH"}],"circlet_count":0,"master_deck":["AscendersBane","Whirlwind+1","Flex","Inflame+1","Offering","Headbutt","Panache","Rage","Dual Wield","Feel No Pain+1","Blood for Blood+1","Offering","Anger","hubris:CleavingFinish","Anger","Offering","Hemokinesis","Flex","True Grit+1","Anger","Limit Break+1","Cloak And Dagger","Blade Dance+1","Endless Agony","Escape Plan","Infinite Blades+1","Blade Dance+1","Body Slam+1","Shrug It Off+1"],"relics":["Black Blood","HandDrill","TungstenRod","halation:Sosunser","aspiration:ChemicalBlood","Prayer Wheel","hubris:TenFootPole","Vajra","halation:IllGainedPizza","hubris:SphereOfDissonance","CaptainsWheel","HornCleat","Question Card","halation:LettersToHer","Pear","hubris:Towel","aspiration:SilentSkillbook","Girya","Shuriken","halation:AfternoonTea","Mercury Hourglass","halation:PinkSoulGem","Oddly Smooth Stone"],"acts_visited":["Exordium","TheCity","TheBeyond","TheEnding"],"potions_floor_usage":[6,10,18,35,37,39,41,41,42,46,50,50,51,51,55,55,55,56,56,56],"damage_taken":[{"damage":5,"enemies":"Cultist","floor":1,"turns":2},{"damage":5,"enemies":"Small Slimes","floor":2,"turns":2},{"damage":6,"enemies":"2 Louse","floor":3,"turns":2},{"damage":5,"enemies":"2 Fungi Beasts","floor":4,"turns":3},{"damage":0,"enemies":"3 Louse","floor":5,"turns":1},{"damage":28,"enemies":"3 Sentries","floor":6,"turns":3},{"damage":5,"enemies":"Exordium Wildlife","floor":7,"turns":2},{"damage":12,"enemies":"Large Slime","floor":10,"turns":3},{"damage":5,"enemies":"2 Fungi Beasts","floor":14,"turns":1},{"damage":10,"enemies":"Slime Boss","floor":16,"turns":3},{"damage":5,"enemies":"Chosen","floor":18,"turns":3},{"damage":10,"enemies":"3 Byrds","floor":19,"turns":3},{"damage":8,"enemies":"Snake Plant","floor":21,"turns":3},{"damage":8,"enemies":"Cultist and Chosen","floor":22,"turns":4},{"damage":9,"enemies":"Book of Stabbing","floor":24,"turns":4},{"damage":15,"enemies":"Slavers","floor":27,"turns":1},{"damage":9,"enemies":"Centurion and Healer","floor":31,"turns":3},{"damage":32,"enemies":"hubris:MusketHawk","floor":33,"turns":4},{"damage":14,"enemies":"3 Shapes","floor":35,"turns":2},{"damage":13,"enemies":"Orb Walker","floor":36,"turns":2},{"damage":23,"enemies":"2 Orb Walkers","floor":37,"turns":3},{"damage":35,"enemies":"Jaw Worm Horde","floor":39,"turns":3},{"damage":24,"enemies":"Sphere and 2 Shapes","floor":41,"turns":3},{"damage":38,"enemies":"Nemesis","floor":42,"turns":5},{"damage":16,"enemies":"Maw","floor":46,"turns":4},{"damage":45,"enemies":"Awakened One","floor":50,"turns":5},{"damage":15,"enemies":"Donu and Deca","floor":51,"turns":4},{"damage":36,"enemies":"Shield and Spear","floor":55,"turns":3},{"damage":50,"enemies":"The Heart","floor":56,"turns":3}],"seed_played":"7970744321284433341","potions_obtained":[{"floor":1,"key":"blueLaboratory:SavagePotion"},{"floor":10,"key":"SteroidPotion"},{"floor":14,"key":"blueLaboratory:RememoryPotion"},{"floor":24,"key":"blueLaboratory:LouseDecoction"},{"floor":39,"key":"blueLaboratory:FrostheartPotion"},{"floor":41,"key":"blueLaboratory:IronCompound"},{"floor":41,"key":"Energy Potion"}],"is_trial":false,"path_per_floor":["M","M","M","M","M","E","M","R","T","M","R","T","R","M","R","B",null,"M","M","?","M","M","R","E","$","T","E","?","?","R","M","R","B",null,"M","M","?","?","M","R","M","E","T","R","$","M","R","?","R","B","B",null,"R","$","E","B"],"character_chosen":"IRONCLAD","items_purchased":["HandDrill","Whirlwind","Flex","Inflame","Fire Potion","TungstenRod","Offering","Headbutt","halation:Sosunser","aspiration:ChemicalBlood","Prayer Wheel","hubris:TenFootPole","Panache","Twin Strike","Dark Embrace","Rage","Vajra","halation:IllGainedPizza","halation:LettersToHer","Anger","Intimidate","Mercury Hourglass","Sadistic Nature","blueLaboratory:PhilterOfMotion"],"campfire_rested":2,"item_purchase_floors":[0,0,0,0,0,0,0,0,0,0,0,0,0,0,0,0,0,0,25,25,25,45,45,54],"current_hp_per_floor":[69,70,70,71,75,53,54,54,54,48,48,48,48,49,71,67,73,75,75,75,75,75,75,75,75,75,82,82,82,82,85,85,65,80,78,77,66,66,43,68,56,75,75,75,75,71,71,71,71,38,35,65,65,65,46,0,0],"gold":95,"neow_bonus":"","is_daily":false,"chose_seed":false,"campfire_upgraded":8,"win_rate":0.0,"timestamp":1613386053,"path_taken":["M","?","M","M","M","E","M","R","T","M","R","?","R","?","R","BOSS","M","M","?","M","M","R","E","$","T","E","?","?","R","M","R","BOSS","M","M","?","?","M","R","M","E","T","R","$","M","R","?","R","BOSS","BOSS","R","$","E","BOSS"],"items_purchased_type":["Relic","Card","Card","Card","Potion","Relic","Card","Card","Relic","Relic","Relic","Relic","Card","Card","Card","Card","Relic","Relic","Relic","Card","Card","Relic","Card","Potion"],"build_version":"2020-12-22","purchased_purges":19,"victory":false,"max_hp_per_floor":[75,75,75,75,75,75,75,75,75,75,75,75,75,75,75,75,75,75,75,75,75,75,75,75,75,75,85,85,85,85,85,85,85,85,85,85,85,85,85,85,85,75,75,75,75,75,75,75,75,75,75,75,75,75,80,80,80],"card_choices":[{"not_picked":["Rage","Second Wind"],"picked":"Dual Wield","floor":1},{"not_picked":["Thunderclap","Rage"],"picked":"Iron Wave","floor":1},{"not_picked":["Thunderclap","Dark Embrace"],"picked":"Feel No Pain","floor":2},{"not_picked":["Clash","Power Through","Shrug It Off"],"picked":"SKIP","floor":2},{"not_picked":["Sword Boomerang","Burning Pact"],"picked":"Blood for Blood","floor":3},{"not_picked":["Flex","Heavy Blade"],"picked":"Offering","floor":3},{"not_picked":["Headbutt","Blood for Blood"],"picked":"Anger","floor":4},{"not_picked":["Battle Trance","hubris:CleavingFinish","Headbutt"],"picked":"SKIP","floor":4},{"not_picked":["Heavy Blade","Perfected Strike","Rage"],"picked":"SKIP","floor":5},{"not_picked":["Whirlwind","Havoc","Burning Pact"],"picked":"SKIP","floor":5},{"not_picked":["Wild Strike","Rampage","Fiend Fire"],"picked":"SKIP","floor":6},{"not_picked":["Metallicize","Warcry"],"picked":"hubris:CleavingFinish","floor":7},{"not_picked":["Clothesline","Disarm","Heavy Blade"],"picked":"SKIP","floor":7},{"not_picked":["Shrug It Off","Burning Pact"],"picked":"Body Slam","floor":10},{"not_picked":["Thunderclap","True Grit"],"picked":"Anger","floor":10},{"not_picked":["Clash","Sever Soul"],"picked":"Iron Wave","floor":14},{"not_picked":["Clothesline","True Grit","hubris:ReadiedAction"],"picked":"SKIP","floor":14},{"not_picked":["Exhume","Immolate"],"picked":"Offering","floor":16},{"not_picked":["Iron Wave","Armaments"],"picked":"Hemokinesis","floor":18},{"not_picked":["Body Slam","Dropkick","hubris:CleavingFinish"],"picked":"SKIP","floor":18},{"not_picked":["Heavy Blade","Rampage","Cleave"],"picked":"SKIP","floor":19},{"not_picked":["Headbutt","Warcry","Perfected Strike"],"picked":"SKIP","floor":19},{"not_picked":["Wild Strike","Sword Boomerang"],"picked":"Thunderclap+1","floor":21},{"not_picked":["Thunderclap","Heavy Blade","Wild Strike"],"picked":"SKIP","floor":21},{"not_picked":["Rampage","Cleave","Perfected Strike"],"picked":"SKIP","floor":22},{"not_picked":["Headbutt","Thunderclap","hubris:ReadiedAction"],"picked":"SKIP","floor":22},{"not_picked":["Body Slam","Battle Trance"],"picked":"True Grit+1","floor":24},{"not_picked":["Corruption","Shrug It Off+1","Thunderclap"],"picked":"Shockwave+1","floor":27},{"not_picked":["Uppercut","hubris:CleavingFinish+1","Clash"],"picked":"Seeing Red","floor":31},{"not_picked":["Shrug It Off","Flame Barrier","Warcry","Wild Strike+1"],"picked":"SKIP","floor":31},{"not_picked":["Feed","Reaper","Immolate"],"picked":"Limit Break","floor":33},{"not_picked":["Heavy Blade","Outmaneuver","Phantasmal Killer","True Grit"],"picked":"Cloak And Dagger","floor":35},{"not_picked":["Calculated Gamble","hubris:ReadiedAction","Tactician","Seeing Red"],"picked":"Blade Dance","floor":35},{"not_picked":["Prepared","Noxious Fumes","Masterful Stab","Reckless Charge"],"picked":"Endless Agony","floor":36},{"not_picked":["Entrench+1","Demon Form","Crippling Poison","Acrobatics","hubris:SlightOfHand+1"],"picked":"SKIP","floor":36},{"not_picked":["Seeing Red","Deflect","Hemokinesis","Clash","Dropkick"],"picked":"SKIP","floor":39},{"not_picked":["Shockwave","Flex+1","Twin Strike+1","Impervious","Deflect"],"picked":"SKIP","floor":39},{"not_picked":["Twin Strike","True Grit","Underhanded Strike","Clothesline"],"picked":"Escape Plan","floor":41},{"not_picked":["Deflect","hubris:SharpeningStone","Thunderclap","Warcry","Clothesline"],"picked":"SKIP","floor":41},{"not_picked":["Reaper","Warcry+1","Choke","Deflect"],"picked":"Infinite Blades","floor":42},{"not_picked":["Crippling Poison","Infernal Blade+1","Prepared","Clash"],"picked":"Blade Dance+1","floor":46},{"not_picked":["Accuracy","Cloak And Dagger","Warcry","hubris:ReadiedAction"],"picked":"Body Slam+1","floor":46},{"not_picked":["Armaments+1","Body Slam","Sword Boomerang","PiercingWail"],"picked":"Shrug It Off+1","floor":55}],"player_experience":1025806,"relics_obtained":[{"floor":6,"key":"hubris:SphereOfDissonance"},{"floor":9,"key":"CaptainsWheel"},{"floor":12,"key":"HornCleat"},{"floor":24,"key":"Question Card"},{"floor":26,"key":"halation:LettersToHer"},{"floor":27,"key":"Pear"},{"floor":37,"key":"Girya"},{"floor":42,"key":"Shuriken"},{"floor":43,"key":"halation:LettersToHer"},{"floor":43,"key":"halation:AfternoonTea"},{"floor":55,"key":"Oddly Smooth Stone"}],"event_choices":[{"damage_healed":0,"gold_gain":0,"cards_transformed":["Strike_R","Strike_R"],"player_choice":"Became Test Subject","damage_taken":0,"max_hp_gain":0,"max_hp_loss":0,"event_name":"Drug Dealer","floor":20,"gold_loss":0,"cards_obtained":["Rampage","Flex"]},{"damage_healed":0,"gold_gain":0,"player_choice":"Ignored","damage_taken":0,"max_hp_gain":0,"max_hp_loss":0,"event_name":"Vampires","floor":29,"gold_loss":0},{"damage_healed":0,"gold_gain":0,"player_choice":"Fight","damage_taken":0,"max_hp_gain":0,"max_hp_loss":0,"event_name":"Mysterious Sphere","floor":37,"gold_loss":0}],"is_beta":false,"boss_relics":[{"not_picked":["Pandora\u0027s Box","SlaversCollar"],"picked":"Black Blood"},{"not_picked":["Cursed Key","Black Star"],"picked":"aspiration:SilentSkillbook"}],"items_purged_floors":[0,25,25,25,25,25,25,25,25,45,45,45,45,45,45,45,54,54,54],"is_endless":false,"potions_floor_spawned":[1,6,14,16,19,22,24,27,33,36,39],"killed_by":"The Heart","ascension_level":20}}