{"host":"06h77atpgiec8kbk","time":1613369672,"event":{"mods":["Act Like it!","Arknights","Aspiration","Bard","BaseMod","Bossed Relics","Colored Powertips","Downfall","Energized Spire","Hermit","Marisa£®ÏF”Í°°ƒß¿Ì…≥£©","Minty Spire (QoL Compilation)","Quick Restart","Reimu£®≤©¿ˆ¡È√Œ£©","Relic Stats","Reliquary","Replay The Spire","StSLib","The Construct","The Cursed","The Gatherer","The Hierophant","The Runesmith","[GremlinLeader]The Maniac"],"gold_per_floor":[349,366,382,382,382,482,509,509,118,118,150,160,174,190,208,208,208,208],"floor_reached":16,"language":"ZHS","playtime":745,"items_purged":[],"score":112,"play_id":"ce17d1e5-26a5-48e3-b7da-d452378d90bd","local_time":"20210215141432","is_ascension_mode":true,"campfire_choices":[{"floor":1,"key":"RECALL"}],"circlet_count":0,"master_deck":["sneckomod:Strike","sneckomod:Strike","sneckomod:Defend","sneckomod:Defend","sneckomod:Defend","sneckomod:TailWhip","sneckomod:SnekBite","sneckomod:Unknown","sneckomod:QuickBite","MysteriousBeam","sneckomod:UnknownDraw","sneckomod:DangerNoodle","Voices","sneckomod:UnknownVulnerable+1","sneckomod:DiceCrush","sneckomod:UnknownStrike+1","sneckomod:UnknownRareAttack+1"],"relics":["sneckomod:SneckoSoul","sneckomod:UnknownEgg","ReplayTheSpireMod:Ring of Addiction","White Beast Statue","SacredBark","Replay:Rubber Ducky"],"acts_visited":["Exordium"],"potions_floor_usage":[9,12,13,13,16,16],"damage_taken":[{"damage":20,"enemies":"Jaw Worm","floor":2,"turns":5},{"damage":2,"enemies":"ats:Genji","floor":3,"turns":3},{"damage":5,"enemies":"downfall:FleeingMerchant","floor":9,"turns":4},{"damage":6,"enemies":"Replay:BlueRogue","floor":11,"turns":2},{"damage":0,"enemies":"Small Slimes","floor":12,"turns":2},{"damage":9,"enemies":"2 Fungi Beasts","floor":13,"turns":2},{"damage":10,"enemies":"Blue Slaver","floor":14,"turns":2},{"damage":5,"enemies":"Large Slime","floor":15,"turns":3},{"damage":0,"enemies":"WA_ARCHETYPE_RETAIN","floor":16,"turns":2}],"seed_played":"5817695294277907264","potions_obtained":[{"floor":2,"key":"Reflective Coating"},{"floor":10,"key":"Doom Potion"},{"floor":10,"key":"Dexterity Potion"},{"floor":10,"key":"DistilledChaos"},{"floor":11,"key":"Block Potion"},{"floor":12,"key":"sneckomod:DiceRollPotion"},{"floor":13,"key":"Dexterity Potion"},{"floor":14,"key":"Doom Potion"},{"floor":15,"key":"SkillPotion"}],"is_trial":false,"path_per_floor":["R","M","M","?","?","?","T","R","$","?","E","M","M","M","M","B"],"character_chosen":"THE_SNECKO","items_purchased":["sneckomod:UnknownEgg","sneckomod:DangerNoodle"],"campfire_rested":0,"item_purchase_floors":[9,9],"current_hp_per_floor":[63,53,51,51,51,51,51,51,46,46,40,40,31,21,16,16,16,16],"gold":208,"neow_bonus":"TWO_FIFTY_GOLD","is_daily":false,"chose_seed":false,"campfire_upgraded":0,"win_rate":0.0,"timestamp":1613369672,"path_taken":["R","M","M","?","?","?","T","R","?","?","E","?","M","M","M","BOSS"],"items_purchased_type":["Relic","Card"],"build_version":"2020-12-22","purchased_purges":0,"victory":false,"max_hp_per_floor":[90,90,90,90,90,90,90,90,90,90,90,90,90,90,90,90,90,90],"relic_stats":{"counters":[9,25],"obtain_stats":[{"sneckomod:UnknownEgg":9,"ReplayTheSpireMod:Ring of Addiction":10,"SacredBark":10,"sneckomod:SneckoSoul":0,"White Beast Statue":10,"Replay:Rubber Ducky":11},{"sneckomod:UnknownEgg":3,"ReplayTheSpireMod:Ring of Addiction":3,"SacredBark":3,"sneckomod:SneckoSoul":0,"White Beast Statue":3,"Replay:Rubber Ducky":4},{"sneckomod:UnknownEgg":12,"ReplayTheSpireMod:Ring of Addiction":12,"SacredBark":12,"sneckomod:SneckoSoul":0,"White Beast Statue":12,"Replay:Rubber Ducky":14}]},"card_choices":[{"not_picked":["sneckomod:Unknown2Cost","sneckomod:SoulRoll"],"picked":"sneckomod:QuickBite","floor":2},{"not_picked":["sneckomod:UnknownCommonSkill","sneckomod:DiceCrush","sneckomod:SerpentIdol"],"picked":"SKIP","floor":3},{"not_picked":["sneckomod:QuickMove","sneckomod:UnknownBlock"],"picked":"sneckomod:UnknownDraw","floor":9},{"not_picked":["sneckomod:SoulCleanse","sneckomod:UnknownX+1","sneckomod:DefensiveFlair"],"picked":"SKIP","floor":11},{"not_picked":["sneckomod:IronFang","sneckomod:DiceBlock"],"picked":"sneckomod:UnknownVulnerable+1","floor":12},{"not_picked":["sneckomod:QuickBite","sneckomod:QuickMove"],"picked":"sneckomod:DiceCrush","floor":13},{"not_picked":["sneckomod:SerpentIdol","sneckomod:PureSnecko"],"picked":"sneckomod:UnknownStrike+1","floor":14},{"not_picked":["sneckomod:Unknown2Cost+1","sneckomod:RainOfDice"],"picked":"sneckomod:UnknownRareAttack+1","floor":15}],"player_experience":855866,"relics_obtained":[{"floor":10,"key":"ReplayTheSpireMod:Ring of Addiction"},{"floor":10,"key":"White Beast Statue"},{"floor":10,"key":"SacredBark"},{"floor":11,"key":"Replay:Rubber Ducky"}],"event_choices":[],"is_beta":false,"boss_relics":[],"items_purged_floors":[],"is_endless":false,"potions_floor_spawned":[2,11,12,13,14,15],"killed_by":"WA_ARCHETYPE_RETAIN","ascension_level":2}}