{"host":"1focbxb2e8qu7ccd","time":1613365201,"event":{"mods":["AchievementEnabler","BaseMod","Bestiary","Highlight Path","Minty Spire (QoL Compilation)","Relic Stats"],"gold_per_floor":[115,133,151,168,183,183,215,215,241,253,263,25,60,5,5,84,134,153,170,188,188,188,188,188,188],"floor_reached":24,"language":"ENG","playtime":1731,"items_purged":["Strike_G"],"score":424,"play_id":"4a738de7-53a2-4086-9682-c78d9ebbf01e","local_time":"20210215000001","is_ascension_mode":true,"campfire_choices":[{"data":"Footwork","floor":6.0,"key":"SMITH"},{"floor":8.0,"key":"REST"},{"data":"Accuracy","floor":15.0,"key":"SMITH"},{"floor":23,"key":"REST"}],"circlet_count":0,"master_deck":["AscendersBane","Strike_G","Strike_G","Strike_G","Strike_G","Defend_G","Defend_G","Defend_G","Defend_G","Defend_G","Survivor","Neutralize","Footwork+1","Blade Dance","Flying Knee","Blade Dance","Dagger Throw+1","After Image","Prepared","Footwork","Accuracy+1","A Thousand Cuts","Prepared","Concentrate+1"],"relics":["Ring of the Snake","Shovel","Gremlin Horn","PreservedInsect","Centennial Puzzle","Tiny House"],"acts_visited":["Exordium","TheCity"],"potions_floor_usage":[21],"damage_taken":[{"damage":1.0,"enemies":"Cultist","floor":1.0,"turns":4.0},{"damage":0.0,"enemies":"Small Slimes","floor":2.0,"turns":4.0},{"damage":0.0,"enemies":"Jaw Worm","floor":3.0,"turns":6.0},{"damage":6.0,"enemies":"Lots of Slimes","floor":4.0,"turns":3.0},{"damage":19.0,"enemies":"Large Slime","floor":5.0,"turns":10.0},{"damage":14.0,"enemies":"3 Sentries","floor":7.0,"turns":8.0},{"damage":0.0,"enemies":"2 Fungi Beasts","floor":10.0,"turns":3.0},{"damage":0.0,"enemies":"Gremlin Gang","floor":11.0,"turns":3.0},{"damage":6.0,"enemies":"Lagavulin","floor":13.0,"turns":7.0},{"damage":6.0,"enemies":"Hexaghost","floor":16.0,"turns":8.0},{"damage":15.0,"enemies":"Chosen","floor":18.0,"turns":8.0},{"damage":5.0,"enemies":"3 Byrds","floor":19.0,"turns":3.0},{"damage":7.0,"enemies":"Snecko","floor":20.0,"turns":5.0},{"damage":0,"enemies":"Shelled Parasite and Fungi","floor":21,"turns":1},{"damage":35,"enemies":"Snake Plant","floor":24,"turns":6}],"seed_played":"-2539216478246011258","potions_obtained":[{"floor":3.0,"key":"SteroidPotion"},{"floor":5.0,"key":"Explosive Potion"},{"floor":10.0,"key":"Ancient Potion"},{"floor":16.0,"key":"LiquidMemories"},{"floor":20.0,"key":"SmokeBomb"}],"is_trial":false,"path_per_floor":["M","M","M","M","M","R","E","R","T","M","M","$","E","$","R","B",null,"M","M","M","M","?","R","M"],"character_chosen":"THE_SILENT","items_purchased":["Footwork","CunningPotion","BlessingOfTheForge"],"campfire_rested":2,"item_purchase_floors":[12,12,14],"current_hp_per_floor":[43,43,43,37,18,18,4,23,23,23,23,23,17,17,17,11,57,42,37,30,30,10,32,0,0],"gold":188,"neow_bonus":"ONE_RARE_RELIC","is_daily":false,"chose_seed":false,"campfire_upgraded":2,"win_rate":0.0,"timestamp":1613365201,"path_taken":["M","M","?","M","M","R","E","R","T","M","M","$","E","$","R","BOSS","M","?","?","M","?","R","M"],"items_purchased_type":["Card","Potion","Potion"],"build_version":"2020-12-22","purchased_purges":1,"victory":false,"max_hp_per_floor":[66,66,66,66,66,66,66,66,66,66,66,66,66,66,66,66,71,71,71,71,71,76,76,76,76],"relic_stats":{"Centennial Puzzle":[15],"Shovel":0,"Gremlin Horn":[6,6],"counters":[15,79],"PreservedInsect":28,"obtain_stats":[{"Centennial Puzzle":13,"Shovel":0,"Tiny House":17,"Gremlin Horn":7,"PreservedInsect":9,"Ring of the Snake":0},{"Centennial Puzzle":9,"Shovel":0,"Tiny House":10,"Gremlin Horn":6,"PreservedInsect":6,"Ring of the Snake":0},{"Centennial Puzzle":48,"Shovel":0,"Tiny House":56,"Gremlin Horn":35,"PreservedInsect":35,"Ring of the Snake":0}],"Ring of the Snake":[30]},"card_choices":[{"not_picked":["Deflect","Poisoned Stab"],"picked":"Footwork","floor":1.0},{"not_picked":["Cloak And Dagger","Acrobatics"],"picked":"Blade Dance","floor":2.0},{"not_picked":["Prepared","Expertise","Bane"],"picked":"SKIP","floor":3.0},{"not_picked":["Sucker Punch","Underhanded Strike"],"picked":"Flying Knee","floor":4.0},{"not_picked":["Noxious Fumes","Choke"],"picked":"Blade Dance","floor":5.0},{"not_picked":["PiercingWail","Sucker Punch"],"picked":"Dagger Throw","floor":7.0},{"not_picked":["Cloak And Dagger","Flying Knee"],"picked":"After Image","floor":10.0},{"not_picked":["Noxious Fumes","Quick Slash"],"picked":"Prepared","floor":11.0},{"not_picked":["Deadly Poison","Leg Sweep"],"picked":"Accuracy","floor":13.0},{"not_picked":["Storm of Steel","Burst"],"picked":"A Thousand Cuts","floor":16.0},{"not_picked":["Reflex","Dagger Throw"],"picked":"Prepared","floor":17.0},{"not_picked":["Quick Slash+1","Deflect","Sucker Punch"],"picked":"SKIP","floor":18.0},{"not_picked":["Poisoned Stab","Well Laid Plans","Sucker Punch+1"],"picked":"SKIP","floor":19.0},{"not_picked":["Skewer","Flechettes"],"picked":"Concentrate+1","floor":20.0}],"player_experience":965035,"relics_obtained":[{"floor":7.0,"key":"Gremlin Horn"},{"floor":9.0,"key":"PreservedInsect"},{"floor":13.0,"key":"Centennial Puzzle"}],"event_choices":[{"damage_healed":0,"gold_gain":0,"player_choice":"Shed Blood","damage_taken":25,"max_hp_gain":5,"max_hp_loss":0,"event_name":"Forgotten Altar","floor":22,"gold_loss":0}],"is_beta":false,"boss_relics":[{"not_picked":["Snecko Eye","Busted Crown"],"picked":"Tiny House"}],"items_purged_floors":[12],"is_endless":false,"potions_floor_spawned":[3,5,10,16,20,21],"killed_by":"Snake Plant","ascension_level":20}}