{"host":"kxz5izodaorfb9am","time":1613392502,"event":{"mods":["BaseMod","GifTheSpireLib","Minty Spire (QoL Compilation)","Shop Mod","StSLib"],"gold_per_floor":[117,49,49,65,65,99,125,125,125,125,144,170,183,197,197,292,292,302,322,334,30,30,30,40,40,40],"floor_reached":25,"language":"ENG","playtime":1360,"items_purged":["Strike_B"],"score":368,"play_id":"a5451b1d-f901-4256-b909-98cd7c67b672","local_time":"20210215133502","is_ascension_mode":true,"campfire_choices":[{"data":"Capacitor","floor":8,"key":"SMITH"},{"data":"Dualcast","floor":10,"key":"SMITH"},{"data":"Glacier","floor":15,"key":"SMITH"},{"data":"Fission","floor":23,"key":"SMITH"}],"circlet_count":0,"master_deck":["Strike_B","Strike_B","Strike_B","Defend_B","Defend_B","Defend_B","Defend_B","Zap","Dualcast+1","Coolheaded","Capacitor+1","Cold Snap","Leap","Glacier+1","Doom and Gloom","Melter","Fission+1","Coolheaded","Barrage","Defragment","Barrage","Go for the Eyes","Barrage","Ball Lightning"],"relics":["Cracked Core","NeowsBlessing","The Courier","Oddly Smooth Stone","InkBottle","Kunai","Runic Dome"],"acts_visited":["Exordium","TheCity"],"potions_floor_usage":[12,16,16,24],"damage_taken":[{"damage":0,"enemies":"Small Slimes","floor":1,"turns":1},{"damage":0,"enemies":"Cultist","floor":4,"turns":1},{"damage":0,"enemies":"3 Sentries","floor":6,"turns":1},{"damage":0,"enemies":"Jaw Worm","floor":11,"turns":4},{"damage":0,"enemies":"Lagavulin","floor":12,"turns":6},{"damage":12,"enemies":"Lots of Slimes","floor":13,"turns":2},{"damage":0,"enemies":"Large Slime","floor":14,"turns":6},{"damage":18,"enemies":"Hexaghost","floor":16,"turns":12},{"damage":1,"enemies":"Shell Parasite","floor":18,"turns":6},{"damage":25,"enemies":"3 Byrds","floor":19,"turns":9},{"damage":12,"enemies":"Centurion and Healer","floor":20,"turns":9},{"damage":10,"enemies":"Chosen and Byrds","floor":24,"turns":6},{"damage":0,"enemies":"Slavers","floor":25,"turns":1}],"seed_played":"4085985605379339583","potions_obtained":[{"floor":1,"key":"Weak Potion"},{"floor":3,"key":"EssenceOfDarkness"},{"floor":3,"key":"GamblersBrew"},{"floor":12,"key":"Regen Potion"}],"is_trial":false,"path_per_floor":["M","$","?","M","$","E","T","R","T","R","M","E","M","M","R","B",null,"M","M","M","$","?","R","M","E"],"character_chosen":"DEFECT","items_purchased":["Capacitor","Defragment","LiquidMemories","Barrage","Go for the Eyes","Barrage"],"campfire_rested":0,"item_purchase_floors":[2,21,21,21,21,21],"current_hp_per_floor":[68,68,68,68,68,68,68,68,68,68,68,68,56,56,56,53,70,69,44,32,32,32,32,22,22,22],"gold":40,"neow_bonus":"THREE_ENEMY_KILL","is_daily":false,"chose_seed":false,"campfire_upgraded":4,"win_rate":0.0,"timestamp":1613392502,"path_taken":["M","$","?","?","?","E","?","R","T","R","M","E","M","M","R","BOSS","M","?","M","$","?","R","M","E"],"items_purchased_type":["Card","Card","Potion","Card","Card","Card"],"build_version":"2020-12-22","purchased_purges":1,"victory":false,"max_hp_per_floor":[75,75,75,75,75,75,75,75,75,75,75,75,75,75,75,75,75,75,75,75,75,75,75,75,75,75],"card_choices":[{"not_picked":["Tempest","Auto Shields"],"picked":"Coolheaded","floor":1},{"not_picked":["Sweeping Beam","Steam"],"picked":"Cold Snap","floor":4},{"not_picked":["Hyperbeam","Stack"],"picked":"Leap","floor":6},{"not_picked":["Leap","Gash"],"picked":"Glacier","floor":11},{"not_picked":["FTL","Amplify"],"picked":"Doom and Gloom","floor":12},{"not_picked":["Force Field","Undo"],"picked":"Melter","floor":13},{"not_picked":["Cold Snap","Compile Driver","Reprogram"],"picked":"SKIP","floor":14},{"not_picked":["Thunder Strike","Echo Form"],"picked":"Fission","floor":16},{"not_picked":["Turbo","Beam Cell+1"],"picked":"Coolheaded","floor":18},{"not_picked":["Undo+1","Lockon+1","Beam Cell+1"],"picked":"SKIP","floor":19},{"not_picked":["Cold Snap","Static Discharge"],"picked":"Barrage","floor":20},{"not_picked":["Reprogram+1","Streamline+1"],"picked":"Ball Lightning","floor":24}],"player_experience":324482,"relics_obtained":[{"floor":6,"key":"The Courier"},{"floor":7,"key":"Oddly Smooth Stone"},{"floor":9,"key":"InkBottle"},{"floor":12,"key":"Kunai"}],"event_choices":[{"damage_healed":0,"gold_gain":0,"player_choice":"Got Potions","damage_taken":0,"max_hp_gain":0,"max_hp_loss":0,"event_name":"Lab","floor":3,"gold_loss":0},{"damage_healed":0,"gold_gain":0,"player_choice":"Ignored","damage_taken":0,"max_hp_gain":0,"max_hp_loss":0,"event_name":"Cursed Tome","floor":22,"gold_loss":0}],"is_beta":false,"boss_relics":[{"not_picked":["Calling Bell","Fusion Hammer"],"picked":"Runic Dome"}],"items_purged_floors":[21],"is_endless":false,"potions_floor_spawned":[1,4,12,13],"killed_by":"Slavers","ascension_level":8}}