{"host":"mulvwr6fzlda1d2f","time":1613408129,"event":{"mods":["BaseMod","BetterRewards","Hermit","Marisa????????","Minty Spire (QoL Compilation)","Quick Restart","Remove Card Discount Mod","Replay The Spire","StSLib","The Bladedancer","The Runesmith","egg"],"gold_per_floor":[111,24,44,64,79,79,89,120,120,120,135,135,163,173,173,173,173],"floor_reached":16,"language":"ENG","playtime":29240,"items_purged":["Strike_B","Strike_B","Strike_B","Strike_B"],"score":114,"play_id":"1e77bbac-dfe7-43bf-a456-f98811a9b6e2","local_time":"20210215085529","is_ascension_mode":false,"campfire_choices":[{"data":"Dualcast","floor":6,"key":"SMITH"},{"floor":10,"key":"RECALL"},{"data":"Beam Cell","floor":12,"key":"SMITH"},{"floor":15,"key":"DIG"}],"circlet_count":0,"master_deck":["Defend_B","Defend_B","Defend_B","Zap","Dualcast+1","Scrape","BootSequence","FTL","Beam Cell+1","Gash","Compile Driver"],"relics":["Cracked Core","Lizard Tail","Mummified Hand","Blue Doll","Calipers"],"acts_visited":["Exordium"],"potions_floor_usage":[8],"damage_taken":[{"damage":6,"enemies":"Cultist","floor":1,"turns":3},{"damage":0,"enemies":"Jaw Worm","floor":3,"turns":2},{"damage":0,"enemies":"2 Louse","floor":4,"turns":2},{"damage":1,"enemies":"Large Slime","floor":5,"turns":3},{"damage":5,"enemies":"Exordium Thugs","floor":7,"turns":4},{"damage":4,"enemies":"Gremlin Nob","floor":8,"turns":3},{"damage":1,"enemies":"Lots of Slimes","floor":11,"turns":2},{"damage":21,"enemies":"3 Sentries","floor":13,"turns":5},{"damage":0,"enemies":"2 Fungi Beasts","floor":14,"turns":2},{"damage":25,"enemies":"The Guardian","floor":16,"turns":6}],"seed_played":"5246412350057043055","potions_obtained":[{"floor":4,"key":"SkillPotion"},{"floor":5,"key":"EssenceOfDarkness"},{"floor":11,"key":"Fire Potion"}],"is_trial":false,"path_per_floor":["M","$","M","M","M","R","M","E","T","R","M","R","E","M","R","B"],"character_chosen":"DEFECT","items_purchased":["Scrape","BootSequence","FTL"],"campfire_rested":0,"item_purchase_floors":[0,0,2],"current_hp_per_floor":[69,69,69,69,68,68,63,59,59,59,58,58,37,37,37,12,12],"gold":173,"neow_bonus":"","is_daily":false,"chose_seed":false,"campfire_upgraded":2,"win_rate":0.0,"timestamp":1613408129,"path_taken":["M","$","?","M","M","R","M","E","T","R","M","R","E","M","R","BOSS"],"items_purchased_type":["Card","Card","Card"],"build_version":"2020-12-22","purchased_purges":4,"victory":false,"max_hp_per_floor":[75,75,75,75,75,75,75,75,75,75,75,75,75,75,75,75,75],"card_choices":[{"not_picked":["Stack","Streamline","Glacier"],"picked":"SKIP","floor":1},{"not_picked":["Conserve Battery","Turbo","Panic Button"],"picked":"SKIP","floor":3},{"not_picked":["Barrage","Meteor Strike"],"picked":"Beam Cell","floor":4},{"not_picked":["Barrage","Streamline","Ball Lightning"],"picked":"SKIP","floor":5},{"not_picked":["BasicCrystalCard","FIFO Queue","Chaos"],"picked":"SKIP","floor":7},{"not_picked":["Heatsinks","Reinforced Body","Turbo"],"picked":"SKIP","floor":8},{"not_picked":["Hologram","Barrage"],"picked":"Gash","floor":11},{"not_picked":["Heatsinks","Sweeping Beam","Hologram"],"picked":"SKIP","floor":13},{"not_picked":["Conserve Battery","Rebound"],"picked":"Compile Driver","floor":14}],"player_experience":256077,"relics_obtained":[{"floor":8,"key":"Mummified Hand"},{"floor":13,"key":"Blue Doll"},{"floor":15,"key":"Calipers"}],"event_choices":[],"is_beta":false,"boss_relics":[],"items_purged_floors":[2,2,2,2],"is_endless":false,"potions_floor_spawned":[4,5,11],"killed_by":"The Guardian","ascension_level":0}}