{"host":"3c8x8j1h2jyrixpf","time":1613423298,"event":{"mods":["BaseMod","Colored Powertips","Highlight Path","Minty Spire (QoL Compilation)","StSLib"],"gold_per_floor":[119,133,133,133,18,18,41,79,134,158,194,269,269,289,289,413,413,413,413,368,368,38,38,38,38,38,38,38,38,38,38,38,38,38,38,38,38,38,38,38,38,38,38,38,38,38,38,38,38,38,38,38,38,38,38],"floor_reached":54,"language":"ENG","playtime":2790,"items_purged":["Strike_G","Strike_G"],"score":1177,"play_id":"a7299d1a-5f56-4d71-990e-c2846b3eebd8","local_time":"20210215150818","is_ascension_mode":true,"campfire_choices":[{"data":"Noxious Fumes","floor":6,"key":"SMITH"},{"floor":13,"key":"REST"},{"data":"Crippling Poison","floor":15,"key":"SMITH"},{"data":"After Image","floor":23,"key":"SMITH"},{"floor":25,"key":"REST"},{"data":"Footwork","floor":28,"key":"SMITH"},{"data":"Footwork","floor":32,"key":"SMITH"},{"floor":40,"key":"RECALL"},{"floor":44,"key":"REST"},{"floor":49,"key":"REST"},{"data":"A Thousand Cuts","floor":52,"key":"SMITH"}],"circlet_count":0,"master_deck":["AscendersBane","Strike_G","Defend_G","Defend_G","Defend_G","Defend_G","Defend_G","Survivor","Neutralize","Blade Dance","All Out Attack","Noxious Fumes+1","Blade Dance","Cloak And Dagger","Deadly Poison","Escape Plan","Blur","Crippling Poison+1","Finisher","After Image+1","Blur+1","Dodge and Roll+1","Grand Finale","Choke+1","Blade Dance","Prepared+1","Bouncing Flask","Accuracy","Footwork+1","Footwork+1","Phantasmal Killer","Underhanded Strike","Acrobatics","A Thousand Cuts+1","Caltrops+1","PiercingWail+1","Catalyst","Catalyst+1"],"relics":["Ring of the Snake","Lizard Tail","Golden Idol","Boot","Prayer Wheel","Blood Vial","Mummified Hand","Ectoplasm","Anchor","InkBottle","Bronze Scales","StrikeDummy","Red Mask","HoveringKite","Akabeko","CeramicFish","Gremlin Horn"],"acts_visited":["Exordium","TheCity","TheBeyond","TheEnding"],"potions_floor_usage":[11,11,20,24,42,49],"damage_taken":[{"damage":8,"enemies":"Jaw Worm","floor":1,"turns":7},{"damage":1,"enemies":"2 Louse","floor":2,"turns":4},{"damage":0,"enemies":"Small Slimes","floor":7,"turns":2},{"damage":24,"enemies":"3 Sentries","floor":8,"turns":7},{"damage":17,"enemies":"Exordium Wildlife","floor":10,"turns":4},{"damage":19,"enemies":"Lagavulin","floor":11,"turns":7},{"damage":0,"enemies":"2 Fungi Beasts","floor":14,"turns":3},{"damage":14,"enemies":"Hexaghost","floor":16,"turns":8},{"damage":0,"enemies":"3 Byrds","floor":18,"turns":3},{"damage":1,"enemies":"2 Thieves","floor":20,"turns":4},{"damage":23,"enemies":"Snake Plant","floor":21,"turns":3},{"damage":5,"enemies":"Book of Stabbing","floor":24,"turns":5},{"damage":0,"enemies":"Centurion and Healer","floor":27,"turns":6},{"damage":6,"enemies":"Slavers","floor":30,"turns":4},{"damage":6,"enemies":"Masked Bandits","floor":31,"turns":3},{"damage":10,"enemies":"Collector","floor":33,"turns":8},{"damage":0,"enemies":"Orb Walker","floor":35,"turns":4},{"damage":10,"enemies":"3 Darklings","floor":36,"turns":4},{"damage":1,"enemies":"Writhing Mass","floor":41,"turns":6},{"damage":30,"enemies":"Reptomancer","floor":42,"turns":6},{"damage":16,"enemies":"Nemesis","floor":45,"turns":7},{"damage":5,"enemies":"Sphere and 2 Shapes","floor":46,"turns":4},{"damage":0,"enemies":"3 Darklings","floor":47,"turns":3},{"damage":0,"enemies":"4 Shapes","floor":48,"turns":5},{"damage":59,"enemies":"Awakened One","floor":50,"turns":17},{"damage":73,"enemies":"Shield and Spear","floor":54,"turns":3}],"seed_played":"-392072274180621617","potions_obtained":[{"floor":1,"key":"Strength Potion"},{"floor":7,"key":"GamblersBrew"},{"floor":10,"key":"Fire Potion"},{"floor":16,"key":"Fire Potion"},{"floor":18,"key":"Strength Potion"},{"floor":20,"key":"AttackPotion"},{"floor":30,"key":"Block Potion"},{"floor":36,"key":"FairyPotion"},{"floor":47,"key":"Fruit Juice"}],"is_trial":false,"path_per_floor":["M","M","?","?","$","R","M","E","T","M","E","?","R","M","R","B",null,"M","?","M","M","$","R","E","R","T","M","R","?","E","?","R","B",null,"M","M","$","?","$","R","M","E","T","R","E","M","M","M","R","B",null,"R","$","E"],"character_chosen":"THE_SILENT","items_purchased":["Noxious Fumes","Anchor","Bouncing Flask"],"campfire_rested":4,"item_purchase_floors":[5,22,22],"current_hp_per_floor":[55,54,54,47,47,47,47,23,23,8,20,9,26,28,28,16,48,50,50,51,30,30,30,27,44,44,46,46,46,42,38,38,30,51,53,45,45,45,45,45,46,18,18,35,21,18,20,22,44,9,50,50,50,0,0],"gold":38,"neow_bonus":"ONE_RARE_RELIC","is_daily":false,"chose_seed":false,"campfire_upgraded":6,"win_rate":0.0,"timestamp":1613423298,"path_taken":["M","M","?","?","$","R","M","E","T","M","E","?","R","?","R","BOSS","M","?","M","M","$","R","E","R","T","M","R","?","E","?","R","BOSS","M","M","$","?","?","R","M","E","T","R","E","M","?","M","R","BOSS","R","$","E"],"items_purchased_type":["Card","Relic","Card"],"build_version":"2020-12-22","purchased_purges":2,"victory":false,"max_hp_per_floor":[63,63,58,58,58,58,58,58,58,58,58,58,58,58,58,58,58,58,58,58,58,58,58,58,58,58,58,58,58,58,58,58,58,58,58,58,58,58,58,58,58,58,58,58,58,58,58,58,63,63,63,63,63,63,63],"card_choices":[{"not_picked":["Bane","Backflip"],"picked":"Blade Dance","floor":1},{"not_picked":["Reflex","Outmaneuver"],"picked":"All Out Attack","floor":2},{"not_picked":["Prepared","Infinite Blades"],"picked":"Blade Dance","floor":7},{"not_picked":["Setup","Doppelganger"],"picked":"Cloak And Dagger","floor":8},{"not_picked":["Dagger Spray","Distraction"],"picked":"Deadly Poison","floor":10},{"not_picked":["Bane","Skewer"],"picked":"Escape Plan","floor":10},{"not_picked":["Dagger Throw","Quick Slash"],"picked":"Blur","floor":11},{"not_picked":["Terror","Backflip"],"picked":"Crippling Poison","floor":14},{"not_picked":["Finisher","Flechettes","Dagger Spray"],"picked":"SKIP","floor":14},{"not_picked":["Flechettes","Dagger Spray"],"picked":"Finisher","floor":14},{"not_picked":["Bullet Time","Venomology"],"picked":"After Image","floor":16},{"not_picked":["Concentrate","Acrobatics"],"picked":"Blur+1","floor":18},{"not_picked":["Cloak And Dagger","Dash"],"picked":"Dodge and Roll+1","floor":18},{"not_picked":["Backflip+1","Flying Knee"],"picked":"Blade Dance","floor":20},{"not_picked":["Setup","Tactician+1","Dagger Throw"],"picked":"SKIP","floor":20},{"not_picked":["Bane","Acrobatics"],"picked":"Prepared+1","floor":21},{"not_picked":["Slice","Night Terror","Setup"],"picked":"SKIP","floor":21},{"not_picked":["Dagger Throw","PiercingWail"],"picked":"Accuracy","floor":24},{"not_picked":["Infinite Blades","Endless Agony"],"picked":"Footwork","floor":27},{"not_picked":["Masterful Stab","Choke"],"picked":"Footwork","floor":27},{"not_picked":["Dagger Throw","Reflex","Sucker Punch"],"picked":"SKIP","floor":30},{"not_picked":["Doppelganger","Tools of the Trade"],"picked":"Phantasmal Killer","floor":33},{"not_picked":["Deflect","Deadly Poison+1"],"picked":"Underhanded Strike","floor":35},{"not_picked":["Deflect","Dodge and Roll","Sucker Punch"],"picked":"SKIP","floor":35},{"not_picked":["Slice","Bane","Flying Knee"],"picked":"SKIP","floor":36},{"not_picked":["Poisoned Stab+1","Setup+1","Slice"],"picked":"SKIP","floor":36},{"not_picked":["Flechettes","Prepared"],"picked":"Acrobatics","floor":41},{"not_picked":["Dagger Spray+1","Choke","Outmaneuver"],"picked":"SKIP","floor":41},{"not_picked":["Cloak And Dagger","Crippling Poison"],"picked":"A Thousand Cuts","floor":42},{"not_picked":["Tools of the Trade","Poisoned Stab+1"],"picked":"Caltrops+1","floor":45},{"not_picked":["Acrobatics+1","Underhanded Strike+1"],"picked":"PiercingWail+1","floor":46},{"not_picked":["Quick Slash","Choke","PiercingWail"],"picked":"SKIP","floor":46},{"not_picked":["Quick Slash","Distraction+1"],"picked":"Catalyst","floor":47},{"not_picked":["Flying Knee","Blade Dance","Deadly Poison+1"],"picked":"SKIP","floor":47},{"not_picked":["Dagger Spray","Deadly Poison"],"picked":"Catalyst+1","floor":48},{"not_picked":["Skewer+1","Noxious Fumes","Acrobatics"],"picked":"SKIP","floor":48}],"player_experience":252289,"relics_obtained":[{"floor":8,"key":"Prayer Wheel"},{"floor":9,"key":"Blood Vial"},{"floor":11,"key":"Mummified Hand"},{"floor":24,"key":"InkBottle"},{"floor":30,"key":"StrikeDummy"},{"floor":31,"key":"Red Mask"},{"floor":42,"key":"Akabeko"},{"floor":43,"key":"CeramicFish"},{"floor":45,"key":"Gremlin Horn"}],"event_choices":[{"damage_healed":0,"gold_gain":0,"player_choice":"Lose Max HP","damage_taken":0,"relics_obtained":["Golden Idol"],"max_hp_gain":0,"max_hp_loss":5,"event_name":"Golden Idol","floor":3,"gold_loss":0},{"damage_healed":0,"gold_gain":0,"player_choice":"Success","damage_taken":7,"relics_obtained":["Boot"],"max_hp_gain":0,"max_hp_loss":0,"event_name":"Scrap Ooze","floor":4,"gold_loss":0},{"damage_healed":0,"gold_gain":75,"player_choice":"Gather Gold","damage_taken":11,"max_hp_gain":0,"max_hp_loss":0,"event_name":"World of Goop","floor":12,"gold_loss":0},{"damage_healed":0,"gold_gain":0,"cards_transformed":["Strike_G","Strike_G"],"player_choice":"Became Test Subject","damage_taken":0,"max_hp_gain":0,"max_hp_loss":0,"event_name":"Drug Dealer","floor":19,"gold_loss":0,"cards_obtained":["Grand Finale","Choke"]},{"damage_healed":0,"gold_gain":0,"player_choice":"Opened","damage_taken":0,"relics_obtained":["Bronze Scales"],"max_hp_gain":0,"max_hp_loss":0,"event_name":"The Mausoleum","floor":29,"gold_loss":0},{"damage_healed":0,"gold_gain":0,"player_choice":"Fought Bandits","damage_taken":0,"max_hp_gain":0,"max_hp_loss":0,"event_name":"Masked Bandits","floor":31,"gold_loss":0},{"damage_healed":0,"gold_gain":0,"player_choice":"Upgraded","damage_taken":0,"max_hp_gain":0,"max_hp_loss":0,"event_name":"Upgrade Shrine","floor":38,"gold_loss":0,"cards_upgraded":["Choke"]}],"is_beta":false,"boss_relics":[{"not_picked":["Fusion Hammer","Busted Crown"],"picked":"Ectoplasm"},{"not_picked":["Astrolabe","Calling Bell"],"picked":"HoveringKite"}],"items_purged_floors":[5,22],"is_endless":false,"potions_floor_spawned":[1,7,10,16,18,20,30,31,36,41,47,48],"killed_by":"Shield and Spear","ascension_level":12}}