{"host":"d6ni0fvdmr494qs7","time":1613395607,"event":{"mods":["ATMod(°¢èªMod)","BaseMod","Colored Powertips","Minty Spire (QoL Compilation)","Replay The Spire","Spicy Shops","StSLib","The Blue Laboratory","¡¾ÒÅÎï¿¨ÅÆ¡¿REMEMod"],"gold_per_floor":[117,64,64,74,87,119,119,136,136,147,158,175,206,224,224,328,328,342,360,360,376,386,411,411,442,442,442,442,472,60,90,90,110,110,211,211,230,140,150,3,22,22,56,66,66,77,77,0,0,49,49,49,49,49,49,80,80],"floor_reached":58,"language":"ZHS","playtime":2306,"items_purged":["Strike_R"],"score":1697,"play_id":"77bc66d0-b401-4b1f-9bdb-c0427547c857","local_time":"20210215212647","is_ascension_mode":true,"campfire_choices":[{"data":"Inflame","floor":7.0,"key":"SMITH"},{"data":"AT_ShrugMaster","floor":15.0,"key":"SMITH"},{"data":"REME_Scribble","floor":24.0,"key":"SMITH"},{"floor":32.0,"key":"RECALL"},{"data":"Life Link","floor":34.0,"key":"SMITH"},{"data":"Armaments","floor":42.0,"key":"SMITH"},{"floor":47.0,"key":"DIG"},{"data":"1","floor":51.0,"key":"LIFT"},{"data":"2","floor":54.0,"key":"LIFT"}],"circlet_count":0,"master_deck":["Strike_R","Strike_R","Strike_R","Defend_R","Defend_R","Defend_R","Defend_R","Bash","Cleave","Run Through+1","Inflame+1","Twin Strike+1","AT_ShrugMaster+1","Disarm","Demonic Infusion+1","REME_Scribble+1","Life Link+1","Spot Weakness","Dropkick+1","Replay:Undeath\u0027s Touch+1","Reaper+1","Inflame+1","Demonic Infusion+1","Armaments+1","True Grit+1","Combust+1","Hemogenesis+1","Bloodletting+1","Heavy Blade+1","Pummel+1"],"relics":["Burning Blood","AT_ATBox","REME_ComplimentaryCards","NeowsBlessing","HornCleat","ReplayTheSpireMod:Spearhead","Golden Egg","AT_TrinityForce","Pantograph","Molten Egg 2","Replay:WaspNest","Akabeko","ReplayTheSpireMod:TigerMarble","Brimstone","Divine Protection","ChewingGum","Replay:Baseball","Shovel","Calipers","Girya","Red Mask","Durian"],"acts_visited":["Exordium","TheCity","TheBeyond","TheEnding"],"potions_floor_usage":[],"damage_taken":[{"damage":0.0,"enemies":"Small Slimes","floor":1.0,"turns":1.0},{"damage":0.0,"enemies":"Cultist","floor":4.0,"turns":1.0},{"damage":0.0,"enemies":"Jaw Worm","floor":5.0,"turns":1.0},{"damage":21.0,"enemies":"3 Sentries","floor":6.0,"turns":9.0},{"damage":13.0,"enemies":"Red Slaver","floor":8.0,"turns":2.0},{"damage":0.0,"enemies":"Lots of Slimes","floor":10.0,"turns":1.0},{"damage":0.0,"enemies":"Looter","floor":11.0,"turns":3.0},{"damage":14.0,"enemies":"3 Louse","floor":12.0,"turns":4.0},{"damage":0.0,"enemies":"Gremlin Nob","floor":13.0,"turns":4.0},{"damage":7.0,"enemies":"Blue Slaver","floor":14.0,"turns":3.0},{"damage":7.0,"enemies":"Fading Forest","floor":16.0,"turns":11.0},{"damage":10.0,"enemies":"Chosen","floor":18.0,"turns":3.0},{"damage":0.0,"enemies":"Spheric Guardian","floor":19.0,"turns":2.0},{"damage":11.0,"enemies":"3 Cultists","floor":21.0,"turns":4.0},{"damage":5.0,"enemies":"Cultist and Chosen","floor":22.0,"turns":5.0},{"damage":24.0,"enemies":"Gremlin Leader","floor":23.0,"turns":5.0},{"damage":20.0,"enemies":"Book of Stabbing","floor":25.0,"turns":5.0},{"damage":18.0,"enemies":"Gremlin Leader","floor":29.0,"turns":4.0},{"damage":24.0,"enemies":"Slavers","floor":31.0,"turns":2.0},{"damage":8.0,"enemies":"Snake Plant","floor":33.0,"turns":1.0},{"damage":22.0,"enemies":"Pondfish","floor":35.0,"turns":6.0},{"damage":0.0,"enemies":"Orb Walker","floor":37.0,"turns":2.0},{"damage":9.0,"enemies":"3 Shapes","floor":39.0,"turns":2.0},{"damage":30.0,"enemies":"Writhing Mass","floor":41.0,"turns":4.0},{"damage":0.0,"enemies":"R_Hoarder","floor":43.0,"turns":4.0},{"damage":8.0,"enemies":"Sphere and 2 Shapes","floor":44.0,"turns":3.0},{"damage":0.0,"enemies":"Jaw Worm Horde","floor":46.0,"turns":2.0},{"damage":8.0,"enemies":"Writhing Mass","floor":50.0,"turns":4.0},{"damage":93.0,"enemies":"Time Eater","floor":52.0,"turns":8.0},{"damage":27.0,"enemies":"Shield and Spear","floor":56.0,"turns":3.0},{"damage":141,"enemies":"The Heart","floor":57,"turns":6}],"seed_played":"-6767757583096479679","potions_obtained":[{"floor":4.0,"key":"BloodPotion"},{"floor":6.0,"key":"Fruit Juice"},{"floor":13.0,"key":"REME_GoldPotion"},{"floor":14.0,"key":"blueLaboratory:HummingbirdPotion"},{"floor":22.0,"key":"blueLaboratory:LouseDecoction"},{"floor":25.0,"key":"Block Potion"},{"floor":29.0,"key":"GamblersBrew"},{"floor":35.0,"key":"blueLaboratory:HummingbirdPotion"},{"floor":39.0,"key":"Explosive Potion"},{"floor":41.0,"key":"blueLaboratory:BubblePotion"},{"floor":44.0,"key":"blueLaboratory:AbyssPotion"},{"floor":46.0,"key":"REME_GoldPotion"}],"is_trial":false,"path_per_floor":["M","?","$","M","M","E","R","M","T","M","M","M","E","M","R","B",null,"M","M","?","M","M","E","R","E","PTL","PTL","T","E","$","E","R","M","R","B",null,"M","?","M","$","M","R","E","M","T","M","R","?","?","M","R","B",null,"R","$","E","B",null],"character_chosen":"IRONCLAD","items_purchased":["ReplayTheSpireMod:TigerMarble","Inflame","Brimstone","Replay:Baseball"],"campfire_rested":0,"item_purchase_floors":[30,30,30,40],"current_hp_per_floor":[80,80,80,80,80,65,65,63,63,69,75,67,73,72,72,71,85,81,85,85,82,85,69,69,58,58,58,58,49,49,91,91,89,89,103,103,103,103,103,103,82,82,109,109,109,109,109,109,109,112,112,36,115,115,115,123,43],"gold":80,"neow_bonus":"THREE_ENEMY_KILL","is_daily":false,"chose_seed":false,"campfire_upgraded":5,"win_rate":0.0,"timestamp":1613395607,"path_taken":["M","?","?","M","?","E","R","?","T","M","?","M","E","M","R","BOSS","M","?","?","M","M","E","R","E","PTL","PTL","T","E","$","E","R","M","R","BOSS","M","?","?","$","M","R","E","M","T","M","R","?","?","?","R","BOSS","R","$","E","BOSS"],"items_purchased_type":["Relic","Card","Relic","Relic"],"build_version":"2020-12-22","purchased_purges":1,"victory":true,"max_hp_per_floor":[80,80,80,80,80,80,80,85,85,85,85,85,85,85,85,85,85,85,85,85,87,89,91,91,94,94,94,94,97,97,100,100,100,100,103,103,103,103,106,106,109,109,109,109,109,109,109,109,109,112,112,115,115,115,115,123,126],"card_choices":[{"not_picked":["Perfected Strike","Heavy Blade"],"picked":"Cleave","floor":1.0},{"not_picked":["Sword Boomerang","Pommel Strike"],"picked":"Run Through","floor":4.0},{"not_picked":["Iron Wave","Sword Boomerang","Fire Breathing"],"picked":"SKIP","floor":5.0},{"not_picked":["Havoc","Warcry"],"picked":"Inflame","floor":6.0},{"not_picked":["Bludgeon","Entrench"],"picked":"Twin Strike","floor":8.0},{"not_picked":["Perfected Strike","Run Through","Clothesline"],"picked":"SKIP","floor":10.0},{"not_picked":["AT_BodySlamDance","Wild Strike","AT_IchimonjiDouble"],"picked":"SKIP","floor":11.0},{"not_picked":["Anger","ReplayTheSpireMod:Strike From Hell"],"picked":"AT_ShrugMaster","floor":12.0},{"not_picked":["AT_DrawKnifeCut","Perfected Strike","ReplayTheSpireMod:Limb From Limb"],"picked":"SKIP","floor":13.0},{"not_picked":["Clash","Wild Strike"],"picked":"Disarm","floor":14.0},{"not_picked":["Fiend Fire","Barricade"],"picked":"Demonic Infusion","floor":16.0},{"not_picked":["ReplayTheSpireMod:Strike From Hell+1","Burning Pact","Flame Barrier"],"picked":"SKIP","floor":18.0},{"not_picked":["Cleave","Perfected Strike"],"picked":"REME_Scribble","floor":19.0},{"not_picked":["Havoc","ReplayTheSpireMod:Stacked"],"picked":"Life Link","floor":21.0},{"not_picked":["Thunderclap","Clash"],"picked":"Spot Weakness","floor":22.0},{"not_picked":["Reckless Charge","Intimidate"],"picked":"Dropkick+1","floor":23.0},{"not_picked":["Twin Strike+1","Pommel Strike+1"],"picked":"Replay:Undeath\u0027s Touch+1","floor":25.0},{"not_picked":["Clothesline+1","Burning Pact+1"],"picked":"Reaper+1","floor":29.0},{"not_picked":["Iron Wave+1","Dual Wield","REME_Fury"],"picked":"SKIP","floor":31.0},{"not_picked":["AT_DrawKnifeCut+1","Clothesline+1","Wild Strike+1"],"picked":"SKIP","floor":33.0},{"not_picked":["Barricade","Double Tap"],"picked":"Demonic Infusion","floor":35.0},{"not_picked":["Rage+1","Dropkick+1"],"picked":"Armaments","floor":37.0},{"not_picked":["Cleave+1","Clash+1"],"picked":"True Grit+1","floor":39.0},{"not_picked":["Perfected Strike+1","Infernal Blade"],"picked":"Combust+1","floor":41.0},{"not_picked":["Headbutt+1","ReplayTheSpireMod:LeadingStrike+1"],"picked":"Hemogenesis+1","floor":43.0},{"not_picked":["AT_BodySlamDance","REME_Cut+1","Clothesline+1"],"picked":"SKIP","floor":44.0},{"not_picked":["Sever Soul+1","Pummel+1"],"picked":"Bloodletting+1","floor":46.0},{"not_picked":["Body Slam+1","Power Through"],"picked":"Heavy Blade+1","floor":50.0},{"not_picked":["AT_BodySlamDance","Shockwave"],"picked":"Pummel+1","floor":56.0}],"player_experience":213976,"relics_obtained":[{"floor":6.0,"key":"ReplayTheSpireMod:Spearhead"},{"floor":13.0,"key":"Golden Egg"},{"floor":23.0,"key":"Pantograph"},{"floor":25.0,"key":"Molten Egg 2"},{"floor":28.0,"key":"Replay:WaspNest"},{"floor":29.0,"key":"Akabeko"},{"floor":31.0,"key":"Divine Protection"},{"floor":43.0,"key":"Shovel"},{"floor":45.0,"key":"Calipers"},{"floor":47.0,"key":"Girya"},{"floor":56.0,"key":"Durian"}],"event_choices":[{"damage_healed":0.0,"max_hp_gain":0.0,"max_hp_loss":0.0,"gold_gain":0.0,"event_name":"WeMeetAgain","player_choice":"Paid Gold","floor":2.0,"gold_loss":53.0,"damage_taken":0.0,"relics_obtained":["HornCleat"]},{"damage_healed":0.0,"max_hp_gain":0.0,"max_hp_loss":0.0,"gold_gain":0.0,"event_name":"Ghosts","player_choice":"Ignored","floor":20.0,"gold_loss":0.0,"damage_taken":0.0},{"cards_removed":["Strike_R"],"damage_healed":0.0,"max_hp_gain":0.0,"max_hp_loss":0.0,"gold_gain":0.0,"event_name":"Designer","player_choice":"Upgrade and Remove","floor":38.0,"gold_loss":90.0,"damage_taken":0.0,"cards_upgraded":["Run Through"]},{"damage_healed":0.0,"max_hp_gain":0.0,"max_hp_loss":0.0,"gold_gain":0.0,"event_name":"Tomb of Lord Red Mask","player_choice":"Paid","floor":48.0,"gold_loss":77.0,"damage_taken":0.0,"relics_obtained":["Red Mask"]},{"damage_healed":0.0,"max_hp_gain":0.0,"max_hp_loss":0.0,"gold_gain":0.0,"event_name":"Accursed Blacksmith","player_choice":"Forge","floor":49.0,"gold_loss":0.0,"damage_taken":0.0,"cards_upgraded":["Twin Strike"]}],"is_beta":false,"boss_relics":[{"not_picked":["Astrolabe","Ectoplasm"],"picked":"AT_TrinityForce"},{"not_picked":["Runic Pyramid","Runic Dome"],"picked":"ChewingGum"}],"items_purged_floors":[30],"is_endless":false,"potions_floor_spawned":[4,6,13,14,22,25,29,35,39,41,44,46],"ascension_level":1}}