{"host":"tom9euzqew4po1rs","time":1613415480,"event":{"mods":["BaseMod","Curses Come First","Downfall","Minty Spire (QoL Compilation)","Quick Restart","Rare Cards Sparkle","Replay The Spire","StSLib"],"gold_per_floor":[99,113,388,407,21,6,6,0,18,18,18,18,18],"floor_reached":11,"language":"ENG","playtime":729,"items_purged":["Regret"],"score":61,"play_id":"d702854e-0ae7-4c5f-a768-49d9e217a80a","local_time":"20210215135800","is_ascension_mode":false,"campfire_choices":[{"floor":1,"key":"RECALL"}],"circlet_count":0,"master_deck":["bronze:Strike","bronze:Strike","bronze:Strike","bronze:Defend","bronze:Defend","bronze:Defend","bronze:Defend","bronze:Replicate","bronze:Goto","bronze:DelayedGuard","bronze:FineTuning","bronze:AlphaBuild","bronze:Optimize","bronze:ChildClass","bronze:ClassDefault","bronze:Shell","bronze:OilSpill"],"relics":["bronze:BronzeCore","Happy Flower"],"acts_visited":["Exordium"],"potions_floor_usage":[],"damage_taken":[{"damage":1,"enemies":"Jaw Worm","floor":2,"turns":3},{"damage":3,"enemies":"Cultist","floor":4,"turns":4},{"damage":3,"enemies":"downfall:FleeingMerchant","floor":5,"turns":4},{"damage":0,"enemies":"downfall:FleeingMerchant","floor":6,"turns":4},{"damage":10,"enemies":"downfall:FleeingMerchant","floor":8,"turns":4},{"damage":1,"enemies":"2 Louse","floor":9,"turns":2},{"damage":64,"enemies":"Gremlin Nob","floor":11,"turns":5}],"seed_played":"2005084024984235362","potions_obtained":[{"floor":9,"key":"SpeedPotion"}],"is_trial":false,"path_per_floor":["R","M","?","M","$","$","T","$","M","?","E"],"character_chosen":"THE_AUTOMATON","items_purchased":["bronze:Optimize","bronze:ChildClass","Happy Flower"],"campfire_rested":0,"item_purchase_floors":[5,5,5],"current_hp_per_floor":[77,76,76,73,70,70,70,60,59,59,0,0,0],"gold":18,"neow_bonus":"TEN_PERCENT_HP_BONUS","is_daily":false,"chose_seed":false,"campfire_upgraded":0,"win_rate":0.0,"timestamp":1613415480,"path_taken":["R","M","?","M","?","$","T","?","M","?","E"],"items_purchased_type":["Card","Card","Relic"],"build_version":"2020-12-22","purchased_purges":1,"victory":false,"max_hp_per_floor":[77,77,77,77,77,77,77,77,77,77,77,77,77],"card_choices":[{"not_picked":["bronze:CutThrough","bronze:Flail"],"picked":"bronze:DelayedGuard","floor":2},{"not_picked":["bronze:Invalidate","bronze:Frontload"],"picked":"bronze:FineTuning","floor":4},{"not_picked":["bronze:BronzeArmor","bronze:WhirlingStrike"],"picked":"bronze:AlphaBuild","floor":5},{"not_picked":["bronze:OilSpill","bronze:Shield"],"picked":"bronze:ClassDefault","floor":6},{"not_picked":["bronze:Branch","bronze:Turbo"],"picked":"bronze:Shell","floor":8},{"not_picked":["bronze:WildBeam","bronze:Invalidate"],"picked":"bronze:OilSpill","floor":9}],"player_experience":155260,"relics_obtained":[],"event_choices":[{"cards_removed":["bronze:Strike"],"damage_healed":0,"gold_gain":0,"player_choice":"Offered Basic","damage_taken":0,"max_hp_gain":0,"max_hp_loss":0,"event_name":"Bonfire Elementals","floor":10,"gold_loss":0}],"is_beta":false,"boss_relics":[],"items_purged_floors":[5],"is_endless":false,"potions_floor_spawned":[9],"killed_by":"Gremlin Nob","ascension_level":0}}