{"host":"2ica2wc1gg7guzbw","time":1613430835,"event":{"mods":["BaseMod","Colored Map","Minty Spire (QoL Compilation)","Replay The Spire","Shop Mod","StSLib","The Mystic"],"gold_per_floor":[110,110,130,141,154,154,182,193,216,216,247,247,46,46,46,124,124,142,142,42,42,57,83,83,83,83,109,119,119,154,168,168,241,241,251,263,263,263,263,263,293,293,293,321,321,96,130,130,130],"floor_reached":48,"language":"RUS","playtime":2366,"items_purged":["Voices","Writhe"],"score":1240,"play_id":"e44334dc-5f4e-4678-b7de-068682a207ce","local_time":"20210216031355","is_ascension_mode":true,"campfire_choices":[{"data":"WheelKick","floor":6.0,"key":"SMITH"},{"data":"Scrawl","floor":10.0,"key":"SMITH"},{"floor":15.0,"key":"RECALL"},{"floor":24.0,"key":"REST"},{"floor":29.0,"key":"REST"},{"floor":32.0,"key":"REST"},{"floor":40.0,"key":"REST"},{"floor":42.0,"key":"REST"},{"floor":45.0,"key":"REST"}],"circlet_count":0,"master_deck":["AscendersBane","Eruption+1","Vigilance","FlurryOfBlows","Protect","WheelKick+1","FollowUp","Scrawl+1","Evaluate+1","SandsOfTime","BattleHymn+1","Crow Ritual","Omniscience","ClearTheMind","Study","WaveOfTheHand+1","Protect","Protect","ClearTheMind+1","LikeWater","Prostrate","Establishment+1","Adaptation","Brilliance","FlurryOfBlows","Brilliance","EmptyMind","Meditate","Protect+1","Madness","Halt","Prostrate"],"relics":["PureWater","NeowsBlessing","Chameleon Ring","Juzu Bracelet","ReplayTheSpireMod:CursedCoin","ReplayTheSpireMod:DimensionalGlitch","Bag of Marbles","Happy Flower","Pet Ghost","Anchor","Replay:Baseball","Pandora\u0027s Box","Unceasing Top","Replay:WaspNest","Calipers","ClockworkSouvenir","Smiling Mask"],"acts_visited":["Exordium","TheCity","TheBeyond"],"potions_floor_usage":[],"damage_taken":[{"damage":0.0,"enemies":"Small Slimes","floor":1.0,"turns":1.0},{"damage":0.0,"enemies":"Cultist","floor":3.0,"turns":1.0},{"damage":0.0,"enemies":"2 Louse","floor":4.0,"turns":1.0},{"damage":3.0,"enemies":"Looter","floor":5.0,"turns":4.0},{"damage":8.0,"enemies":"Gremlin Nob","floor":7.0,"turns":3.0},{"damage":0.0,"enemies":"2 Fungi Beasts","floor":8.0,"turns":2.0},{"damage":12.0,"enemies":"Lagavulin","floor":11.0,"turns":7.0},{"damage":0.0,"enemies":"Slime Boss","floor":16.0,"turns":4.0},{"damage":0.0,"enemies":"Spheric Guardian","floor":18.0,"turns":3.0},{"damage":28.0,"enemies":"Shell Parasite","floor":22.0,"turns":4.0},{"damage":12.0,"enemies":"Gremlin Leader","floor":23.0,"turns":5.0},{"damage":10.0,"enemies":"Slavers","floor":27.0,"turns":5.0},{"damage":13.0,"enemies":"Centurion and Healer","floor":28.0,"turns":7.0},{"damage":0.0,"enemies":"Replay:Snechameleon","floor":30.0,"turns":4.0},{"damage":0.0,"enemies":"Snake Plant","floor":31.0,"turns":5.0},{"damage":24.0,"enemies":"Collector","floor":33.0,"turns":8.0},{"damage":9.0,"enemies":"3 Darklings","floor":35.0,"turns":5.0},{"damage":1.0,"enemies":"3 Shapes","floor":36.0,"turns":4.0},{"damage":23.0,"enemies":"Nemesis","floor":41.0,"turns":7.0},{"damage":16.0,"enemies":"Reptomancer","floor":44.0,"turns":7.0},{"damage":40.0,"enemies":"Nemesis","floor":47.0,"turns":9.0},{"damage":6,"enemies":"Spire Growth","floor":48,"turns":3}],"seed_played":"7276009101242123483","potions_obtained":[{"floor":1.0,"key":"SpeedPotion"},{"floor":5.0,"key":"Swift Potion"},{"floor":8.0,"key":"Strength Potion"},{"floor":11.0,"key":"PowerPotion"},{"floor":23.0,"key":"Strength Potion"},{"floor":31.0,"key":"CultistPotion"},{"floor":33.0,"key":"Explosive Potion"},{"floor":35.0,"key":"Languid Potion"},{"floor":36.0,"key":"Reflective Coating"}],"is_trial":false,"path_per_floor":["M","?","M","M","M","R","E","M","T","R","E","?","$","?","R","B",null,"M","?","$","?","M","E","R","?","T","E","M","R","E","M","R","B",null,"M","M","?","?","?","R","E","R","T","E","R","$","E","M"],"character_chosen":"WATCHER","items_purchased":["ReplayTheSpireMod:CursedCoin","BattleHymn+1","Crow Ritual","ClockworkSouvenir","SkillPotion"],"campfire_rested":6,"item_purchase_floors":[13,13,13,46,46],"current_hp_per_floor":[61,61,61,61,58,58,50,50,50,50,38,38,38,38,38,38,61,61,61,61,61,33,21,41,41,41,31,18,38,38,38,58,34,60,51,50,38,38,38,58,35,55,55,39,59,59,19,13,13],"gold":130,"neow_bonus":"THREE_ENEMY_KILL","is_daily":false,"chose_seed":false,"campfire_upgraded":2,"win_rate":0.0,"timestamp":1613430835,"path_taken":["M","?","M","M","?","R","E","M","T","R","E","?","$","?","R","BOSS","M","?","$","?","M","E","R","?","T","E","M","R","E","M","R","BOSS","M","M","?","?","?","R","E","R","T","E","R","$","E","M"],"items_purchased_type":["Relic","Card","Card","Relic","Potion"],"build_version":"2020-12-22","purchased_purges":2,"victory":false,"max_hp_per_floor":[68,68,68,68,68,68,68,68,68,68,68,68,68,68,68,68,68,68,68,68,68,68,68,68,68,68,68,68,68,68,68,68,68,68,68,68,68,68,68,68,68,68,68,68,68,68,68,68,68],"card_choices":[{"not_picked":["Sanctity","Protect"],"picked":"FlurryOfBlows","floor":1.0},{"not_picked":["Replay:BluntJabs","Fasting2"],"picked":"Protect","floor":3.0},{"not_picked":["JustLucky","Wallop"],"picked":"WheelKick","floor":4.0},{"not_picked":["InnerPeace","Protect"],"picked":"FollowUp","floor":5.0},{"not_picked":["Replay:Battleflow","Replay:Anticipation"],"picked":"Scrawl","floor":7.0},{"not_picked":["JustLucky","Replay:DivineShield"],"picked":"Evaluate","floor":8.0},{"not_picked":["SashWhip","Ragnarok"],"picked":"SandsOfTime","floor":11.0},{"not_picked":["Ragnarok","Devotion"],"picked":"Omniscience","floor":16.0},{"not_picked":["FlyingSleeves","Swivel"],"picked":"ClearTheMind","floor":18.0},{"not_picked":["PathToVictory","Crescendo"],"picked":"WaveOfTheHand+1","floor":22.0},{"not_picked":["Wish","SashWhip"],"picked":"Protect","floor":23.0},{"not_picked":["BowlingBash","Evaluate"],"picked":"Protect","floor":27.0},{"not_picked":["PathToVictory","Collect"],"picked":"ClearTheMind+1","floor":28.0},{"not_picked":["Protect","Crescendo"],"picked":"LikeWater","floor":30.0},{"not_picked":["Replay:DivineShield","Study"],"picked":"Prostrate","floor":31.0},{"not_picked":["DeusExMachina","MasterReality"],"picked":"Establishment","floor":33.0},{"not_picked":["Replay:AtTheReady","PathToVictory","CutThroughFate+1"],"picked":"SKIP","floor":35.0},{"not_picked":["Replay:BluntJabs","PathToVictory"],"picked":"Protect+1","floor":36.0},{"not_picked":["Wireheading","Collect","Replay:Hum"],"picked":"SKIP","floor":41.0},{"not_picked":["BowlingBash+1","Replay:BluntJabs"],"picked":"Halt","floor":44.0},{"not_picked":["Evaluate","EmptyBody"],"picked":"Prostrate","floor":47.0}],"player_experience":945918,"relics_obtained":[{"floor":7.0,"key":"Chameleon Ring"},{"floor":11.0,"key":"Juzu Bracelet"},{"floor":23.0,"key":"Happy Flower"},{"floor":26.0,"key":"Pet Ghost"},{"floor":27.0,"key":"Anchor"},{"floor":30.0,"key":"Replay:Baseball"},{"floor":41.0,"key":"Unceasing Top"},{"floor":43.0,"key":"Replay:WaspNest"},{"floor":44.0,"key":"Calipers"},{"floor":47.0,"key":"Smiling Mask"}],"event_choices":[{"cards_removed":["Defend_P"],"damage_healed":0.0,"max_hp_gain":0.0,"max_hp_loss":0.0,"gold_gain":0.0,"event_name":"Bonfire Elementals","player_choice":"Offered Basic","floor":2.0,"gold_loss":0.0,"damage_taken":0.0},{"cards_removed":["Strike_P"],"damage_healed":0.0,"max_hp_gain":0.0,"max_hp_loss":0.0,"gold_gain":0.0,"event_name":"Purifier","player_choice":"Purged","floor":12.0,"gold_loss":0.0,"damage_taken":0.0},{"damage_healed":0.0,"max_hp_gain":0.0,"max_hp_loss":0.0,"gold_gain":0.0,"event_name":"The Mausoleum","player_choice":"Opened","floor":19.0,"gold_loss":0.0,"damage_taken":0.0,"relics_obtained":["Bag of Marbles"],"cards_obtained":["Writhe"]},{"damage_healed":0.0,"max_hp_gain":0.0,"max_hp_loss":0.0,"gold_gain":0.0,"event_name":"The Library","player_choice":"Read","floor":21.0,"gold_loss":0.0,"damage_taken":0.0,"cards_obtained":["Study"]},{"damage_healed":0.0,"max_hp_gain":0.0,"max_hp_loss":0.0,"gold_gain":0.0,"event_name":"Upgrade Shrine","player_choice":"Upgraded","floor":25.0,"gold_loss":0.0,"damage_taken":0.0,"cards_upgraded":["Evaluate"]},{"damage_healed":0.0,"max_hp_gain":0.0,"max_hp_loss":0.0,"gold_gain":0.0,"event_name":"Winding Halls","player_choice":"Embrace Madness","floor":37.0,"gold_loss":0.0,"damage_taken":12.0,"cards_obtained":["Madness","Madness"]},{"damage_healed":0.0,"max_hp_gain":0.0,"max_hp_loss":0.0,"gold_gain":0.0,"event_name":"Upgrade Shrine","player_choice":"Upgraded","floor":38.0,"gold_loss":0.0,"damage_taken":0.0,"cards_upgraded":["Establishment"]},{"cards_removed":["Madness"],"damage_healed":0.0,"max_hp_gain":0.0,"max_hp_loss":0.0,"gold_gain":0.0,"event_name":"Purifier","player_choice":"Purged","floor":39.0,"gold_loss":0.0,"damage_taken":0.0}],"is_beta":false,"boss_relics":[{"not_picked":["SacredBark","Ectoplasm"],"picked":"ReplayTheSpireMod:DimensionalGlitch"},{"not_picked":["Coffee Dripper","Velvet Choker"],"picked":"Pandora\u0027s Box"}],"items_purged_floors":[13,20],"is_endless":false,"potions_floor_spawned":[1,5,8,11,23,31,33,35,36,44],"killed_by":"Spire Growth","ascension_level":17}}