{"host":"lg1lbglystyxcosi","time":1613384928,"event":{"mods":["AchievementEnabler","BaseMod","Better Third Choice","BetterRewards","Colored Powertips","Minty Spire (QoL Compilation)","Quick Restart","Shop Mod","StSLib","¡¾ÒÅÎï¿¨ÅÆ¡¿REMEMod"],"gold_per_floor":[109,109,109,59,59,59,84,33,33,48,48,0,0,11,11,115,115,98,98,114,114,125,125,152,77,77,77,93,112,126,51,51,156,156,179,191,66,85,42,42,73,73,119,145,0,0,0,0,0,0],"floor_reached":51,"language":"ZHS","playtime":2388,"items_purged":["Strike_R","Strike_R"],"score":1303,"play_id":"2835e7ed-7a92-43d4-a283-f646cc23ad00","local_time":"20210215182848","is_ascension_mode":true,"campfire_choices":[{"data":"Body Slam","floor":6.0,"key":"SMITH"},{"data":"Brutality","floor":11.0,"key":"SMITH"},{"data":"Defend_R","floor":13.0,"key":"SMITH"},{"data":"Defend_R","floor":15.0,"key":"SMITH"},{"data":"Berserk","floor":23.0,"key":"SMITH"},{"floor":27.0,"key":"REST"},{"floor":32.0,"key":"REST"},{"floor":40.0,"key":"REST"},{"floor":42,"key":"REST"},{"data":"Body Slam","floor":47,"key":"SMITH"},{"data":"Defend_R","floor":49,"key":"SMITH"}],"circlet_count":0,"master_deck":["AscendersBane","Strike_R","Defend_R+1","Defend_R+1","Defend_R+1","Defend_R","Barricade+1","Body Slam+1","Shrug It Off+1","Entrench+1","Brutality+1","True Grit+1","True Grit+1","Berserk+1","Impervious+1","CurseOfTheBell","Exhume+1","Body Slam+1","Entrench+1"],"relics":["Burning Blood","REME_ComplimentaryCards","Toxic Egg 2","Boot","Darkstone Periapt","Runic Pyramid","Pocketwatch","Paper Frog","Calling Bell","MawBank","The Courier","Girya","Du-Vu Doll","Oddly Smooth Stone","Frozen Egg 2","Red Mask"],"acts_visited":["Exordium","TheCity","TheBeyond"],"potions_floor_usage":[41,44],"damage_taken":[{"damage":14.0,"enemies":"Small Slimes","floor":1.0,"turns":5.0},{"damage":0.0,"enemies":"Lagavulin","floor":7.0,"turns":7.0},{"damage":2.0,"enemies":"2 Louse","floor":10.0,"turns":3.0},{"damage":3.0,"enemies":"Jaw Worm","floor":14.0,"turns":3.0},{"damage":8.0,"enemies":"The Guardian","floor":16.0,"turns":7.0},{"damage":14.0,"enemies":"2 Thieves","floor":18.0,"turns":4.0},{"damage":7.0,"enemies":"Chosen","floor":20.0,"turns":8.0},{"damage":9.0,"enemies":"Snake Plant","floor":22.0,"turns":6.0},{"damage":27.0,"enemies":"Slavers","floor":24.0,"turns":10.0},{"damage":13.0,"enemies":"Shelled Parasite and Fungi","floor":28.0,"turns":3.0},{"damage":27.0,"enemies":"Centurion and Healer","floor":29.0,"turns":5.0},{"damage":4.0,"enemies":"3 Cultists","floor":30.0,"turns":5.0},{"damage":8.0,"enemies":"Automaton","floor":33.0,"turns":9.0},{"damage":20.0,"enemies":"Orb Walker","floor":35.0,"turns":5.0},{"damage":12.0,"enemies":"3 Darklings","floor":38.0,"turns":6.0},{"damage":31,"enemies":"Reptomancer","floor":41,"turns":9},{"damage":4,"enemies":"Giant Head","floor":44,"turns":5},{"damage":63,"enemies":"Awakened One","floor":50,"turns":7}],"seed_played":"-4590687063126431592","potions_obtained":[{"floor":1.0,"key":"ColorlessPotion"},{"floor":7.0,"key":"Fire Potion"},{"floor":20.0,"key":"ColorlessPotion"},{"floor":30.0,"key":"BlessingOfTheForge"},{"floor":35.0,"key":"SneckoOil"},{"floor":41,"key":"DistilledChaos"}],"is_trial":false,"path_per_floor":["M","?","?","?","$","R","E","$","T","M","R","$","R","M","R","B",null,"M","?","M","?","M","R","E","?","T","R","M","M","M","$","R","B",null,"M","?","$","M","$","R","E","R","T","E","?","?","R","$","R","B",null],"character_chosen":"IRONCLAD","items_purchased":["Body Slam","Toxic Egg 2","Shrug It Off+1","Entrench+1","True Grit+1","True Grit+1","Exhume+1","Body Slam"],"campfire_rested":4,"item_purchase_floors":[0,0,0,0,8,12,37,39],"current_hp_per_floor":[40,66,66,66,66,66,72,72,72,76,76,76,76,79,79,77,79,71,71,70,55,52,52,31,31,31,56,49,28,30,30,55,53,83,69,51,51,45,45,73,48,76,76,78,78,78,78,78,78,21],"gold":0,"neow_bonus":"","is_daily":false,"chose_seed":false,"campfire_upgraded":7,"win_rate":0.0,"timestamp":1613384928,"path_taken":["M","?","?","?","$","R","E","?","T","M","R","$","R","M","R","BOSS","M","?","?","?","M","R","E","?","T","R","M","M","M","$","R","BOSS","M","?","?","M","$","R","E","R","T","E","?","?","R","?","R","BOSS"],"items_purchased_type":["Card","Relic","Card","Card","Card","Card","Card","Card"],"build_version":"2020-12-22","purchased_purges":2,"victory":true,"max_hp_per_floor":[80,80,80,80,80,80,80,80,80,80,80,80,80,80,80,80,80,80,80,80,85,85,85,85,85,85,85,85,85,85,85,85,85,91,91,96,96,96,96,96,96,96,96,96,96,96,96,96,96,96],"card_choices":[{"not_picked":["Sword Boomerang","Clothesline","Rampage"],"picked":"SKIP","floor":1.0},{"not_picked":["Cleave","Clothesline"],"picked":"Brutality","floor":7.0},{"not_picked":["Clothesline","Twin Strike","Fire Breathing"],"picked":"SKIP","floor":10.0},{"not_picked":["Anger","Flex+1","Thunderclap"],"picked":"SKIP","floor":14.0},{"not_picked":["Immolate","Fiend Fire"],"picked":"Berserk","floor":16.0},{"not_picked":["Armaments+1","REME_FearOfPain","Cleave"],"picked":"SKIP","floor":18.0},{"not_picked":["Pommel Strike+1","Reckless Charge","Combust"],"picked":"SKIP","floor":20.0},{"not_picked":["Pommel Strike+1","Thunderclap","Flex+1"],"picked":"SKIP","floor":22.0},{"not_picked":["Shrug It Off+1","Perfected Strike","Dark Embrace+1"],"picked":"SKIP","floor":24.0},{"not_picked":["REME_Scribble+1","Pommel Strike","Shockwave+1"],"picked":"SKIP","floor":28.0},{"not_picked":["True Grit+1","Flame Barrier+1","Heavy Blade"],"picked":"SKIP","floor":29.0},{"not_picked":["Warcry+1","Heavy Blade","Rampage"],"picked":"SKIP","floor":30.0},{"not_picked":["REME_TheLastStrike","Barricade"],"picked":"Impervious+1","floor":33.0},{"not_picked":["Inflame+1","Armaments+1","Thunderclap+1"],"picked":"SKIP","floor":35.0},{"not_picked":["Flex+1","Iron Wave","Sword Boomerang+1"],"picked":"SKIP","floor":38.0},{"not_picked":["Dropkick+1","Rage+1","Thunderclap"],"picked":"SKIP","floor":41},{"not_picked":["Anger","Dark Embrace+1"],"picked":"Entrench+1","floor":44}],"player_experience":242932,"relics_obtained":[{"floor":7.0,"key":"Boot"},{"floor":9.0,"key":"Darkstone Periapt"},{"floor":24.0,"key":"Pocketwatch"},{"floor":26.0,"key":"Paper Frog"},{"floor":34.0,"key":"MawBank"},{"floor":34.0,"key":"The Courier"},{"floor":34.0,"key":"Girya"},{"floor":41,"key":"Du-Vu Doll"},{"floor":43,"key":"Oddly Smooth Stone"},{"floor":44,"key":"Frozen Egg 2"}],"event_choices":[{"damage_healed":26.0,"max_hp_gain":0.0,"max_hp_loss":0.0,"gold_gain":0.0,"event_name":"Big Fish","player_choice":"Banana","floor":2.0,"gold_loss":0.0,"damage_taken":0.0},{"damage_healed":0.0,"max_hp_gain":0.0,"max_hp_loss":0.0,"gold_gain":0.0,"event_name":"Living Wall","player_choice":"Grow","floor":3.0,"gold_loss":0.0,"damage_taken":0.0,"cards_upgraded":["Barricade"]},{"cards_removed":["Strike_R"],"damage_healed":0.0,"max_hp_gain":0.0,"max_hp_loss":0.0,"gold_gain":0.0,"event_name":"The Cleric","player_choice":"Card Removal","floor":4.0,"gold_loss":50.0,"damage_taken":0.0},{"damage_healed":0.0,"max_hp_gain":0.0,"max_hp_loss":0.0,"gold_gain":0.0,"event_name":"Transmorgrifier","player_choice":"Ignored","floor":19.0,"gold_loss":0.0,"damage_taken":0.0},{"damage_healed":0.0,"max_hp_gain":5.0,"max_hp_loss":0.0,"gold_gain":0.0,"event_name":"Forgotten Altar","player_choice":"Shed Blood","floor":21.0,"gold_loss":0.0,"damage_taken":20.0},{"cards_removed":["Strike_R"],"damage_healed":0.0,"max_hp_gain":0.0,"max_hp_loss":0.0,"gold_gain":0.0,"event_name":"Beggar","player_choice":"Gave Gold","floor":25.0,"gold_loss":75.0,"damage_taken":0.0},{"damage_healed":0.0,"max_hp_gain":0.0,"max_hp_loss":0.0,"gold_gain":0.0,"event_name":"betterThird:BetterPortal","player_choice":"Random: Violet","floor":36.0,"gold_loss":0.0,"damage_taken":0.0},{"damage_healed":0.0,"max_hp_gain":5.0,"max_hp_loss":0.0,"gold_gain":0.0,"event_name":"Forgotten Altar","player_choice":"Shed Blood","floor":36.0,"gold_loss":0.0,"damage_taken":23.0},{"damage_healed":0,"gold_gain":0,"player_choice":"Paid","damage_taken":0,"relics_obtained":["Red Mask"],"max_hp_gain":0,"max_hp_loss":0,"event_name":"Tomb of Lord Red Mask","floor":45,"gold_loss":145},{"cards_removed":["Bash"],"damage_healed":0,"gold_gain":0,"player_choice":"Removed Attack","damage_taken":0,"max_hp_gain":0,"max_hp_loss":0,"event_name":"Falling","floor":46,"gold_loss":0}],"is_beta":false,"boss_relics":[{"not_picked":["Sozu","Runic Dome"],"picked":"Runic Pyramid"},{"not_picked":["SlaversCollar","SacredBark"],"picked":"Calling Bell"}],"items_purged_floors":[31,37],"is_endless":false,"potions_floor_spawned":[1,7,20,22,30,35,41],"ascension_level":11}}