{"host":"tom9euzqew4po1rs","time":1613414539,"event":{"mods":["BaseMod","Curses Come First","Downfall","Minty Spire (QoL Compilation)","Quick Restart","Rare Cards Sparkle","Replay The Spire","StSLib"],"gold_per_floor":[99,110,55,68,83,183,207,219,230,260,260,278,278,0,18,113,113,83,96,110,124,26,26,26,26,26,26,38,38,71,7,21,126,126,26,44,58,72,82,82,136,153,153,53,53,9,9,60,74,74,74,74,74,74],"floor_reached":52,"language":"ENG","playtime":4740,"items_purged":["Sickly"],"score":676,"play_id":"92f6fb7b-e899-4639-bfbc-810252efabda","local_time":"20210215134219","is_ascension_mode":false,"campfire_choices":[{"floor":1,"key":"RECALL"},{"floor":23,"key":"REST"},{"data":"champ:UltimateStance","floor":25,"key":"SMITH"},{"data":"champ:EndlessRage","floor":29,"key":"SMITH"},{"data":"champ:TripleStrike","floor":35,"key":"SMITH"},{"floor":40,"key":"REST"},{"floor":44,"key":"REST"},{"floor":47,"key":"REST"}],"circlet_count":0,"master_deck":["champ:Strike","champ:Strike","champ:Strike","champ:Strike","champ:Defend","champ:Defend","champ:Defend","champ:Defend","champ:Execute","champ:Taunt","champ:FocusedDefense","champ:FocusedDefense","champ:Backstep+1","champ:StanceDance","champ:ShieldWall","champ:SetATrap","champ:FocusedBerserking","champ:FocusedDefense","champ:GutPunch","champ:FlashCut","champ:EndlessRage+1","champ:TornadoPunch","champ:TornadoPunch","champ:GladiatorStyle","champ:EndlessRage","champ:UltimateStance+1","champ:HeartStrike","champ:StanceDance","champ:RecklessLeap+1","champ:RecklessLeap+1","champ:EnGarde+1","champ:IronFortress","champ:AdrenalArmor","champ:TripleStrike+1","champ:CrownThrow","champ:IronFortress","champ:GutPunch","champ:GutPunch","champ:Circumvent+1","champ:ShieldSlam","champ:Circumvent","champ:IronFortress","champ:BerserkersShout","champ:Lariat+1"],"relics":["champ:ChampionCrown","CloakClasp","Bronze Scales","ReplayTheSpireMod:Shallot","Incense Burner","SlaversCollar","downfall:HeartBlessingRed","Replay:Wax Seal","Pear","Bag of Marbles","Busted Crown","downfall:HeartBlessingBlue","PreservedInsect","Red Mask","downfall:RedIOUUpgrade","downfall:HeartBlessingGreen","ReplayTheSpireMod:CursedCoin","Bird Faced Urn"],"acts_visited":["Exordium","TheCity","TheBeyond","TheEnding"],"potions_floor_usage":[8,9,10,16,21,28,30,31,33,33,33,39,48,48,50,50],"damage_taken":[{"damage":6,"enemies":"Jaw Worm","floor":2,"turns":5},{"damage":25,"enemies":"downfall:FleeingMerchant","floor":3,"turns":4},{"damage":10,"enemies":"2 Louse","floor":4,"turns":2},{"damage":20,"enemies":"Small Slimes","floor":5,"turns":4},{"damage":85,"enemies":"Small Slimes","floor":6,"turns":15},{"damage":10,"enemies":"Exordium Wildlife","floor":8,"turns":3},{"damage":36,"enemies":"Gremlin Gang","floor":9,"turns":3},{"damage":28,"enemies":"3 Sentries","floor":10,"turns":6},{"damage":6,"enemies":"Blue Slaver","floor":12,"turns":3},{"damage":25,"enemies":"downfall:FleeingMerchant","floor":14,"turns":4},{"damage":1,"enemies":"downfall:LooterAlt","floor":15,"turns":3},{"damage":16,"enemies":"SI_SHIV_ARCHETYPE","floor":16,"turns":6},{"damage":33,"enemies":"Spheric Guardian","floor":19,"turns":5},{"damage":0,"enemies":"3 Byrds","floor":20,"turns":2},{"damage":45,"enemies":"Snecko","floor":21,"turns":7},{"damage":10,"enemies":"downfall:FleeingMerchant","floor":22,"turns":4},{"damage":50,"enemies":"Centurion and Healer","floor":28,"turns":9},{"damage":37,"enemies":"Book of Stabbing","floor":30,"turns":5},{"damage":26,"enemies":"downfall:FleeingMerchant","floor":31,"turns":4},{"damage":2,"enemies":"Snake Plant","floor":32,"turns":3},{"damage":60,"enemies":"DF_ARCHETYPE_CLAW","floor":33,"turns":8},{"damage":88,"enemies":"3 Darklings","floor":36,"turns":5},{"damage":33,"enemies":"3 Shapes","floor":37,"turns":4},{"damage":51,"enemies":"Transient","floor":38,"turns":5},{"damage":55,"enemies":"Writhing Mass","floor":39,"turns":5},{"damage":69,"enemies":"3 Darklings","floor":42,"turns":5},{"damage":26,"enemies":"downfall:FleeingMerchant","floor":46,"turns":4},{"damage":13,"enemies":"2 Orb Walkers","floor":48,"turns":5},{"damage":43,"enemies":"Maw","floor":49,"turns":9},{"damage":187,"enemies":"IC_BLOCK_ARCHETYPE","floor":50,"turns":13},{"damage":169,"enemies":"downfall:CharBossMerchant","floor":52,"turns":8}],"seed_played":"6376232481481316506","potions_obtained":[{"floor":5,"key":"Swift Potion"},{"floor":6,"key":"champ:CounterPotion"},{"floor":9,"key":"hexamod:SoulburnPotion"},{"floor":10,"key":"champ:OpenerPotion"},{"floor":16,"key":"Guardian:BlockOnCardUsePotion"},{"floor":28,"key":"EntropicBrew"},{"floor":30,"key":"Cursed Concoction"},{"floor":32,"key":"Flashbang"},{"floor":37,"key":"champ:CounterPotion"},{"floor":39,"key":"Elixir"},{"floor":42,"key":"CultistPotion"},{"floor":48,"key":"DuplicationPotion"},{"floor":49,"key":"Weak Potion"}],"is_trial":false,"path_per_floor":["R","M","$","M","M","?","T","M","M","E","T","M","?","$","M","B",null,"R","M","M","M","$","R","T","R","?","?","M","R","E","$","M","B",null,"R","M","M","M","M","R","T","M","?","R","?","$","R","?","M","B",null,"E"],"character_chosen":"THE_CHAMP","items_purchased":["champ:Backstep+1","Toy Ornithopter","champ:TornadoPunch","champ:GladiatorStyle","Replay:Wax Seal","champ:AdrenalArmor","champ:Circumvent","ReplayTheSpireMod:CursedCoin","champ:IronFortress"],"campfire_rested":4,"item_purchase_floors":[3,14,14,14,22,31,46,46,46],"current_hp_per_floor":[99,93,93,93,88,63,63,63,42,34,34,33,30,30,39,43,99,99,76,76,51,51,80,90,90,90,90,90,90,78,57,55,39,109,119,86,78,62,57,92,92,78,78,113,113,87,119,119,119,100,119,0,0,0],"gold":74,"neow_bonus":"TEN_PERCENT_HP_BONUS","is_daily":false,"chose_seed":false,"campfire_upgraded":3,"win_rate":0.0,"timestamp":1613414539,"path_taken":["R","M","$","M","M","?","T","M","M","E","?","M","?","$","M","BOSS","R","M","M","M","$","R","T","R","?","?","M","R","E","?","M","BOSS","R","M","M","M","M","R","T","?","?","R","?","$","R","?","M","BOSS","E"],"items_purchased_type":["Card","Relic","Card","Card","Relic","Card","Card","Relic","Card"],"build_version":"2020-12-22","purchased_purges":1,"victory":false,"max_hp_per_floor":[99,99,99,99,99,99,99,99,99,99,99,99,99,99,99,99,99,99,99,99,99,99,99,109,109,109,109,109,109,109,109,109,109,109,119,119,119,119,119,119,119,119,119,119,119,119,119,119,119,119,119,119,119,119],"card_choices":[{"not_picked":["champ:Parry","champ:DefensiveShout"],"picked":"champ:FocusedDefense","floor":2},{"not_picked":["champ:SteelEdge","champ:Encircle"],"picked":"champ:FocusedDefense","floor":3},{"not_picked":["champ:AdrenalArmor","champ:Encircle"],"picked":"champ:StanceDance","floor":4},{"not_picked":["champ:PreciseThrust","champ:GutPunch"],"picked":"champ:ShieldWall","floor":5},{"not_picked":["champ:Endure","champ:FalseCounter"],"picked":"champ:SetATrap","floor":6},{"not_picked":["champ:CrownThrow","champ:Haymaker"],"picked":"champ:FocusedBerserking","floor":8},{"not_picked":["champ:SetATrap","champ:RapidStrikes"],"picked":"champ:FocusedDefense","floor":9},{"not_picked":["champ:BladeFlurry","champ:Encircle"],"picked":"champ:GutPunch","floor":10},{"not_picked":["champ:Backstep","champ:FanOfKnives"],"picked":"champ:FlashCut","floor":12},{"not_picked":["champ:DefensiveShout","champ:FanOfKnives"],"picked":"champ:EndlessRage","floor":14},{"not_picked":["champ:FanOfKnives","champ:EnragedBash"],"picked":"champ:EndlessRage","floor":15},{"not_picked":["champ:DancingMaster","champ:IgnorePain"],"picked":"champ:UltimateStance","floor":16},{"not_picked":["champ:CrownThrow+1","champ:GutPunch"],"picked":"champ:HeartStrike","floor":19},{"not_picked":["champ:Haymaker","champ:SetATrap"],"picked":"champ:StanceDance","floor":20},{"not_picked":["champ:FocusedDefense+1","champ:BladeFlurry"],"picked":"champ:RecklessLeap+1","floor":21},{"not_picked":["champ:CrownThrow","champ:EndlessRage"],"picked":"champ:GutPunch","floor":22},{"not_picked":["champ:Duel","champ:BladeFlurry"],"picked":"champ:RecklessLeap+1","floor":28},{"not_picked":["champ:BringItOn+1","champ:BladeFlurry"],"picked":"champ:EnGarde+1","floor":30},{"not_picked":["champ:SkillfulDodge","champ:RecklessLeap+1"],"picked":"champ:IronFortress","floor":31},{"not_picked":["champ:DefensiveShout","champ:SetATrap"],"picked":"champ:HeartStrike+1","floor":32},{"not_picked":["champ:LastStand","champ:IgnorePain"],"picked":"champ:TripleStrike","floor":33},{"not_picked":[],"picked":"champ:CrownThrow","floor":36},{"not_picked":[],"picked":"champ:IronFortress","floor":37},{"not_picked":[],"picked":"champ:GutPunch","floor":38},{"not_picked":[],"picked":"champ:GutPunch","floor":39},{"not_picked":[],"picked":"champ:Circumvent+1","floor":42},{"not_picked":[],"picked":"champ:ShieldSlam","floor":46},{"not_picked":[],"picked":"champ:BerserkersShout","floor":48},{"not_picked":[],"picked":"champ:Lariat+1","floor":49}],"player_experience":150520,"relics_obtained":[{"floor":6,"key":"CloakClasp"},{"floor":7,"key":"Bronze Scales"},{"floor":10,"key":"ReplayTheSpireMod:Shallot"},{"floor":24,"key":"Pear"},{"floor":30,"key":"Bag of Marbles"},{"floor":41,"key":"PreservedInsect"},{"floor":48,"key":"Bird Faced Urn"}],"event_choices":[{"damage_healed":0,"gold_gain":0,"player_choice":"Success","damage_taken":3,"relics_obtained":["Incense Burner"],"max_hp_gain":0,"max_hp_loss":0,"event_name":"Scrap Ooze","floor":13,"gold_loss":0},{"cards_removed":["champ:GutPunch"],"damage_healed":0,"gold_gain":0,"player_choice":"Removed Attack","damage_taken":0,"max_hp_gain":0,"max_hp_loss":0,"event_name":"Falling","floor":45,"gold_loss":0},{"damage_healed":0,"gold_gain":0,"player_choice":"Fight","damage_taken":0,"max_hp_gain":0,"max_hp_loss":0,"event_name":"Mysterious Sphere","floor":48,"gold_loss":0}],"is_beta":false,"boss_relics":[{"not_picked":["Pandora\u0027s Box","ReplayTheSpireMod:DimensionalGlitch"],"picked":"SlaversCollar"},{"not_picked":["Tiny House","Honey Jar"],"picked":"Busted Crown"}],"items_purged_floors":[46],"is_endless":false,"potions_floor_spawned":[5,6,9,10,16,28,30,32,37,39,42,48,49],"killed_by":"downfall:CharBossMerchant","ascension_level":0}}