{"host":"pgm1p3lvdjflie30","time":1613401288,"event":{"mods":["ATMod(阿瑾Mod)","AchievementEnabler","Act Like it!","Alarm Clock","Aspiration","BaseMod","Better-Laid Plans","Bossed Relics","Challenge The Spire","Colored Map","Colored Powertips","Conspire","Dark Map","Energized Spire","Gensokyo","GungeonMod","Hallownest","Hermit","HornydragonMod","Jedi Mod","Minty Spire (QoL Compilation)","MostiFishMod","Pale of the Ancients","Permanent Neow","Quarter Circle Forward PUNCH!","Quick Restart","Reimu（博???）","Relic Stats","Reliquary","Replay The Spire","Robot Space Explorer","Spicy Shops","StSLib","TestMod","The Blackbeard","The Bug Knight","The Cursed","The Hayseed","The IronCluck","The Jungle","The Marked","The Runesmith","Waifu the Spire","Yakumo Yukari mod","【功能Mod】混沌之?修复?丁","【?物卡牌】REMEMod","篝火指南"],"gold_per_floor":[369,379,1,45,57,89,99,125,125,137,137,153,153,167,167,266,266,278,278,82,82,101,135,161,11,11,11,45,45,68,87,87,192,192,202,220,220,235,253,281,281,299,326,355,355,61,61,71,71,71,71,71,20,53,53],"floor_reached":56,"language":"ZHS","playtime":11648,"items_purged":["Looming Evil","Normality","Regret","TheCursedMod:Dregs"],"score":1490,"play_id":"51e2bc7f-e527-4e1b-bad5-d529dd81a29f","local_time":"20210215230128","is_ascension_mode":true,"campfire_choices":[{"floor":11,"key":"RECALL"},{"data":"AT_DrawKnifeCut","floor":13,"key":"SMITH"},{"data":"REME_EyeOfCthun","floor":15,"key":"SMITH"},{"data":"theMarked:EternalStudent","floor":27,"key":"SMITH"},{"data":"Die Die Die","floor":29,"key":"SMITH"},{"data":"theMarked:BiggerThanFate","floor":32,"key":"SMITH"},{"data":"theMarked:UnarmedFury","floor":37,"key":"SMITH"},{"data":"theMarked:FavorableWinds","floor":41,"key":"SMITH"},{"data":"theMarked:Vacuum","floor":45,"key":"SMITH"},{"data":"theMarked:Seal","floor":49,"key":"SMITH"},{"data":"theMarked:MysticalArsenal","floor":52,"key":"SMITH"}],"circlet_count":0,"master_deck":["theMarked:Strike+1","theMarked:Strike","theMarked:Strike","theMarked:Strike","theMarked:Strike+1","theMarked:Defend","theMarked:Defend","theMarked:Defend","theMarked:Defend","theMarked:SoldierOfQuellstein","AT_DrawKnifeCut+1","Die Die Die+1","theMarked:BanishingStrike","theMarked:ElectricStrings","REME_EyeOfCthun+1","theMarked:DispelDoubt","theMarked:MysticalArsenal+1","theMarked:Seal+1","theMarked:WardOff","theMarked:BiggerThanFate+1","theMarked:UnarmedFury+1","theMarked:ResourceFulStrike","theMarked:WastefulAttack","theMarked:EternalStudent+1","theMarked:Generate+1","theMarked:Panic","theMarked:Electrify","theMarked:Vacuum+1","theMarked:WastefulAttack+1","theMarked:ContemptForTheProud","theMarked:AttractMetal+1","theMarked:FavorableWinds+1","theMarked:BanishingStrike+1","theMarked:RepellingDischarge+1","theMarked:Electrify","theMarked:Frustration+1","theMarked:ComboAttacks+1","theMarked:BanishingStrike+1","theMarked:BanishingWave+1","theMarked:Overcharge+1","theMarked:Electrocute"],"relics":["theMarked:ArtifactOfAir","AT_ATBox","DaveBox","testmod-TestBox","REME_ComplimentaryCards","testmod-Justice","FeatherPendant","SynthV:TestCard","AT_SeraphEmbrace","Ancient Tea Set","ReplayTheSpireMod:CursedCoin","AT_Kusabimaru","reliquary:WritOfMandamus","jedi:arcanewood","GremlinMask","Blue Candle","DemoMod:PinkGuonStone","reliquary:RedPaperclip","testmod-RandomTest","aspiration:ChemicalBlood","conspire:DeflatedDodgeball","testmod-RealStoneCalender","DemoMod:WhiteGuonStone"],"acts_visited":["Exordium","TheCity","TheBeyond","TheEnding"],"potions_floor_usage":[16,16,23,28,31,33,40,50,50,54,55,55,55,55],"damage_taken":[{"damage":0.0,"enemies":"Cultist","floor":1.0,"turns":2.0},{"damage":0.0,"enemies":"2 Louse","floor":2.0,"turns":2.0},{"damage":0.0,"enemies":"Small Slimes","floor":5.0,"turns":1.0},{"damage":2.0,"enemies":"Lagavulin","floor":6.0,"turns":3.0},{"damage":0,"enemies":"Exordium Wildlife","floor":7,"turns":2},{"damage":7,"enemies":"3 Sentries","floor":8,"turns":3},{"damage":0,"enemies":"2 Fungi Beasts","floor":10,"turns":2},{"damage":0,"enemies":"Red Slaver","floor":12,"turns":1},{"damage":0,"enemies":"Lots of Slimes","floor":14,"turns":2},{"damage":15,"enemies":"Fading Forest","floor":16,"turns":11},{"damage":1,"enemies":"3 Byrds","floor":18,"turns":3},{"damage":0,"enemies":"Snake Plant","floor":22,"turns":2},{"damage":1,"enemies":"HollowMod:Nosk","floor":23,"turns":3},{"damage":0,"enemies":"3 Cultists","floor":24,"turns":3},{"damage":0,"enemies":"Gremlin Leader","floor":28,"turns":2},{"damage":3,"enemies":"conspire:HollyBat","floor":30,"turns":4},{"damage":0,"enemies":"Snecko","floor":31,"turns":2},{"damage":0,"enemies":"Champ","floor":33,"turns":3},{"damage":0,"enemies":"3 Darklings","floor":35,"turns":2},{"damage":0,"enemies":"Orb Walker","floor":36,"turns":2},{"damage":0,"enemies":"3 Darklings","floor":38,"turns":2},{"damage":0,"enemies":"Jaw Worm Horde","floor":39,"turns":2},{"damage":3,"enemies":"Reptomancer","floor":40,"turns":2},{"damage":0,"enemies":"Maw","floor":42,"turns":2},{"damage":10,"enemies":"Giant Head","floor":44,"turns":4},{"damage":15,"enemies":"Writhing Mass","floor":48,"turns":2},{"damage":4,"enemies":"Replay:Hell Engine","floor":50,"turns":4},{"damage":0,"enemies":"Shield and Spear","floor":54,"turns":3},{"damage":95,"enemies":"The Heart","floor":55,"turns":5}],"seed_played":"3570496247383932745","potions_obtained":[{"floor":2.0,"key":"BlessingOfTheForge"},{"floor":6,"key":"BlessingOfTheForge"},{"floor":12,"key":"SpeedPotion"},{"floor":14,"key":"DistilledChaos"},{"floor":18,"key":"DemoMod:LeadSkinPotion"},{"floor":19,"key":"testmod-TestPotion"},{"floor":24,"key":"Weak Potion"},{"floor":30,"key":"Fire Potion"},{"floor":33,"key":"SkillPotion"},{"floor":35,"key":"AttackPotion"},{"floor":48,"key":"TheSimpletonMod:KindlingPotion"}],"is_trial":false,"path_per_floor":["M","M","$","$","M","E","M","E","T","M","R","M","R","M","R","B",null,"M","?","$","?","M","E","M","$","T","R","E","R","M","M","R","B",null,"M","M","R","M","M","E","R","M","T","E","R","$","?","M","R","B",null,"R","$","E","B",null],"character_chosen":"THE_DEFAULT","items_purchased":["AT_ArchangelStaff","REME_EyeOfCthun","Ancient Tea Set","ReplayTheSpireMod:CursedCoin","theMarked:DispelDoubt","jedi:arcanewood","testmod-RealStoneCalender","SkillPotion"],"campfire_rested":0,"item_purchase_floors":[3,3,3,4,4,20,46,53],"current_hp_per_floor":[70,70,70,70,70,68,68,61,61,61,61,61,61,61,61,54,70,69,58,58,58,58,57,57,57,57,57,64,64,61,61,61,61,82,82,82,82,82,82,79,79,79,79,69,69,69,69,54,54,50,82,82,82,82,37],"gold":53,"neow_bonus":"TWO_FIFTY_GOLD","is_daily":false,"chose_seed":false,"campfire_upgraded":10,"win_rate":0.0,"timestamp":1613401288,"path_taken":["M","?","?","$","M","E","M","E","T","?","R","M","R","?","R","BOSS","M","?","$","?","M","E","M","$","T","R","E","R","?","M","R","BOSS","M","?","?","M","M","E","R","?","T","E","R","?","?","M","R","BOSS","R","$","E","BOSS"],"items_purchased_type":["Relic","Card","Relic","Relic","Card","Relic","Relic","Potion"],"build_version":"2020-12-22","purchased_purges":4,"victory":true,"max_hp_per_floor":[70,70,70,70,70,70,70,70,70,70,70,70,70,70,70,70,70,70,75,75,75,75,75,75,75,75,75,82,82,82,82,82,82,82,82,82,82,82,82,82,82,82,82,82,82,82,82,82,82,82,82,82,82,82,132],"relic_stats":{"counters":[29,81],"Blue Candle":[0],"obtain_stats":[{"AT_SeraphEmbrace":36,"AT_ATBox":0,"DaveBox":0,"CeramicFish":23,"GremlinMask":21,"DemoMod:GlassGuonStoneRelic":5,"testmod-RandomTest":40,"DemoMod:WhiteGuonStone":54,"AT_ArchangelStaff":3,"Ancient Tea Set":3,"AT_Kusabimaru":8,"aspiration:ChemicalBlood":43,"testmod-TestBox":0,"ReplayTheSpireMod:CursedCoin":4,"Blue Candle":26,"DemoMod:PinkGuonStone":28,"testmod-Justice":0,"theMarked:ArtifactOfAir":0,"jedi:heavyjacket":6,"testmod-RealStoneCalender":46,"SynthV:TestCard":1,"reliquary:RedPaperclip":34,"FeatherPendant":0,"reliquary:WritOfMandamus":17,"conspire:DeflatedDodgeball":44,"jedi:arcanewood":20,"REME_ComplimentaryCards":0},{"AT_SeraphEmbrace":20,"AT_ATBox":0,"DaveBox":0,"CeramicFish":13,"GremlinMask":11,"DemoMod:GlassGuonStoneRelic":3,"testmod-RandomTest":23,"DemoMod:WhiteGuonStone":28,"AT_ArchangelStaff":2,"Ancient Tea Set":2,"AT_Kusabimaru":6,"aspiration:ChemicalBlood":24,"testmod-TestBox":0,"ReplayTheSpireMod:CursedCoin":2,"Blue Candle":14,"DemoMod:PinkGuonStone":15,"testmod-Justice":0,"theMarked:ArtifactOfAir":0,"jedi:heavyjacket":4,"testmod-RealStoneCalender":25,"SynthV:TestCard":1,"reliquary:RedPaperclip":18,"FeatherPendant":0,"reliquary:WritOfMandamus":10,"conspire:DeflatedDodgeball":25,"jedi:arcanewood":11,"REME_ComplimentaryCards":0},{"AT_SeraphEmbrace":54,"AT_ATBox":0,"DaveBox":0,"CeramicFish":37,"GremlinMask":32,"DemoMod:GlassGuonStoneRelic":5,"testmod-RandomTest":61,"DemoMod:WhiteGuonStone":76,"AT_ArchangelStaff":4,"Ancient Tea Set":4,"AT_Kusabimaru":13,"aspiration:ChemicalBlood":63,"testmod-TestBox":0,"ReplayTheSpireMod:CursedCoin":4,"Blue Candle":40,"DemoMod:PinkGuonStone":42,"testmod-Justice":0,"theMarked:ArtifactOfAir":0,"jedi:heavyjacket":8,"testmod-RealStoneCalender":67,"SynthV:TestCard":2,"reliquary:RedPaperclip":51,"FeatherPendant":0,"reliquary:WritOfMandamus":29,"conspire:DeflatedDodgeball":67,"jedi:arcanewood":32,"REME_ComplimentaryCards":0}]},"card_choices":[{"not_picked":["theMarked:HeightenedSenses","theMarked:Improvise"],"picked":"theMarked:BanishingStrike","floor":1.0},{"not_picked":["theMarked:LightningStrikesTwice","theMarked:BanishingStrike","theMarked:Heritage","theMarked:ResourceFulStrike"],"picked":"theMarked:ElectricStrings","floor":2.0},{"not_picked":["theMarked:Opportunist","theMarked:TwofoldDefense","theMarked:Overthink","theMarked:Standoff"],"picked":"theMarked:MysticalArsenal","floor":5.0},{"not_picked":["theMarked:Standoff","theMarked:TakeCover","theMarked:Electrify","theMarked:Frustration"],"picked":"theMarked:Seal","floor":6},{"not_picked":["theMarked:Frustration","theMarked:Determination","theMarked:Polarize","theMarked:Maelstrom"],"picked":"theMarked:WardOff","floor":7},{"not_picked":["theMarked:BanishingStrike","theMarked:Frustration","theMarked:LightningStrikesTwice","theMarked:StartUp"],"picked":"theMarked:BiggerThanFate","floor":8},{"not_picked":["theMarked:BanishingStrike","theMarked:Improvise","theMarked:TunnelVision","theMarked:CreepingChasm"],"picked":"theMarked:UnarmedFury","floor":10},{"not_picked":["theMarked:Static","theMarked:HeightenedSenses","theMarked:MuscleMemory","theMarked:Improvise"],"picked":"theMarked:ResourceFulStrike","floor":12},{"not_picked":["theMarked:EmpowerWeapon","theMarked:HeightenedSenses","theMarked:WardOff","theMarked:RepellingDischarge"],"picked":"theMarked:WastefulAttack","floor":14},{"not_picked":["theMarked:Toughness","theMarked:BiggerThanFate","theMarked:Challenge","theMarked:DispelDoubt"],"picked":"theMarked:EternalStudent","floor":16},{"not_picked":["theMarked:Panic","theMarked:StartUp+1","theMarked:Electrify","theMarked:Parkour"],"picked":"theMarked:Generate+1","floor":18},{"not_picked":["theMarked:DispelDoubt","theMarked:ResourceFulStrike","theMarked:Memento","theMarked:Improvise"],"picked":"theMarked:Panic","floor":22},{"not_picked":["theMarked:Memento","theMarked:TwofoldDefense","theMarked:ResourceFulStrike","theMarked:Maelstrom"],"picked":"theMarked:Electrify","floor":23},{"not_picked":["theMarked:GodGivenPower","theMarked:ChainLightning+1","theMarked:Aftermath","theMarked:Generate"],"picked":"theMarked:Vacuum","floor":24},{"not_picked":["theMarked:Maelstrom","theMarked:ElectricStrings","theMarked:ResourceFulStrike","theMarked:EmpowerWeapon"],"picked":"theMarked:WastefulAttack+1","floor":28},{"not_picked":["theMarked:EmpowerWeapon","theMarked:ChannelForce","theMarked:Improvise","theMarked:ResourceFulStrike"],"picked":"theMarked:ContemptForTheProud","floor":30},{"not_picked":["theMarked:RepellingDischarge","theMarked:Memento","theMarked:Overthink","theMarked:LightningStrikesTwice+1"],"picked":"theMarked:AttractMetal+1","floor":31},{"not_picked":["theMarked:Levitate","theMarked:DispelDoubt","theMarked:Challenge","theMarked:Toughness"],"picked":"theMarked:FavorableWinds","floor":33},{"not_picked":["theMarked:TwofoldDefense","theMarked:ElectricStrings","theMarked:AttractMetal+1","theMarked:Frustration+1"],"picked":"theMarked:BanishingStrike+1","floor":35},{"not_picked":["theMarked:Reabsorb+1","theMarked:Aftermath","theMarked:ResourceFulStrike+1","theMarked:Generate"],"picked":"theMarked:RepellingDischarge+1","floor":36},{"not_picked":["theMarked:Indomitable","theMarked:ParalyzingBlade","theMarked:Memento+1","theMarked:HeightenedSenses"],"picked":"theMarked:Electrify","floor":38},{"not_picked":["theMarked:BanishingStrike","theMarked:WardOff","theMarked:Seal","theMarked:EmpowerWeapon+1"],"picked":"theMarked:Frustration+1","floor":39},{"not_picked":["theMarked:BanishingStrike","theMarked:ChannelForce","theMarked:Aftermath+1","theMarked:SelfDefenseTraining"],"picked":"theMarked:ComboAttacks+1","floor":40},{"not_picked":["theMarked:EternalStudent","theMarked:Generate","theMarked:HeightenedSenses+1","theMarked:Memento+1"],"picked":"theMarked:BanishingStrike+1","floor":42},{"not_picked":["theMarked:Friction","theMarked:BiggerThanFate","theMarked:WardOff+1","theMarked:BindingBlade"],"picked":"theMarked:BanishingWave+1","floor":44},{"not_picked":["theMarked:ResourceFulStrike+1","theMarked:BanishingStrike","theMarked:WastefulAttack","theMarked:Opportunist"],"picked":"theMarked:Overcharge+1","floor":48},{"not_picked":["theMarked:EnhanceMovement+1","theMarked:Pokerface+1","theMarked:ContemptForTheProud","theMarked:Improvise+1"],"picked":"theMarked:Electrocute","floor":54}],"player_experience":537960,"relics_obtained":[{"floor":1.0,"key":"SynthV:TestCard"},{"floor":6,"key":"jedi:heavyjacket"},{"floor":8,"key":"AT_Kusabimaru"},{"floor":23,"key":"CeramicFish"},{"floor":26,"key":"Blue Candle"},{"floor":28,"key":"DemoMod:PinkGuonStone"},{"floor":40,"key":"testmod-RandomTest"},{"floor":43,"key":"aspiration:ChemicalBlood"},{"floor":44,"key":"conspire:DeflatedDodgeball"},{"floor":54,"key":"DemoMod:WhiteGuonStone"}],"event_choices":[{"damage_healed":0,"gold_gain":0,"player_choice":"Trade","damage_taken":0,"relics_obtained":["GremlinMask"],"max_hp_gain":0,"max_hp_loss":0,"event_name":"FaceTrader","floor":21,"gold_loss":0},{"damage_healed":0,"gold_gain":0,"player_choice":"Leave","damage_taken":0,"max_hp_gain":0,"max_hp_loss":0,"event_name":"conspire:Investor","floor":47,"gold_loss":0}],"is_beta":false,"boss_relics":[{"not_picked":["Runesmith:UraniumAnvil","conspire:RunicOctahedron"],"picked":"reliquary:WritOfMandamus"},{"not_picked":["reliquary:KinkedSpring","aspiration:RunesmithSkillbook"],"picked":"reliquary:RedPaperclip"}],"items_purged_floors":[3,4,20,25],"is_endless":false,"potions_floor_spawned":[2,6,12,14,18,24,30,33,35,48],"ascension_level":1}}