{"host":"pj05r22d3fegil3v","time":1613428380,"event":{"mods":["BaseMod","Better Altar","Better Match","Better Note","Better Sensory Stone","Better Skull","Better Third Choice","BetterRewards","Card Filter","Colored Powertips","Curses Come First","Custom Start","DeckTracker","Displayed Cursed Tome","Evolution","Minty Spire (QoL Compilation)","Quick Restart","Rare Cards Sparkle","Relic Filter Mod","Smile Girya","StSLib","Weighted Paths","everything is the same but u backflip on backflip","slay the spire mod where everything is the same but ironclad has a cowboy hat"],"gold_per_floor":[109,109,109,37,37,37,54,84,84,84,102,102,102,112,112,211,211,247,247,247,247],"floor_reached":20,"language":"ENG","playtime":735,"items_purged":[],"score":362,"play_id":"a2fbdb5d-cb05-4e11-b334-80da07819cad","local_time":"20210215173300","is_ascension_mode":true,"campfire_choices":[{"data":"BattleHymn","floor":6,"key":"SMITH"},{"data":"Vengeance","floor":10,"key":"SMITH"},{"data":"MasterReality","floor":12,"key":"SMITH"},{"data":"LikeWater","floor":15,"key":"SMITH"}],"circlet_count":0,"master_deck":["EmptyFist","EmptyFist","Strike_P","Strike_P","Defend_P","Defend_P","Defend_P","Eruption","Vigilance","Vengeance+1","FlurryOfBlows","BattleHymn+1","LikeWater+1","MasterReality+1","Wish","DevaForm"],"relics":["PureWater","EVO:Axolotl","Ginger","Darkstone Periapt","Smiling Mask","Tiny Chest","White Beast Statue","SlaversCollar"],"acts_visited":["Exordium","TheCity"],"potions_floor_usage":[14,16,16,20,20],"damage_taken":[{"damage":0,"enemies":"Jaw Worm","floor":1,"turns":2},{"damage":0,"enemies":"Small Slimes","floor":7,"turns":3},{"damage":0,"enemies":"Lagavulin","floor":8,"turns":4},{"damage":0,"enemies":"2 Louse","floor":11,"turns":3},{"damage":13,"enemies":"Lots of Slimes","floor":14,"turns":3},{"damage":0,"enemies":"Slime Boss","floor":16,"turns":3},{"damage":25,"enemies":"Spheric Guardian","floor":18,"turns":4},{"damage":33,"enemies":"Masked Bandits","floor":20,"turns":2}],"seed_played":"-3384192295788947600","potions_obtained":[{"floor":1,"key":"LiquidBronze"},{"floor":7,"key":"DistilledChaos"},{"floor":11,"key":"SmokeBomb"},{"floor":14,"key":"DuplicationPotion"},{"floor":16,"key":"LiquidBronze"},{"floor":18,"key":"PowerPotion"}],"is_trial":false,"path_per_floor":["M","?","T","$","$","R","M","E","T","R","M","R","?","M","R","B",null,"M","?","?"],"character_chosen":"WATCHER","items_purchased":["Vengeance","BattleHymn"],"campfire_rested":0,"item_purchase_floors":[0,4],"current_hp_per_floor":[72,65,65,65,65,65,65,65,65,65,65,65,65,52,52,52,72,47,33,0,0],"gold":247,"neow_bonus":"","is_daily":false,"chose_seed":false,"campfire_upgraded":4,"win_rate":0.0,"timestamp":1613428380,"path_taken":["M","?","?","?","$","R","M","E","T","R","M","R","?","M","R","BOSS","M","?","?"],"items_purchased_type":["Card","Card"],"build_version":"2020-12-22","purchased_purges":0,"victory":false,"max_hp_per_floor":[72,72,72,72,72,72,72,72,72,72,72,72,72,72,72,72,72,72,72,72,72],"card_choices":[{"not_picked":["ThirdEye","Collect"],"picked":"FlurryOfBlows","floor":1},{"not_picked":["SashWhip","Consecrate","WaveOfTheHand"],"picked":"SKIP","floor":7},{"not_picked":["SashWhip","Collect"],"picked":"LikeWater","floor":8},{"not_picked":["Consecrate","Meditate"],"picked":"MasterReality","floor":11},{"not_picked":["Halt","Protect","SashWhip"],"picked":"SKIP","floor":14},{"not_picked":["SpiritShield","LessonLearned"],"picked":"Wish","floor":16},{"not_picked":["Consecrate","Evaluate","ThirdEye"],"picked":"SKIP","floor":18}],"player_experience":99510,"relics_obtained":[{"floor":3,"key":"Smiling Mask"},{"floor":8,"key":"Tiny Chest"},{"floor":9,"key":"White Beast Statue"}],"event_choices":[{"cards_removed":["Defend_P"],"damage_healed":0,"gold_gain":0,"player_choice":"Card Removal","damage_taken":7,"max_hp_gain":0,"max_hp_loss":0,"event_name":"Golden Wing","floor":2,"gold_loss":0},{"damage_healed":0,"gold_gain":0,"player_choice":"Ignored","damage_taken":102,"max_hp_gain":0,"max_hp_loss":0,"event_name":"betterThird:BetterSerpent","floor":13,"gold_loss":0},{"damage_healed":0,"gold_gain":2,"player_choice":"2","damage_taken":0,"max_hp_gain":0,"max_hp_loss":14,"event_name":"betterStone:BetterStone","floor":19,"gold_loss":0},{"damage_healed":0,"gold_gain":0,"player_choice":"Fought Bandits","damage_taken":0,"max_hp_gain":0,"max_hp_loss":0,"event_name":"Masked Bandits","floor":20,"gold_loss":0}],"is_beta":false,"boss_relics":[{"not_picked":["Tiny House","Pandora\u0027s Box"],"picked":"SlaversCollar"}],"items_purged_floors":[],"is_endless":false,"potions_floor_spawned":[1,7,11,14,16,18],"killed_by":"Masked Bandits","ascension_level":1}}