{"host":"nlbr7nnijupf3yfg","time":1613362042,"event":{"mods":["AchievementEnabler","BaseMod","BetterRewards","Colored Powertips","DeckTracker","Downfall","Hermit","Hubris","Infinite Spire","Minty Spire (QoL Compilation)","Quick Restart","Replay The Spire","StSLib","SuperFastMode"],"gold_per_floor":[412,372,385,400,400,429,446,446,471,4,29,29,29,45,45,45,45],"floor_reached":16,"language":"ENG","playtime":287,"items_purged":[],"score":110,"play_id":"d0af498f-a689-46aa-a5d9-a667a58fb258","local_time":"20210214230722","is_ascension_mode":false,"campfire_choices":[{"data":"hermit:SprayPray","floor":8,"key":"SMITH"},{"floor":15,"key":"REST"}],"circlet_count":0,"master_deck":["hermit:Strike_Hermit","hermit:Strike_Hermit","hermit:Strike_Hermit","hermit:Strike_Hermit","hermit:Defend_Hermit","hermit:Defend_Hermit","hermit:Defend_Hermit","hermit:Defend_Hermit","hermit:Snapshot","hermit:Covet","hubris:Strike_Merchant","hubris:Strike_Merchant","hermit:Ricochet","hermit:Coalescence","hermit:Showdown","hermit:Misfire","hermit:FinalCanter","hermit:SprayPray+1","hermit:SprayPray","hermit:GoldenBullet"],"relics":["hermit:Momento","Old Coin","Happy Flower","Strawberry","hubris:64BitClover","Anchor","Bag of Preparation","hubris:DisguiseKit"],"acts_visited":["Exordium"],"potions_floor_usage":[6,16,16,16],"damage_taken":[{"damage":0,"enemies":"Small Slimes","floor":1,"turns":2},{"damage":0,"enemies":"Cultist","floor":3,"turns":2},{"damage":0,"enemies":"Jaw Worm","floor":4,"turns":2},{"damage":19,"enemies":"3 Sentries","floor":6,"turns":6},{"damage":2,"enemies":"Looter","floor":7,"turns":2},{"damage":14,"enemies":"Gremlin Nob","floor":11,"turns":3},{"damage":0,"enemies":"Exordium Wildlife","floor":14,"turns":1},{"damage":71,"enemies":"The Guardian","floor":16,"turns":8}],"seed_played":"-7268113833666485150","potions_obtained":[{"floor":2,"key":"Languid Potion"},{"floor":2,"key":"ColorlessPotion"},{"floor":2,"key":"FearPotion"},{"floor":7,"key":"Strength Potion"},{"floor":14,"key":"DuplicationPotion"}],"is_trial":false,"path_per_floor":["M","?","M","M","?","E","M","R","T","$","E","$","?","M","R","B"],"character_chosen":"HERMIT","items_purchased":["hubris:64BitClover","Anchor"],"campfire_rested":1,"item_purchase_floors":[10,10],"current_hp_per_floor":[75,75,75,75,75,56,54,54,61,61,47,47,47,47,71,0,0],"gold":45,"neow_bonus":"ONE_RARE_RELIC","is_daily":false,"chose_seed":false,"campfire_upgraded":1,"win_rate":0.0,"timestamp":1613362042,"path_taken":["M","?","?","M","?","E","M","R","T","$","E","$","?","M","R","BOSS"],"items_purchased_type":["Relic","Relic"],"build_version":"2020-12-22","purchased_purges":0,"victory":false,"max_hp_per_floor":[75,75,75,75,75,75,75,75,82,82,82,82,82,82,82,82,82],"card_choices":[{"not_picked":["hermit:TrackingShot","hermit:BodyArmor"],"picked":"hermit:Ricochet","floor":1},{"not_picked":["hermit:BlackWind","hermit:WideOpen"],"picked":"hermit:Coalescence","floor":3},{"not_picked":["hermit:Roulette","hermit:NoHoldsBarred"],"picked":"hermit:Showdown","floor":4},{"not_picked":["hermit:ItchyTrigger","hermit:Desperado"],"picked":"hermit:FinalCanter","floor":6},{"not_picked":["hermit:LowProfile","hermit:Glare"],"picked":"hermit:SprayPray","floor":7},{"not_picked":["hermit:HighCaliber","hermit:Brawl"],"picked":"hermit:SprayPray","floor":11},{"not_picked":["hermit:Quickdraw","hermit:Headshot","sneckomod:Nope"],"picked":"hermit:GoldenBullet","floor":14}],"player_experience":63512,"relics_obtained":[{"floor":6,"key":"Happy Flower"},{"floor":9,"key":"Strawberry"},{"floor":11,"key":"Bag of Preparation"}],"event_choices":[{"damage_healed":0,"gold_gain":0,"player_choice":"Bought 3 Potions","damage_taken":0,"max_hp_gain":0,"max_hp_loss":0,"event_name":"The Woman in Blue","floor":2,"gold_loss":0}],"is_beta":false,"boss_relics":[],"items_purged_floors":[],"is_endless":false,"potions_floor_spawned":[4,7,14],"killed_by":"The Guardian","ascension_level":0}}