{"host":"d52brwsy6af8zvaq","time":1613350067,"event":{"mods":["AchievementEnabler","BaseMod","Bestiary","Highlight Path","Minty Spire (QoL Compilation)","Quick Restart","Relic Stats","ojb\u0027s Better Paths Mod"],"gold_per_floor":[217,84,84,103,118,151,151,182,261,261,280,313,313,313,313,313,313],"floor_reached":16,"language":"ENG","playtime":423,"items_purged":["Strike_B"],"score":236,"play_id":"c51bb45f-d3c0-4616-9b37-d72001bda21e","local_time":"20210214174747","is_ascension_mode":true,"campfire_choices":[{"data":"Sunder","floor":7.0,"key":"SMITH"},{"floor":10.0,"key":"REST"},{"data":"Zap","floor":13.0,"key":"SMITH"},{"floor":15.0,"key":"REST"}],"circlet_count":0,"master_deck":["AscendersBane","Strike_B","Strike_B","Strike_B","Defend_B","Defend_B","Defend_B","Defend_B","Zap+1","Dualcast","Tempest","Ball Lightning","Sunder+1","Go for the Eyes","Genetic Algorithm","Glacier","Cold Snap+1","Melter+1"],"relics":["Cracked Core","TungstenRod","Bag of Marbles","Kunai"],"acts_visited":["Exordium"],"potions_floor_usage":[],"damage_taken":[{"damage":2.0,"enemies":"Jaw Worm","floor":1.0,"turns":3.0},{"damage":5.0,"enemies":"Small Slimes","floor":4.0,"turns":3.0},{"damage":0.0,"enemies":"2 Louse","floor":5.0,"turns":2.0},{"damage":25.0,"enemies":"3 Sentries","floor":6.0,"turns":6.0},{"damage":7.0,"enemies":"Gremlin Nob","floor":8.0,"turns":3.0},{"damage":0.0,"enemies":"2 Fungi Beasts","floor":11.0,"turns":3.0},{"damage":17.0,"enemies":"Lagavulin","floor":12.0,"turns":8.0},{"damage":32,"enemies":"Slime Boss","floor":16,"turns":6}],"seed_played":"4921670792204588802","potions_obtained":[{"floor":5.0,"key":"Fire Potion"},{"floor":8.0,"key":"Block Potion"},{"floor":12.0,"key":"Energy Potion"}],"is_trial":false,"path_per_floor":["M","$","?","M","M","E","R","E","T","R","M","E","R","?","R","B"],"character_chosen":"DEFECT","items_purchased":["Ball Lightning"],"campfire_rested":2,"item_purchase_floors":[2],"current_hp_per_floor":[62,62,62,57,57,32,32,25,25,46,46,29,29,9,30,0,0],"gold":313,"neow_bonus":"HUNDRED_GOLD","is_daily":false,"chose_seed":false,"campfire_upgraded":2,"win_rate":0.0,"timestamp":1613350067,"path_taken":["M","$","?","M","M","E","R","E","T","R","M","E","R","?","R","BOSS"],"items_purchased_type":["Card"],"build_version":"2020-12-22","purchased_purges":1,"victory":false,"max_hp_per_floor":[71,71,71,71,71,71,71,71,71,71,71,71,71,71,71,71,71],"relic_stats":{"counters":[8,34],"Kunai":[2],"obtain_stats":[{"Bag of Marbles":8,"Kunai":12,"Cracked Core":0,"TungstenRod":6},{"Bag of Marbles":5,"Kunai":7,"Cracked Core":0,"TungstenRod":4},{"Bag of Marbles":17,"Kunai":28,"Cracked Core":0,"TungstenRod":14}],"TungstenRod":9},"card_choices":[{"not_picked":["Hologram","Loop"],"picked":"Tempest","floor":1.0},{"not_picked":["Leap","Barrage"],"picked":"Sunder","floor":4.0},{"not_picked":["Scrape","Streamline"],"picked":"Go for the Eyes","floor":5.0},{"not_picked":["Stack","Go for the Eyes"],"picked":"Genetic Algorithm","floor":6.0},{"not_picked":["Leap","Go for the Eyes"],"picked":"Glacier","floor":8.0},{"not_picked":["Double Energy","Aggregate"],"picked":"Cold Snap","floor":11.0},{"not_picked":["Auto Shields","Steam"],"picked":"Melter","floor":12.0}],"player_experience":2265118,"relics_obtained":[{"floor":6.0,"key":"TungstenRod"},{"floor":8.0,"key":"Bag of Marbles"},{"floor":12.0,"key":"Kunai"}],"event_choices":[{"damage_healed":0.0,"max_hp_gain":0.0,"max_hp_loss":0.0,"gold_gain":0.0,"event_name":"Golden Wing","player_choice":"Ignored","floor":3.0,"gold_loss":0.0,"damage_taken":0.0},{"damage_healed":0.0,"max_hp_gain":0.0,"max_hp_loss":0.0,"gold_gain":0.0,"event_name":"Shining Light","player_choice":"Entered Light","floor":14.0,"gold_loss":0.0,"damage_taken":21.0,"cards_upgraded":["Melter","Cold Snap"]}],"is_beta":false,"boss_relics":[],"items_purged_floors":[2],"is_endless":false,"potions_floor_spawned":[5,8,12],"killed_by":"Slime Boss","ascension_level":20}}