{"host":"ee5exjejqz6r5zx9","time":1613409907,"event":{"mods":["ATMod(°¢èªMod)","Act Like it!","BaseMod","Card Forge","Colored Powertips","Custom Start","Gensokyo","HololiveMod","Minty Spire (QoL Compilation)","MostiFishMod","Quick Restart","Rare Cards Sparkle","Relic Filter Mod","Remove Card Discount Mod","Replay The Spire","RumiaBox-Â¶Ã×æ«µÄÉñÃØºÐ×Ó","Shop Mod","StSLib","TestMod","¡¾¹¦ÄÜMod¡¿»ìãçÖ®»·ÐÞ¸´²¹¶¡","¡¾ÒÅÎï¿¨ÅÆ¡¿REMEMod"],"gold_per_floor":[111,3333,3265,3276,3293,3318,3318,3352,3405,3418,3444,3444,3438,3473,3473,3544,3544,3555,3568,3038,2953,2995,3021,3021,3050,3050,3050,3078,3091,3091,3124,3124,3201,3301,3318,3345,3345,3345,3171,3204,3223,3257,3257,3257,3274,3291,3306,3306,3306,3306,3306,3306,3306,3306,3331,3331],"floor_reached":57,"language":"ZHS","playtime":1545,"items_purged":["Strike_R","Defend_R","Strike_R","Decay"],"score":3287,"play_id":"0c1c55fb-e923-4a7d-a46d-f1e420cba843","local_time":"20210216012507","is_ascension_mode":true,"campfire_choices":[{"floor":7.0,"key":"RECALL"},{"floor":15.0,"key":"REST"}],"circlet_count":0,"master_deck":["AscendersBane","Scrawl+1","Bloodletting+1","Feel No Pain+1","Power Through+1","REME_ACTH+1","Entrench+1","AT_BodySlamDance+1","True Grit+1","Burning Pact+1"],"relics":["Black Blood","Hammer of Thor","Seething Fire","Anvil of the Gods","testmod-TestBox","REME_ComplimentaryCards","DaveBox","AT_ATBox","testmod-ArcanaOfDestiny","ImprovedEquipment","NeowsBlessing","SynthV:TestCard","Pondfish Scales","Sundial","MealTicket","AT_ArcaneBoots","Pen Nib","Replay:Grab Bag","Coffee Dripper","Fusion Hammer","Ice Cream","Technique","Magic Flower","King of Hearts","Regal Pillow","Bottled Lightning","Bronze Scales","Calipers","Replay:Wanted Poster","War Paint","Strawberry","AT_BellDemon","Nunchaku","testmod-BalancedPeriapt","Blood Vial","AT_DeathDance","testmod-CasingShield","testmod-EqualTreatment","REME_IWantAll","Orichalcum"],"acts_visited":["Exordium","TheCity","TheBeyond","TheEnding"],"potions_floor_usage":[56,56],"damage_taken":[{"damage":0.0,"enemies":"2 Louse","floor":1.0,"turns":1.0},{"damage":0.0,"enemies":"Cultist","floor":2.0,"turns":1.0},{"damage":0.0,"enemies":"Jaw Worm","floor":4.0,"turns":1.0},{"damage":3.0,"enemies":"3 Louse","floor":5.0,"turns":2.0},{"damage":1.0,"enemies":"3 Sentries","floor":6.0,"turns":7.0},{"damage":9.0,"enemies":"Replay:BlueRogue","floor":8.0,"turns":3.0},{"damage":0.0,"enemies":"Red Slaver","floor":10.0,"turns":2.0},{"damage":0.0,"enemies":"3 Sentries","floor":14.0,"turns":6.0},{"damage":3.0,"enemies":"Slime Boss","floor":16.0,"turns":3.0},{"damage":0.0,"enemies":"Spheric Guardian","floor":18.0,"turns":1.0},{"damage":0.0,"enemies":"Chosen","floor":19.0,"turns":1.0},{"damage":0,"enemies":"Book of Stabbing","floor":23,"turns":1},{"damage":0,"enemies":"Gremlin Leader","floor":25,"turns":2},{"damage":3,"enemies":"Replay:Snechameleon","floor":28,"turns":1},{"damage":0,"enemies":"Sentry and Sphere","floor":29,"turns":1},{"damage":3,"enemies":"Slavers","floor":31,"turns":1},{"damage":3,"enemies":"Collector","floor":33,"turns":1},{"damage":3,"enemies":"3 Darklings","floor":35,"turns":1},{"damage":3,"enemies":"R_Hoarder","floor":40,"turns":3},{"damage":3,"enemies":"3 Shapes","floor":41,"turns":1},{"damage":0,"enemies":"Giant Head","floor":42,"turns":1},{"damage":0,"enemies":"Spire Growth","floor":45,"turns":1},{"damage":0,"enemies":"Jaw Worm Horde","floor":46,"turns":1},{"damage":3,"enemies":"Writhing Mass","floor":47,"turns":1},{"damage":3,"enemies":"Donu and Deca","floor":50,"turns":1},{"damage":3,"enemies":"Replay:Hell Engine","floor":51,"turns":1},{"damage":3,"enemies":"Shield and Spear","floor":55,"turns":1},{"damage":0,"enemies":"The Heart","floor":56,"turns":4}],"seed_played":"7411314953956655077","potions_obtained":[{"floor":5.0,"key":"Fire Potion"},{"floor":8.0,"key":"Dexterity Potion"},{"floor":14.0,"key":"SteroidPotion"},{"floor":19.0,"key":"Ancient Potion"},{"floor":55,"key":"Adrenaline Potion"}],"is_trial":false,"path_per_floor":["M","M","?","M","M","E","R","E","T","M","T","?","$","E","R","B",null,"M","M","$","?","?","E","R","E","T","R","E","M","?","E","R","B",null,"M","T","?","?","$","E","M","E","T","?","M","M","M","?","R","B","B",null,"R","$","E","B",null],"character_chosen":"IRONCLAD","items_purchased":["Ice Cream","True Grit","Technique","Strawberry"],"campfire_rested":1,"item_purchase_floors":[20,20,20,39],"current_hp_per_floor":[74,75,75,75,75,75,75,72,72,75,75,75,75,75,75,75,75,75,75,75,75,75,75,75,75,75,75,75,75,69,75,75,75,75,75,75,75,75,82,82,82,82,82,82,82,82,82,82,82,82,82,82,82,82,82,82],"gold":3331,"neow_bonus":"THREE_ENEMY_KILL","is_daily":false,"chose_seed":false,"campfire_upgraded":0,"win_rate":0.0,"timestamp":1613409907,"path_taken":["M","M","?","?","?","E","R","E","T","?","?","?","$","E","R","BOSS","M","M","$","?","?","E","R","E","T","R","E","M","?","E","R","BOSS","M","?","?","?","$","E","?","E","T","?","?","M","M","?","R","BOSS","BOSS","R","$","E","BOSS"],"items_purchased_type":["Relic","Card","Relic","Relic"],"build_version":"2020-12-22","purchased_purges":4,"victory":true,"max_hp_per_floor":[75,75,75,75,75,75,75,75,75,75,75,75,75,75,75,75,75,75,75,75,75,75,75,75,75,75,75,75,75,75,75,75,75,75,75,75,75,75,82,82,82,82,82,82,82,82,82,82,82,82,82,82,82,82,82,82],"card_choices":[{"not_picked":["ReplayTheSpireMod:Strike From Hell","REME_FearOfPain"],"picked":"Bloodletting","floor":1.0},{"not_picked":["Headbutt","Twin Strike","Heavy Blade","Clash"],"picked":"Feel No Pain","floor":2.0},{"not_picked":["AT_BodySlamDance","Pommel Strike","Sword Boomerang","Wild Strike"],"picked":"Power Through","floor":4.0},{"not_picked":["Whirlwind","Clothesline","Flame Barrier","ReplayTheSpireMod:Strike From Hell"],"picked":"REME_ACTH","floor":5.0},{"not_picked":["Life Link","Iron Wave","Defy Death","Feel No Pain","Ghostly Armor"],"picked":"SKIP","floor":6.0},{"not_picked":["Limit Break","Seeing Red","Armaments","Hemogenesis"],"picked":"Entrench","floor":8.0},{"not_picked":["Headbutt","Pummel","AT_DrawKnifeCut","Clothesline"],"picked":"AT_IchimonjiDouble","floor":10.0},{"not_picked":["Replay:Undeath\u0027s Touch","Heavy Blade","Rupture","Seeing Red"],"picked":"Pommel Strike","floor":14.0},{"not_picked":["Offering","Impervious","Eclipse","MostiFishMod:DarkDeal"],"picked":"Juggernaut","floor":16.0},{"not_picked":["Run Through","Cleave","AT_DiedThrough","Shrug It Off+1","Dropkick"],"picked":"SKIP","floor":18.0},{"not_picked":["True Grit","Entrench","Flex","MostiFishMod:Chiaki"],"picked":"AT_BodySlamDance","floor":19.0},{"not_picked":["Ghostly Armor","AT_ShrugMaster","Pommel Strike","AT_BodySlamDance"],"picked":"Burning Pact","floor":22.0},{"not_picked":["Power Through","REME_Scribble","Warcry","MostiFishMod:#F4004","Sever Soul"],"picked":"SKIP","floor":23},{"not_picked":["Power Through","Replay:Undeath\u0027s Touch","Thunderclap","Dual Wield","Headbutt"],"picked":"SKIP","floor":25},{"not_picked":["Entrench","Massacre+1","AT_DiedThrough","ReplayTheSpireMod:Strike From Hell","MostiFishMod:HellRitual"],"picked":"SKIP","floor":28},{"not_picked":["Body Slam","Perfected Strike","AT_IchimonjiDouble","Iron Wave","ReplayTheSpireMod:Muscle Training"],"picked":"SKIP","floor":29},{"not_picked":["Blood for Blood+1","AT_ManFootWork","Cleave","Defy Death+1","Reckless Charge"],"picked":"SKIP","floor":31},{"not_picked":["Iron Wave","ReplayTheSpireMod:Limb From Limb","Anger","Run Through","Abandon+1"],"picked":"SKIP","floor":35},{"not_picked":["Clothesline","ReplayTheSpireMod:Limb From Limb","MostiFishMod:ChineseTea","Replay:Undeath\u0027s Touch","Iron Wave+1"],"picked":"SKIP","floor":40},{"not_picked":["Replay:Undeath\u0027s Touch","AT_GerminateFire+1","Anger","Armaments","Cleave"],"picked":"SKIP","floor":41},{"not_picked":["Headbutt+1","Abandon+1","ReplayTheSpireMod:Stacked","Anger+1","Hemogenesis"],"picked":"SKIP","floor":42},{"not_picked":["Entrench+1","Iron Wave","Armaments+1","ReplayTheSpireMod:LeadingStrike","Heavy Blade"],"picked":"SKIP","floor":45},{"not_picked":["Heavy Blade+1","Cleave","Perfected Strike","Ghostly Armor","AT_IchimonjiDouble"],"picked":"SKIP","floor":46},{"not_picked":["REME_SingleHolding","Pommel Strike","Havoc","Rampage+1","Run Through"],"picked":"SKIP","floor":47},{"not_picked":["Sword Boomerang","Clothesline+1","Cleave","ReplayTheSpireMod:LeadingStrike","Power Through+1"],"picked":"SKIP","floor":55}],"player_experience":447222,"relics_obtained":[{"floor":1.0,"key":"SynthV:TestCard"},{"floor":6.0,"key":"Sundial"},{"floor":8.0,"key":"MealTicket"},{"floor":9.0,"key":"AT_SpeedBoots"},{"floor":14.0,"key":"Pen Nib"},{"floor":22.0,"key":"King of Hearts"},{"floor":23,"key":"Regal Pillow"},{"floor":26,"key":"Bottled Lightning"},{"floor":28,"key":"Bronze Scales"},{"floor":31,"key":"Calipers"},{"floor":36,"key":"War Paint"},{"floor":40,"key":"AT_BellDemon"},{"floor":41,"key":"Nunchaku"},{"floor":42,"key":"testmod-BalancedPeriapt"},{"floor":42,"key":"Blood Vial"},{"floor":43,"key":"AT_DeathDance"},{"floor":45,"key":"testmod-CasingShield"},{"floor":47,"key":"testmod-EqualTreatment"},{"floor":55,"key":"REME_IWantAll"},{"floor":55,"key":"Orichalcum"}],"event_choices":[{"damage_healed":0.0,"max_hp_gain":0.0,"max_hp_loss":0.0,"gold_gain":0.0,"event_name":"WeMeetAgain","player_choice":"Paid Gold","floor":3.0,"gold_loss":68.0,"damage_taken":0.0,"relics_obtained":["Pondfish Scales"]},{"damage_healed":0.0,"max_hp_gain":0.0,"max_hp_loss":0.0,"gold_gain":0.0,"cards_transformed":["AT_DrawKnifeCut"],"event_name":"Living Wall","player_choice":"Change","floor":12.0,"gold_loss":0.0,"damage_taken":0.0,"cards_obtained":["MostiFishMod:DarkDeal"]},{"damage_healed":0.0,"max_hp_gain":0.0,"max_hp_loss":0.0,"gold_gain":0.0,"event_name":"Addict","player_choice":"Obtained Relic","floor":21.0,"gold_loss":85.0,"damage_taken":0.0,"relics_obtained":["Magic Flower"]},{"damage_healed":0,"gold_gain":0,"player_choice":"","damage_taken":6,"max_hp_gain":0,"max_hp_loss":0,"event_name":"Knowing Skull","floor":30,"potions_obtained":[],"gold_loss":0,"cards_obtained":[]},{"cards_removed":["Pommel Strike"],"damage_healed":0,"gold_gain":0,"player_choice":"Removed Attack","damage_taken":0,"max_hp_gain":0,"max_hp_loss":0,"event_name":"Falling","floor":37,"gold_loss":0},{"damage_healed":0,"gold_gain":0,"player_choice":"Cursed","damage_taken":0,"max_hp_gain":0,"max_hp_loss":0,"event_name":"Wheel of Change","floor":38,"gold_loss":0,"cards_obtained":["Decay"]},{"damage_healed":0,"gold_gain":0,"player_choice":"Ignored","damage_taken":0,"max_hp_gain":0,"max_hp_loss":0,"event_name":"Transmorgrifier","floor":44,"gold_loss":0},{"damage_healed":0,"gold_gain":0,"player_choice":"Ignored","damage_taken":0,"max_hp_gain":0,"max_hp_loss":0,"event_name":"Tomb of Lord Red Mask","floor":48,"gold_loss":0}],"is_beta":false,"boss_relics":[{"not_picked":["SlaversCollar","AddBug"],"picked":"Replay:Grab Bag"},{"not_picked":["Busted Crown","Cursed Key"],"picked":"Coffee Dripper"},{"not_picked":["Philosopher\u0027s Stone","ChewingGum"],"picked":"Fusion Hammer"},{"not_picked":["Honey Jar","Kintsugi"],"picked":"Black Blood"},{"not_picked":["Abe\u0027s Treasure","REME_LowDesire"],"picked":"Replay:Wanted Poster"}],"items_purged_floors":[13,13,13,39],"is_endless":false,"potions_floor_spawned":[4,5,8,14,19,25,29,35,40,41,42,46,55],"ascension_level":20}}