{"host":"c83fcgyuu74iknko","time":1613378943,"event":{"mods":["BaseMod","BetterRewards","Colored Map","Colored Powertips","Minty Spire (QoL Compilation)","Quick Restart","StSLib","The Animator","The Senshi"],"gold_per_floor":[112,112,112,187,100,100,100,100,100,114,46,46,58,73,73,170,170,181,195,195,213,313,313,347,347,347,364,364,48,48,48],"floor_reached":30,"language":"ENG","playtime":1136,"items_purged":["Defend_P"],"score":236,"play_id":"a828f886-d650-492d-80ff-3214837c45d4","local_time":"20210215004903","is_ascension_mode":false,"campfire_choices":[{"data":"BattleHymn","floor":6,"key":"SMITH"},{"data":"Consecrate","floor":8,"key":"SMITH"},{"data":"TalkToTheHand","floor":12,"key":"SMITH"},{"data":"Halt","floor":15,"key":"SMITH"},{"data":"DeceiveReality","floor":23,"key":"SMITH"},{"data":"MasterReality","floor":25,"key":"SMITH"}],"circlet_count":0,"master_deck":["Strike_P","Strike_P","Defend_P","Defend_P","Eruption+1","Vigilance","Consecrate+1","BattleHymn+1","DeceiveReality+1","TalkToTheHand+1","Halt+1","Evaluate","DevaForm","FollowUp","MasterReality+1","Consecrate+1","Collect","FlurryOfBlows","Halt"],"relics":["HolyWater","Smiling Mask","Strawberry","Pen Nib","Bottled Flame","Gremlin Horn"],"acts_visited":["Exordium","TheCity"],"potions_floor_usage":[24,27,30],"damage_taken":[{"damage":0,"enemies":"Small Slimes","floor":1,"turns":4},{"damage":0,"enemies":"2 Louse","floor":10,"turns":3},{"damage":0,"enemies":"Jaw Worm","floor":13,"turns":2},{"damage":17,"enemies":"Lots of Slimes","floor":14,"turns":4},{"damage":18,"enemies":"Hexaghost","floor":16,"turns":9},{"damage":6,"enemies":"Shell Parasite","floor":18,"turns":5},{"damage":1,"enemies":"Spheric Guardian","floor":19,"turns":4},{"damage":10,"enemies":"Centurion and Healer","floor":21,"turns":5},{"damage":46,"enemies":"Slavers","floor":24,"turns":7},{"damage":18,"enemies":"Snake Plant","floor":27,"turns":2},{"damage":6,"enemies":"Gremlin Leader","floor":30,"turns":4}],"seed_played":"2551901797253204578","potions_obtained":[{"floor":13,"key":"GamblersBrew"},{"floor":16,"key":"Fruit Juice"},{"floor":18,"key":"Ambrosia"}],"is_trial":false,"path_per_floor":["M","?","?","?","$","R","?","R","T","M","$","R","M","M","R","B",null,"M","M","?","M","?","R","E","R","T","M","?","$","E"],"character_chosen":"WATCHER","items_purchased":["BattleHymn","TalkToTheHand","Halt","Gremlin Horn"],"campfire_rested":0,"item_purchase_floors":[5,11,29,29],"current_hp_per_floor":[72,72,65,54,54,54,54,54,61,61,61,61,61,44,44,26,79,73,72,72,62,62,62,21,21,21,3,3,3,0,0],"gold":48,"neow_bonus":"REMOVE_CARD","is_daily":false,"chose_seed":false,"campfire_upgraded":6,"win_rate":0.0,"timestamp":1613378943,"path_taken":["M","?","?","?","$","R","?","R","T","M","$","R","M","M","R","BOSS","M","M","?","M","?","R","E","R","T","?","?","$","E"],"items_purchased_type":["Card","Card","Card","Relic"],"build_version":"2020-12-22","purchased_purges":1,"victory":false,"max_hp_per_floor":[72,72,72,72,72,72,72,72,79,79,79,79,79,79,79,79,79,79,79,79,79,79,79,84,84,84,84,84,84,84,84],"card_choices":[{"not_picked":["ClearTheMind","EmptyFist"],"picked":"Consecrate","floor":1},{"not_picked":["Prostrate","ClearTheMind"],"picked":"DeceiveReality","floor":10},{"not_picked":["BowlingBash","Evaluate"],"picked":"Halt","floor":13},{"not_picked":["Weave","Protect"],"picked":"Evaluate","floor":14},{"not_picked":["Judgement","DeusExMachina"],"picked":"DevaForm","floor":16},{"not_picked":["InnerPeace","Tantrum","FlurryOfBlows+1"],"picked":"SKIP","floor":18},{"not_picked":["FlurryOfBlows","BowlingBash+1"],"picked":"FollowUp","floor":19},{"not_picked":["FlurryOfBlows","CutThroughFate","FlyingSleeves"],"picked":"SKIP","floor":21},{"not_picked":["FollowUp","InnerPeace"],"picked":"MasterReality","floor":24},{"not_picked":["CarveReality","CutThroughFate"],"picked":"Consecrate+1","floor":27}],"player_experience":229308,"relics_obtained":[{"floor":9,"key":"Strawberry"},{"floor":24,"key":"Pen Nib"},{"floor":26,"key":"Bottled Flame"}],"event_choices":[{"damage_healed":0,"gold_gain":0,"player_choice":"Ignored","damage_taken":0,"max_hp_gain":0,"max_hp_loss":0,"event_name":"Liars Game","floor":2,"gold_loss":0},{"damage_healed":0,"gold_gain":0,"player_choice":"Success","damage_taken":7,"relics_obtained":["Smiling Mask"],"max_hp_gain":0,"max_hp_loss":0,"event_name":"Scrap Ooze","floor":3,"gold_loss":0},{"damage_healed":0,"gold_gain":75,"player_choice":"Gather Gold","damage_taken":11,"max_hp_gain":0,"max_hp_loss":0,"event_name":"World of Goop","floor":4,"gold_loss":0},{"damage_healed":0,"gold_gain":0,"player_choice":"Grow","damage_taken":0,"max_hp_gain":0,"max_hp_loss":0,"event_name":"Living Wall","floor":7,"gold_loss":0,"cards_upgraded":["Eruption"]},{"damage_healed":0,"gold_gain":0,"player_choice":"Ignored","damage_taken":0,"max_hp_gain":0,"max_hp_loss":0,"event_name":"Ghosts","floor":20,"gold_loss":0},{"damage_healed":0,"gold_gain":100,"player_choice":"Pray","damage_taken":0,"max_hp_gain":0,"max_hp_loss":0,"event_name":"Golden Shrine","floor":22,"gold_loss":0},{"damage_healed":0,"gold_gain":0,"cards_transformed":["Strike_P","Defend_P"],"player_choice":"Became Test Subject","damage_taken":0,"max_hp_gain":0,"max_hp_loss":0,"event_name":"Drug Dealer","floor":28,"gold_loss":0,"cards_obtained":["Collect","FlurryOfBlows"]}],"is_beta":false,"boss_relics":[{"not_picked":["Pandora\u0027s Box","Calling Bell"],"picked":"HolyWater"}],"items_purged_floors":[5],"is_endless":false,"potions_floor_spawned":[13,16,18,21],"killed_by":"Gremlin Leader","ascension_level":0}}