{"host":"5o041qry45dym2df","time":1613431950,"event":{"mods":["BaseMod","Downfall","Minty Spire (QoL Compilation)","StSLib","The Bug Knight"],"gold_per_floor":[112,62,79,79,90,101,101,133,204,214,62,62,62,62],"floor_reached":13,"language":"ENG","playtime":1352,"items_purged":[],"score":85,"play_id":"fc066c01-266f-475f-acfa-be51abb6aaef","local_time":"20210215183230","is_ascension_mode":false,"campfire_choices":[{"data":"HollowMod:VengefulVoid","floor":7,"key":"SMITH"}],"circlet_count":0,"master_deck":["HollowMod:NailStrikeStart","HollowMod:NailStrikeStart","HollowMod:NailStrikeStart","HollowMod:QuickDashStart","HollowMod:QuickDashStart","HollowMod:QuickDashStart","HollowMod:QuickDashStart","HollowMod:FocusHealStart","HollowMod:PogoStrike","HollowMod:SoulStrike","HollowMod:InfectedAttack+1","HollowMod:VengefulVoid+1","HollowMod:VengefulVoid","HollowMod:Hiveblood","HollowMod:ChannelNail","HollowMod:NewGlowingWomb","HollowMod:InfectedAttack","HollowMod:TaintedHusks"],"relics":["HollowMod:VesselMask","Unceasing Top","Pocketwatch","Bottled Lightning","Eternal Feather"],"acts_visited":["Exordium"],"potions_floor_usage":[8,10],"damage_taken":[{"damage":0,"enemies":"Small Slimes","floor":1,"turns":3},{"damage":2,"enemies":"2 Louse","floor":3,"turns":2},{"damage":0,"enemies":"Cultist","floor":5,"turns":3},{"damage":17,"enemies":"Red Slaver","floor":6,"turns":4},{"damage":38,"enemies":"3 Sentries","floor":8,"turns":10},{"damage":20,"enemies":"2 Fungi Beasts","floor":10,"turns":4},{"damage":45,"enemies":"Lagavulin","floor":13,"turns":4}],"seed_played":"-3149544579566619145","potions_obtained":[{"floor":1,"key":"Block Potion"},{"floor":3,"key":"Ancient Potion"},{"floor":8,"key":"Guardian:BlockOnCardUsePotion"}],"is_trial":false,"path_per_floor":["M","?","M","?","M","M","R","E","T","M","$","T","E"],"character_chosen":"THE_BUGKNIGHT","items_purchased":["HollowMod:NewGlowingWomb","HollowMod:InfectedAttack","HollowMod:TaintedHusks"],"campfire_rested":0,"item_purchase_floors":[11,11,11],"current_hp_per_floor":[68,68,66,66,66,49,49,23,23,25,25,25,0,0],"gold":62,"neow_bonus":"ONE_RARE_RELIC","is_daily":false,"chose_seed":false,"campfire_upgraded":1,"win_rate":0.0,"timestamp":1613431950,"path_taken":["M","?","M","?","?","M","R","E","T","M","$","?","E"],"items_purchased_type":["Card","Card","Card"],"build_version":"2020-12-22","purchased_purges":0,"victory":false,"max_hp_per_floor":[68,68,68,68,68,68,68,68,68,68,68,68,68,68],"card_choices":[{"not_picked":["HollowMod:VengefulSpirit","HollowMod:WraithStrike"],"picked":"HollowMod:SoulStrike","floor":1},{"not_picked":["HollowMod:HuntersJournal","HollowMod:BlackTendrils"],"picked":"HollowMod:InfectedAttack","floor":3},{"not_picked":["HollowMod:AbyssShriek","HollowMod:DoubleDash"],"picked":"HollowMod:VengefulVoid","floor":5},{"not_picked":["HollowMod:ShadowDash","HollowMod:NewLittleFool"],"picked":"HollowMod:VengefulVoid","floor":6},{"not_picked":["HollowMod:CloakDash","HollowMod:SoulStrike"],"picked":"HollowMod:Hiveblood","floor":8},{"not_picked":["HollowMod:PerfectDash","HollowMod:DesolateDive"],"picked":"HollowMod:ChannelNail","floor":10}],"player_experience":177257,"relics_obtained":[{"floor":8,"key":"Pocketwatch"},{"floor":9,"key":"Bottled Lightning"},{"floor":12,"key":"Eternal Feather"}],"event_choices":[{"cards_removed":["HollowMod:NailStrikeStart"],"damage_healed":0,"gold_gain":0,"player_choice":"Card Removal","damage_taken":0,"max_hp_gain":0,"max_hp_loss":0,"event_name":"The Cleric","floor":2,"gold_loss":50},{"damage_healed":0,"gold_gain":0,"player_choice":"Upgraded","damage_taken":0,"max_hp_gain":0,"max_hp_loss":0,"event_name":"Upgrade Shrine","floor":4,"gold_loss":0,"cards_upgraded":["HollowMod:InfectedAttack"]}],"is_beta":false,"boss_relics":[],"items_purged_floors":[],"is_endless":false,"potions_floor_spawned":[1,3,8],"killed_by":"Lagavulin","ascension_level":0}}