{"host":"4b06nrmhsmzqjm1r","time":1613426275,"event":{"mods":["2.2 Compatiblity","AchievementEnabler","BaseMod","BetterRewards","Colored Map","Colored Powertips","Hermit","Highlight Path","Minty Spire (QoL Compilation)","StSLib","The Cursed"],"gold_per_floor":[114,114,47,47,47,77,92,107,132,144,156,198,210,226,238,350,362,389,316,328,340,352,394,406,433,520,562,574,220,235,265,265,365,365,380,380,380,380,19,49,49,49],"floor_reached":41,"language":"ENG","playtime":2917,"items_purged":[],"score":504,"play_id":"4ecd2506-473e-418a-9549-f91c3fccc7d7","local_time":"20210215225755","daily_mods":["Heirloom","Flight","Night Terrors"],"is_ascension_mode":false,"campfire_choices":[{"data":"Armaments","floor":13,"key":"SMITH"},{"data":"Rupture","floor":15,"key":"SMITH"},{"data":"Immolate","floor":24,"key":"SMITH"},{"data":"Heavy Blade","floor":32,"key":"SMITH"}],"circlet_count":0,"master_deck":["Strike_R+1","Strike_R+1","Strike_R+1","Strike_R+1","Strike_R+1","Defend_R+1","Defend_R+1","Defend_R+1","Bash+1","Shrug It Off+1","Rupture+1","Twin Strike+1","Anger+1","Perfected Strike+1","Armaments+1","Brutality+1","Double Tap+1","Heavy Blade+1","Decay","Hemokinesis+1","Rupture+1","Hemokinesis+1","True Grit+1","Juggernaut+1","Bloodletting+1","Combust","Limit Break","Flame Barrier+1"],"relics":["Black Blood","Torii","Anchor","Orichalcum","MawBank","Lantern","Letter Opener","Odd Mushroom","Coffee Dripper","Smiling Mask","War Paint","Self Forming Clay","The Courier","Calipers","Juzu Bracelet","Mark of the Bloom","Lizard Tail","White Beast Statue"],"acts_visited":["Exordium","TheCity","TheBeyond"],"potions_floor_usage":[6,8,14,18,23,27,27,28,31,33,33],"damage_taken":[{"damage":8,"enemies":"2 Louse","floor":1,"turns":3},{"damage":38,"enemies":"Lagavulin","floor":6,"turns":12},{"damage":0,"enemies":"Jaw Worm","floor":7,"turns":3},{"damage":0,"enemies":"Cultist","floor":8,"turns":2},{"damage":3,"enemies":"3 Sentries","floor":12,"turns":6},{"damage":1,"enemies":"The Mushroom Lair","floor":14,"turns":4},{"damage":32,"enemies":"Hexaghost","floor":16,"turns":6},{"damage":3,"enemies":"2 Thieves","floor":18,"turns":3},{"damage":18,"enemies":"Book of Stabbing","floor":23,"turns":5},{"damage":0,"enemies":"Spheric Guardian","floor":25,"turns":3},{"damage":25,"enemies":"Slavers","floor":27,"turns":6},{"damage":8,"enemies":"Cultist and Chosen","floor":30,"turns":5},{"damage":22,"enemies":"Book of Stabbing","floor":31,"turns":5},{"damage":23,"enemies":"Champ","floor":33,"turns":4},{"damage":4,"enemies":"Orb Walker","floor":35,"turns":3},{"damage":43,"enemies":"Nemesis","floor":40,"turns":5},{"damage":39,"enemies":"2 Orb Walkers","floor":41,"turns":2}],"seed_played":"5535013652570512859","potions_obtained":[{"floor":1,"key":"SpeedPotion"},{"floor":7,"key":"Regen Potion"},{"floor":12,"key":"HeartOfIron"},{"floor":16,"key":"EntropicBrew"},{"floor":18,"key":"GamblersBrew"},{"floor":23,"key":"Energy Potion"},{"floor":28,"key":"Fruit Juice"},{"floor":28,"key":"DuplicationPotion"},{"floor":28,"key":"Block Potion"},{"floor":31,"key":"PowerPotion"}],"is_trial":false,"path_per_floor":["M","?","$","?","T","E","M","M","T","?","?","E","R","?","R","B",null,"M","?","?","?","?","E","R","M","T","E","?","$","M","E","R","B",null,"M","?","?","?","$","E","?"],"character_chosen":"IRONCLAD","items_purchased":["Rupture","Calipers","Rupture","Hemokinesis","Combust","Lizard Tail","Limit Break"],"campfire_rested":0,"item_purchase_floors":[3,29,29,29,39,39,39],"current_hp_per_floor":[78,62,62,55,55,23,29,35,35,61,58,61,61,66,66,40,80,80,80,80,80,80,68,68,74,74,55,60,60,58,42,42,25,85,85,85,85,81,81,38,0,0],"gold":49,"neow_bonus":"","is_daily":true,"chose_seed":false,"campfire_upgraded":4,"win_rate":0.0,"timestamp":1613426275,"path_taken":["M","?","?","?","?","E","?","?","T","?","?","E","R","?","R","BOSS","M","?","?","?","?","E","R","?","T","E","?","$","?","E","R","BOSS","M","?","?","?","$","E","?"],"items_purchased_type":["Card","Relic","Card","Card","Card","Relic","Card"],"build_version":"2020-12-22","purchased_purges":0,"victory":false,"max_hp_per_floor":[80,80,80,80,80,80,80,80,80,80,80,80,80,80,80,80,80,80,80,80,80,80,80,80,80,80,80,85,85,85,85,85,85,85,85,85,85,81,81,81,81,81],"card_choices":[{"not_picked":["Hemokinesis","Reckless Charge"],"picked":"Shrug It Off","floor":1},{"not_picked":["Havoc","Heavy Blade"],"picked":"Twin Strike","floor":6},{"not_picked":["Pommel Strike","Flex"],"picked":"Anger","floor":7},{"not_picked":["Headbutt","Whirlwind"],"picked":"Perfected Strike","floor":8},{"not_picked":["True Grit","Hemokinesis"],"picked":"Armaments","floor":12},{"not_picked":["Iron Wave","Wild Strike"],"picked":"Brutality","floor":14},{"not_picked":["Brutality","Bludgeon"],"picked":"Double Tap","floor":16},{"not_picked":["Seeing Red+1","Warcry"],"picked":"Heavy Blade","floor":18},{"not_picked":["Clash","Clothesline+1"],"picked":"Immolate","floor":23},{"not_picked":["Dark Embrace+1","Disarm","Sever Soul"],"picked":"SKIP","floor":25},{"not_picked":["Headbutt","Rupture"],"picked":"Hemokinesis","floor":27},{"not_picked":["Uppercut","Headbutt","Whirlwind"],"picked":"SKIP","floor":30},{"not_picked":["Intimidate+1","Flex"],"picked":"True Grit","floor":31},{"not_picked":["Impervious","Bludgeon"],"picked":"Juggernaut","floor":33},{"not_picked":["Twin Strike+1","Clash+1"],"picked":"Bloodletting+1","floor":35},{"not_picked":["Dropkick+1","Disarm"],"picked":"Flame Barrier+1","floor":40}],"player_experience":221501,"relics_obtained":[{"floor":5,"key":"Anchor"},{"floor":6,"key":"Orichalcum"},{"floor":9,"key":"MawBank"},{"floor":12,"key":"Letter Opener"},{"floor":14,"key":"Odd Mushroom"},{"floor":23,"key":"War Paint"},{"floor":26,"key":"Self Forming Clay"},{"floor":27,"key":"The Courier"},{"floor":31,"key":"Juzu Bracelet"},{"floor":40,"key":"White Beast Statue"}],"event_choices":[{"damage_healed":0,"gold_gain":0,"player_choice":"Entered Light","damage_taken":16,"max_hp_gain":0,"max_hp_loss":0,"event_name":"Shining Light","floor":2,"gold_loss":0,"cards_upgraded":["Strike_R","Defend_R"]},{"cards_removed":["Defend_R"],"damage_healed":0,"gold_gain":0,"player_choice":"Card Removal","damage_taken":7,"max_hp_gain":0,"max_hp_loss":0,"event_name":"Golden Wing","floor":4,"gold_loss":0},{"damage_healed":26,"gold_gain":0,"player_choice":"Banana","damage_taken":0,"max_hp_gain":0,"max_hp_loss":0,"event_name":"Big Fish","floor":10,"gold_loss":0},{"damage_healed":0,"gold_gain":0,"player_choice":"Success","damage_taken":3,"relics_obtained":["Lantern"],"max_hp_gain":0,"max_hp_loss":0,"event_name":"Scrap Ooze","floor":11,"gold_loss":0},{"damage_healed":0,"gold_gain":0,"player_choice":"Fought Mushrooms","damage_taken":0,"max_hp_gain":0,"max_hp_loss":0,"event_name":"Mushrooms","floor":14,"gold_loss":0},{"damage_healed":0,"gold_gain":0,"player_choice":"Obtained Relic","damage_taken":0,"relics_obtained":["Smiling Mask"],"max_hp_gain":0,"max_hp_loss":0,"event_name":"Addict","floor":19,"gold_loss":85},{"damage_healed":0,"gold_gain":0,"player_choice":"Smashed Altar","damage_taken":0,"max_hp_gain":0,"max_hp_loss":0,"event_name":"Forgotten Altar","floor":20,"gold_loss":0,"cards_obtained":["Decay"]},{"damage_healed":0,"gold_gain":0,"player_choice":"Ignored","damage_taken":0,"max_hp_gain":0,"max_hp_loss":0,"event_name":"Ghosts","floor":21,"gold_loss":0},{"damage_healed":0,"gold_gain":0,"player_choice":"Ignored","damage_taken":0,"max_hp_gain":0,"max_hp_loss":0,"event_name":"N\u0027loth","floor":22,"gold_loss":0},{"damage_healed":0,"gold_gain":0,"player_choice":"Got Potions","damage_taken":0,"max_hp_gain":0,"max_hp_loss":0,"event_name":"Lab","floor":28,"gold_loss":0},{"cards_removed":["Immolate"],"damage_healed":0,"gold_gain":0,"player_choice":"Removed Attack","damage_taken":0,"max_hp_gain":0,"max_hp_loss":0,"event_name":"Falling","floor":36,"gold_loss":0},{"damage_healed":0,"gold_gain":0,"player_choice":"Upgrade","damage_taken":0,"relics_obtained":["Mark of the Bloom"],"max_hp_gain":0,"max_hp_loss":0,"event_name":"MindBloom","floor":37,"gold_loss":0,"cards_upgraded":["Strike_R","Strike_R","Strike_R","Strike_R","Defend_R","Defend_R","Bash","Twin Strike","Anger","Perfected Strike","Brutality","Hemokinesis","Rupture","Hemokinesis","True Grit","Juggernaut"]},{"damage_healed":0,"gold_gain":0,"player_choice":"Max HP","damage_taken":0,"max_hp_gain":0,"max_hp_loss":4,"event_name":"Winding Halls","floor":38,"gold_loss":0},{"damage_healed":0,"gold_gain":0,"player_choice":"Fight","damage_taken":0,"max_hp_gain":0,"max_hp_loss":0,"event_name":"Mysterious Sphere","floor":41,"gold_loss":0}],"is_beta":false,"boss_relics":[{"not_picked":["Snecko Eye","Empty Cage"],"picked":"Coffee Dripper"},{"not_picked":["Runic Cube","Velvet Choker"],"picked":"Black Blood"}],"items_purged_floors":[],"is_endless":false,"potions_floor_spawned":[1,7,12,16,18,23,31],"killed_by":"2 Orb Walkers","ascension_level":0}}