{"host":"7u8vekii4cye2mt9","time":1613352113,"event":{"mods":["BaseMod","Better Altar","Better Note","Better Sensory Stone","Better Skull","Downfall","Hermit","Minty Spire (QoL Compilation)","Shop Mod","StSLib","The Animator","The Servant 0.9.4","Transform Curses"],"gold_per_floor":[99,110,110,110,26,126,150,166,166,197,215,115,147,161,174,270,270,170,187,187,187,198,198,222,222,238,61,71,99,110,124,134,235,235,235,285,435,445,187,237,237,137,151,184,184,23,34,62,74,74,74,108,17,17,17,17,17,17],"floor_reached":56,"language":"POL","playtime":4521,"items_purged":["downfall:Bewildered","Guardian:ArmoredProtocol"],"score":887,"play_id":"7510de4c-c7e1-4bf1-9a23-b6b606ae68e7","local_time":"20210215022153","is_ascension_mode":false,"campfire_choices":[{"data":"Guardian:TwinSlam","floor":1,"key":"SMITH"},{"floor":9,"key":"RECALL"},{"data":"Guardian:DonusPower","floor":12,"key":"SMITH"},{"data":"Guardian:FloatingOrbs","floor":18,"key":"SMITH"},{"data":"Mayhem","floor":25,"key":"SMITH"},{"data":"Guardian:TimeSifter","floor":35,"key":"SMITH"},{"data":"Blind","floor":42,"key":"SMITH"},{"floor":45,"key":"REST"},{"floor":54,"key":"REST"}],"circlet_count":0,"master_deck":["Guardian:Strike_Guardian","Guardian:Strike_Guardian","Guardian:Defend_Guardian","Guardian:Defend_Guardian+1","Guardian:Defend_Guardian","Guardian:CurlUp","Guardian:TwinSlam+1","Guardian:TemporalStrike","Guardian:RefractedBeam","Guardian:Repulse+1","Guardian:DonusPower+1","Guardian:CrystalBeam","Guardian:FloatingOrbs+1","Guardian:StasisField","Guardian:StasisField","Guardian:TemporalShield+1","Blind+1","Mayhem+1","Guardian:RollAttack+1","Guardian:VentSteam+1","expansioncontent:Chronoboost","Guardian:BronzeOrb","Guardian:TimeSifter+1","Guardian:TemporalShield+1","Guardian:Recover","Guardian:FastForward","CurseOfTheBell","Guardian:TimeBomb","Guardian:PrismaticBarrier+1","Guardian:BodySlam+1","Guardian:Suspension","Guardian:SentryBeam","Guardian:StasisField","Guardian:BodySlam","Parasite","Guardian:FloatingOrbs+1","Jack Of All Trades","Guardian:Clone+1"],"relics":["Guardian:ModeShifter","Bag of Marbles","Ancient Tea Set","downfall:HeartBlessingRed","bronze:MakeshiftBattery","downfall:HeartBlessingGreen","sneckomod:BabySnecko","War Paint","PreservedInsect","Calling Bell","Pen Nib","Letter Opener","Peace Pipe","Ginger","Bag of Preparation","Ice Cream","downfall:HeartBlessingBlue","Dream Catcher","Happy Flower","Frozen Eye","Incense Burner","Nunchaku"],"acts_visited":["Exordium","TheCity","TheBeyond","TheEnding"],"potions_floor_usage":[10,16,16,44,55,56,56],"damage_taken":[{"damage":1,"enemies":"Cultist","floor":2,"turns":4},{"damage":2,"enemies":"downfall:FleeingMerchant","floor":5,"turns":4},{"damage":24,"enemies":"downfall:Heads","floor":6,"turns":6},{"damage":0,"enemies":"Small Slimes","floor":8,"turns":2},{"damage":27,"enemies":"Lagavulin","floor":10,"turns":10},{"damage":3,"enemies":"Jaw Worm","floor":11,"turns":3},{"damage":4,"enemies":"3 Sentries","floor":13,"turns":7},{"damage":0,"enemies":"Exordium Wildlife","floor":14,"turns":4},{"damage":12,"enemies":"Lots of Slimes","floor":15,"turns":4},{"damage":0,"enemies":"IC_STATUS_ARCHETYPE","floor":16,"turns":8},{"damage":0,"enemies":"3 Byrds","floor":19,"turns":5},{"damage":0,"enemies":"Spheric Guardian","floor":22,"turns":5},{"damage":0,"enemies":"Snake Plant","floor":26,"turns":4},{"damage":0,"enemies":"downfall:FleeingMerchant","floor":27,"turns":4},{"damage":3,"enemies":"Shelled Parasite and Fungi","floor":28,"turns":5},{"damage":13,"enemies":"Gremlin Leader","floor":29,"turns":8},{"damage":2,"enemies":"3 Cultists","floor":30,"turns":6},{"damage":6,"enemies":"Snecko","floor":31,"turns":4},{"damage":0,"enemies":"Cultist and Chosen","floor":32,"turns":5},{"damage":4,"enemies":"WA_ARCHETYPE_CALM","floor":33,"turns":8},{"damage":14,"enemies":"2 Orb Walkers","floor":36,"turns":6},{"damage":7,"enemies":"3 Darklings","floor":38,"turns":7},{"damage":0,"enemies":"downfall:FleeingMerchant","floor":39,"turns":4},{"damage":3,"enemies":"downfall:FleeingMerchant","floor":40,"turns":7},{"damage":3,"enemies":"Orb Walker","floor":43,"turns":3},{"damage":27,"enemies":"Reptomancer","floor":44,"turns":6},{"damage":6,"enemies":"downfall:FleeingMerchant","floor":46,"turns":3},{"damage":7,"enemies":"Writhing Mass","floor":47,"turns":6},{"damage":0,"enemies":"Giant Head","floor":48,"turns":4},{"damage":10,"enemies":"Jaw Worm Horde","floor":49,"turns":4},{"damage":12,"enemies":"SI_POISON_ARCHETYPE","floor":50,"turns":7},{"damage":35,"enemies":"downfall:CharBossMerchant","floor":52,"turns":5},{"damage":6,"enemies":"downfall:NeowBoss","floor":55,"turns":10},{"damage":106,"enemies":"downfall:NeowBossFinal","floor":56,"turns":8}],"seed_played":"1177179788395937986","potions_obtained":[{"floor":6,"key":"GamblersBrew"},{"floor":8,"key":"SkillPotion"},{"floor":13,"key":"DistilledChaos"},{"floor":14,"key":"Guardian:BlockOnCardUsePotion"},{"floor":22,"key":"LiquidMemories"},{"floor":28,"key":"LiquidBronze"},{"floor":29,"key":"AttackPotion"},{"floor":48,"key":"DuplicationPotion"}],"is_trial":false,"path_per_floor":["R","M","?","?","$","?","T","M","R","E","M","R","E","M","M","B",null,"R","M","?","?","M","?","T","R","M","$","M","E","M","M","M","B",null,"R","?","?","M","$","?","T","R","M","E","R","$","M","E","M","B",null,"E","$","R","B","B"],"character_chosen":"GUARDIAN","items_purchased":["Guardian:RefractedBeam","expansioncontent:Chronoboost","Bag of Preparation","Guardian:StasisField","Guardian:BodySlam","Happy Flower","Frozen Eye","Jack Of All Trades"],"campfire_rested":2,"item_purchase_floors":[5,27,39,46,46,46,46,53],"current_hp_per_floor":[88,87,92,92,90,66,66,66,66,39,36,36,32,32,20,20,93,93,93,93,93,93,93,93,93,93,93,90,77,75,69,69,65,93,93,79,79,72,72,69,69,79,76,49,79,73,66,66,56,44,103,68,68,98,92,0,0,0],"gold":17,"neow_bonus":"TEN_PERCENT_HP_BONUS","is_daily":false,"chose_seed":false,"campfire_upgraded":6,"win_rate":0.0,"timestamp":1613352113,"path_taken":["R","M","?","?","$","?","T","M","R","E","?","R","E","?","M","BOSS","R","M","?","?","?","?","T","R","M","$","M","E","M","M","M","BOSS","R","?","?","?","$","?","T","R","M","E","R","?","M","E","M","BOSS","E","$","R","BOSS","BOSS"],"items_purchased_type":["Card","Card","Relic","Card","Card","Relic","Relic","Card"],"build_version":"2020-12-22","purchased_purges":2,"victory":false,"max_hp_per_floor":[88,88,93,93,93,93,93,93,93,93,93,93,93,93,93,93,93,93,93,93,93,93,93,93,93,93,93,93,93,93,93,93,93,93,93,93,93,93,93,93,93,103,103,103,103,103,103,103,103,103,103,103,103,103,103,103,103,103],"card_choices":[{"not_picked":["Guardian:Recover","Guardian:PiercingHide"],"picked":"Guardian:TemporalStrike","floor":2},{"not_picked":["Guardian:PrismaticBarrier","Guardian:VentSteam"],"picked":"Guardian:ArmoredProtocol","floor":5},{"not_picked":["Guardian:PolyBeam","Guardian:DecasProtection"],"picked":"Guardian:Gem_Purple","floor":6},{"not_picked":["Guardian:Incinerate","Guardian:PrismaticBarrier"],"picked":"Guardian:Gem_Cyan","floor":8},{"not_picked":["Guardian:Gem_Cyan","Guardian:Incinerate"],"picked":"Guardian:DonusPower","floor":10},{"not_picked":["Guardian:Planning","Guardian:Gem_Yellow"],"picked":"Guardian:CrystalBeam","floor":11},{"not_picked":["Guardian:PrismaticBarrier","Guardian:Incinerate","Guardian:BaubleBeam"],"picked":"SKIP","floor":13},{"not_picked":["Guardian:Planning","Guardian:WalkerClaw"],"picked":"Guardian:FloatingOrbs","floor":14},{"not_picked":["Guardian:Gem_Cyan","Guardian:Incinerate"],"picked":"Guardian:StasisField","floor":15},{"not_picked":["Guardian:BaubleBeam","Guardian:Gem_Orange"],"picked":"Guardian:StasisField","floor":16},{"not_picked":["Guardian:Reroute","Guardian:PrismaticBeam"],"picked":"Guardian:TemporalShield","floor":19},{"not_picked":["Magnetism","Purity"],"picked":"Blind","floor":21},{"not_picked":["Blind","Master of Strategy"],"picked":"Mayhem","floor":21},{"not_picked":["Guardian:ChargeCore","Guardian:GuardianWhirl"],"picked":"Guardian:Gem_Lightblue","floor":22},{"not_picked":["Guardian:CrystalBeam","Guardian:MultiBeam"],"picked":"Guardian:RollAttack+1","floor":26},{"not_picked":["Guardian:Suspension","Guardian:WalkerClaw"],"picked":"Guardian:VentSteam+1","floor":27},{"not_picked":["Guardian:VentSteam+1","Guardian:Incinerate"],"picked":"Guardian:Gem_Green","floor":28},{"not_picked":["Guardian:CrystalBeam","Guardian:ChargeCore+1"],"picked":"Guardian:BronzeOrb","floor":29},{"not_picked":["Guardian:Planning","Guardian:TimeCapacitor"],"picked":"Guardian:TimeSifter","floor":30},{"not_picked":["Guardian:VentSteam","Guardian:Suspension"],"picked":"Guardian:TemporalShield+1","floor":31},{"not_picked":["Guardian:Gem_Lightblue","Guardian:Gem_Cyan"],"picked":"Guardian:Recover","floor":32},{"not_picked":["Guardian:AncientConstruct","Guardian:StasisStrike"],"picked":"Guardian:FastForward","floor":33},{"not_picked":["Guardian:Gem_Blue","Guardian:RollAttack+1"],"picked":"Guardian:TimeBomb","floor":36},{"not_picked":["Guardian:Gem_Purple","Guardian:PolyBeam"],"picked":"Guardian:PrismaticBarrier+1","floor":38},{"not_picked":["Guardian:WalkerClaw","Guardian:VentSteam","Guardian:Recover"],"picked":"SKIP","floor":39},{"not_picked":["Guardian:TimeBomb+1","Guardian:TemporalShield"],"picked":"Guardian:Gem_Orange","floor":40},{"not_picked":["Guardian:Gem_White","Guardian:PolyBeam"],"picked":"Guardian:BodySlam+1","floor":43},{"not_picked":["Guardian:PrismaticBeam","Guardian:DecasProtection"],"picked":"Guardian:Suspension","floor":44},{"not_picked":["Guardian:Incinerate","Guardian:DonusPower"],"picked":"Guardian:Gem_Green","floor":45},{"not_picked":["Guardian:ChargeCore+1","Guardian:Gem_Cyan"],"picked":"Guardian:SentryBeam","floor":46},{"not_picked":["Guardian:ShieldSpikes+1","Guardian:DecasProtection"],"picked":"Guardian:FloatingOrbs+1","floor":47},{"not_picked":["Guardian:CrystalBeam+1","Guardian:VentSteam+1","Guardian:Planning+1"],"picked":"SKIP","floor":48},{"not_picked":["Guardian:Suspension+1","Guardian:VentSteam+1","Guardian:ArmoredProtocol"],"picked":"SKIP","floor":49},{"not_picked":["Guardian:VentSteam+1","Guardian:PrimingBeam","Guardian:TimeBomb+1"],"picked":"SKIP","floor":52},{"not_picked":["Guardian:Planning+1","Guardian:BaubleBeam"],"picked":"Guardian:Clone+1","floor":54}],"player_experience":516792,"relics_obtained":[{"floor":7,"key":"Bag of Marbles"},{"floor":10,"key":"Ancient Tea Set"},{"floor":13,"key":"Oddly Smooth Stone"},{"floor":24,"key":"War Paint"},{"floor":29,"key":"PreservedInsect"},{"floor":34,"key":"Pen Nib"},{"floor":34,"key":"Letter Opener"},{"floor":34,"key":"Peace Pipe"},{"floor":36,"key":"Ginger"},{"floor":40,"key":"Ice Cream"},{"floor":44,"key":"Dream Catcher"},{"floor":48,"key":"Incense Burner"},{"floor":52,"key":"Nunchaku"}],"event_choices":[{"damage_healed":0,"gold_gain":0,"player_choice":"Donut","damage_taken":0,"max_hp_gain":5,"max_hp_loss":0,"event_name":"Big Fish","floor":3,"gold_loss":0},{"damage_healed":0,"gold_gain":0,"player_choice":"Ignored","damage_taken":0,"max_hp_gain":0,"max_hp_loss":0,"event_name":"betterNote:BetterNote","floor":20,"gold_loss":0,"cards_obtained":["Slimebound:GoopSpray"]},{"damage_healed":0,"gold_gain":2,"player_choice":"1","damage_taken":0,"max_hp_gain":0,"max_hp_loss":0,"event_name":"betterStone:BetterStone","floor":21,"gold_loss":0},{"damage_healed":0,"gold_gain":0,"player_choice":"Fight","damage_taken":0,"max_hp_gain":0,"max_hp_loss":0,"event_name":"Mysterious Sphere","floor":36,"gold_loss":0}],"is_beta":false,"boss_relics":[{"not_picked":["SacredBark","Tiny House"],"picked":"bronze:MakeshiftBattery"},{"not_picked":["Astrolabe","SlaversCollar"],"picked":"Calling Bell"}],"items_purged_floors":[27,39],"is_endless":false,"potions_floor_spawned":[6,8,13,14,22,28,29,31,33,40,48,49],"killed_by":"downfall:NeowBossFinal","ascension_level":0}}