{"host":"vk2xyavtylxbvrfq","time":1613424158,"event":{"mods":["Bard","BaseMod","Bestiary","Better Altar","Better Match","Better Note","Better Sensory Stone","Better Skull","Better Vampires","Block Reminder","Bossed Relics","Colored Map","Curses Come First","Displayed Cursed Tome","Downfall","Fox Events","Hermit","Ironclad Rager","Marked Mod","Minty Spire (QoL Compilation)","Quick Restart","Rare Cards Sparkle","Relic Sorter","Reliquary","Robot Space Explorer","StSLib","The Hayseed","The Runesmith","TheSurvivalist","Unceasing Turn Reminder"],"gold_per_floor":[110,60,80,91,124,156,156,173,197,197,210,210,223,29,29,130,130,145,145,2,2,12,12,29,42,42,42,42],"floor_reached":27,"language":"ENG","playtime":868,"items_purged":[],"score":217,"play_id":"8577df66-e8b9-4e6f-8cfe-a30809df2436","local_time":"20210215162238","is_ascension_mode":false,"campfire_choices":[{"floor":7.0,"key":"REST"},{"floor":10.0,"key":"REST"},{"floor":12.0,"key":"REST"},{"data":"hermit:Coalescence","floor":15.0,"key":"SMITH"},{"data":"hermit:Combo","floor":23.0,"key":"SMITH"}],"circlet_count":0,"master_deck":["hermit:Strike_Hermit","hermit:Strike_Hermit","hermit:Strike_Hermit","hermit:Defend_Hermit","hermit:Defend_Hermit","hermit:Defend_Hermit","hermit:Defend_Hermit","hermit:Snapshot","hermit:Covet","Panache","hermit:Enervate","hermit:Coalescence+1","hermit:BigShot","hermit:PistolWhip","hermit:FromBeyond","hermit:Headshot","hermit:Determination","hermit:HighNoon+1","hermit:Feint+1","hermit:Combo+1","hermit:Coalescence+1"],"relics":["hermit:Momento","Bronze Scales","Happy Flower","Astrolabe","Medical Kit","Nloth\u0027s Gift","Potion Belt"],"acts_visited":["Exordium","TheCity"],"potions_floor_usage":[27],"damage_taken":[{"damage":1.0,"enemies":"Jaw Worm","floor":1.0,"turns":3.0},{"damage":0.0,"enemies":"Small Slimes","floor":3.0,"turns":3.0},{"damage":0.0,"enemies":"2 Louse","floor":4.0,"turns":2.0},{"damage":6.0,"enemies":"Exordium Thugs","floor":5.0,"turns":3.0},{"damage":53.0,"enemies":"Gremlin Nob","floor":6.0,"turns":5.0},{"damage":4.0,"enemies":"Looter","floor":8.0,"turns":4.0},{"damage":5.0,"enemies":"Exordium Wildlife","floor":11.0,"turns":4.0},{"damage":5.0,"enemies":"Red Slaver","floor":13.0,"turns":2.0},{"damage":21.0,"enemies":"Hexaghost","floor":16.0,"turns":6.0},{"damage":25.0,"enemies":"3 Byrds","floor":18.0,"turns":4.0},{"damage":1.0,"enemies":"2 Thieves","floor":22.0,"turns":4.0},{"damage":0.0,"enemies":"Centurion and Healer","floor":24.0,"turns":3.0},{"damage":30.0,"enemies":"Shelled Parasite and Fungi","floor":25.0,"turns":4.0},{"damage":13,"enemies":"Chosen and Byrds","floor":27,"turns":4}],"seed_played":"-8813756355757344673","potions_obtained":[{"floor":1.0,"key":"ColorlessPotion"},{"floor":3.0,"key":"sneckomod:MuddlingPotion"},{"floor":4.0,"key":"FearPotion"},{"floor":16.0,"key":"Energy Potion"},{"floor":18.0,"key":"hermit:Tonic"},{"floor":25.0,"key":"Strength Potion"}],"is_trial":false,"path_per_floor":["M","?","M","M","M","E","R","M","T","R","M","R","M","$","R","B",null,"M","?","$","?","M","R","M","M","T","M"],"character_chosen":"HERMIT","items_purchased":["Happy Flower","AttackPotion","Medical Kit"],"campfire_rested":3,"item_purchase_floors":[14,14,20],"current_hp_per_floor":[67,67,67,67,61,8,28,24,24,44,39,59,54,54,54,33,68,43,43,43,43,42,42,42,12,12,0,0],"gold":42,"neow_bonus":"RANDOM_COLORLESS_2","is_daily":false,"chose_seed":false,"campfire_upgraded":2,"win_rate":0.0,"timestamp":1613424158,"path_taken":["M","?","M","M","M","E","R","M","T","R","M","R","M","$","R","BOSS","M","?","$","?","M","R","M","M","T","M"],"items_purchased_type":["Relic","Potion","Relic"],"build_version":"2020-12-22","purchased_purges":0,"victory":false,"max_hp_per_floor":[68,68,68,68,68,68,68,68,68,68,68,68,68,68,68,68,68,68,68,68,68,68,68,68,68,68,68,68],"card_choices":[{"not_picked":["Sadistic Nature","Thinking Ahead"],"picked":"Panache","floor":0.0},{"not_picked":["hermit:Brawl","hermit:Determination"],"picked":"hermit:Enervate","floor":1.0},{"not_picked":["hermit:ItchyTrigger","hermit:Snipe"],"picked":"hermit:Coalescence","floor":3.0},{"not_picked":["hermit:SprayPray","hermit:HighCaliber"],"picked":"hermit:BigShot","floor":4.0},{"not_picked":["hermit:BodyArmor","hermit:Maintenance"],"picked":"hermit:PistolWhip","floor":5.0},{"not_picked":["hermit:TrackingShot","hermit:Misfire"],"picked":"hermit:FromBeyond","floor":6.0},{"not_picked":["hermit:Manifest","hermit:Spite"],"picked":"hermit:Headshot","floor":8.0},{"not_picked":["hermit:Malice","hermit:TrackingShot","hermit:BodyArmor"],"picked":"SKIP","floor":11.0},{"not_picked":["hermit:Maintenance","hermit:BodyArmor"],"picked":"hermit:Determination","floor":13.0},{"not_picked":["hermit:Adapt","hermit:FromBeyond"],"picked":"hermit:HighNoon","floor":16.0},{"not_picked":["hermit:Headshot","hermit:NoHoldsBarred"],"picked":"hermit:Feint+1","floor":18.0},{"not_picked":["hermit:SprayPray+1","hermit:Headshot"],"picked":"hermit:Combo","floor":22.0},{"not_picked":["hermit:Shortfuse+1","hermit:FromBeyond","hermit:LowProfile"],"picked":"SKIP","floor":24.0},{"not_picked":["hermit:HoleUp","hermit:Feint"],"picked":"hermit:Coalescence+1","floor":25.0}],"player_experience":1384080,"relics_obtained":[{"floor":6.0,"key":"Bronze Scales"},{"floor":9.0,"key":"Omamori"},{"floor":26.0,"key":"Potion Belt"}],"event_choices":[{"cards_removed":["hermit:Strike_Hermit"],"damage_healed":0.0,"max_hp_gain":0.0,"max_hp_loss":0.0,"gold_gain":0.0,"event_name":"The Cleric","player_choice":"Card Removal","floor":2.0,"gold_loss":50.0,"damage_taken":0.0},{"damage_healed":0.0,"max_hp_gain":0.0,"max_hp_loss":0.0,"gold_gain":0.0,"event_name":"Upgrade Shrine","player_choice":"Upgraded","floor":19.0,"gold_loss":0.0,"damage_taken":0.0,"cards_upgraded":["hermit:HighNoon"]},{"damage_healed":0.0,"max_hp_gain":0.0,"max_hp_loss":0.0,"gold_gain":0.0,"event_name":"N\u0027loth","player_choice":"Traded Relic","floor":21.0,"relics_lost":["Omamori"],"gold_loss":0.0,"damage_taken":0.0,"relics_obtained":["Nloth\u0027s Gift"]}],"is_beta":false,"boss_relics":[{"not_picked":["reliquary:Ember","Black Star"],"picked":"Astrolabe"}],"items_purged_floors":[],"is_endless":false,"potions_floor_spawned":[1,3,4,16,18,25],"killed_by":"Chosen and Byrds","ascension_level":0}}