{"host":"lkve521c3unthi3l","time":1613400754,"event":{"mods":["BaseMod","BetterRewards","Duelist Mod","Marisa（霧雨　魔理沙）","Minty Spire (QoL Compilation)","Replay The Spire","StSLib"],"gold_per_floor":[142,155,165,165,165,193,44,57,84,115,128,148,166,181,181,285,285,304,219,238,102,113,147,147,147,147,147,143,143,130,130,130,226,276,247,212,122,101,101,105,105,109,109,111,97,97,68,47,47,12,12],"floor_reached":50,"language":"ENG","playtime":8604,"items_purged":["theDuelist:Sparks","theDuelist:Sparks"],"score":685,"play_id":"63501ace-bee1-49fe-bff0-d8fa3b4acca4","local_time":"20210215095234","is_ascension_mode":false,"campfire_choices":[{"floor":15.0,"key":"REST"},{"floor":24.0,"key":"REST"},{"data":"theDuelist:BlockGolem","floor":27.0,"key":"SMITH"},{"floor":32.0,"key":"REST"},{"floor":41,"key":"REST"},{"floor":46,"key":"REST"},{"floor":49,"key":"REST"}],"circlet_count":0,"master_deck":["theDuelist:BabyDragon","theDuelist:CastleWalls","theDuelist:CastleWalls","theDuelist:CaveDragon","theDuelist:CaveDragon","theDuelist:LesserDragon","theDuelist:LesserDragon","theDuelist:YamataDragon","theDuelist:GravityLash","theDuelist:DragonCaptureJar","theDuelist:ArmedDragon5","theDuelist:CyberDinosaur","theDuelist:BlizzardDragon","theDuelist:Freezadon","theDuelist:AncientMetronome","theDuelist:LavaDragon","theDuelist:BlockGolem+1","theDuelist:MirageDragon","theDuelist:MirageDragon","theDuelist:Lancephorhynchus","theDuelist:BlueEyesUltimate+1","theDuelist:TyrantWing+1","theDuelist:GenesisDragon","theDuelist:LightningDarts+1","theDuelist:DarkFactory","theDuelist:AncientPixieDragon+1","theDuelist:GravityLash","theDuelist:AncientMetronome","theDuelist:DarkFactory","theDuelist:GravekeeperCurse","theDuelist:CursedBill","theDuelist:BerserkScales","theDuelist:CyberneticRevolution","theDuelist:ShiranuiMetronome","theDuelist:LordD","theDuelist:FiveHeaded+1","theDuelist:Kabazauls+1","theDuelist:AncientPixieDragon+1","theDuelist:TailSwipe","theDuelist:Frostosaurus","theDuelist:GenesisDragon","theDuelist:SeismicShockwave","theDuelist:DragonZombie+1","theDuelist:BarrelDragon","theDuelist:BoosterDragon+1","theDuelist:ChimeratechOverdragon+1","theDuelist:VoidOgreDragon+1","theDuelist:Duoterion+1","theDuelist:GenesisDragon","theDuelist:SilverWing+1","theDuelist:Berserking+1","theDuelist:DragonMastery"],"relics":["theDuelist:MillenniumPuzzle","theDuelist:CardPoolRelic","theDuelist:CardPoolBasicRelic","theDuelist:BoosterPackPoolRelic","theDuelist:CardPoolAddRelic","theDuelist:CardPoolMinusRelic","theDuelist:CardPoolSaveRelic","theDuelist:CardPoolOptionsRelic","theDuelist:MetronomeRelicB","Bag of Marbles","Potion Belt","Pear","Runic Cube","theDuelist:BoosterPackMonsterEgg","Dream Catcher","Blood Vial","Ginger","Tiny House","theDuelist:CursedHealer","theDuelist:DragonRelicC","Happy Flower","Juzu Bracelet"],"acts_visited":["Exordium","TheCity","TheBeyond"],"potions_floor_usage":[40,40,40,40,48],"damage_taken":[{"damage":1.0,"enemies":"Jaw Worm","floor":1.0,"turns":2.0},{"damage":0.0,"enemies":"2 Louse","floor":2.0,"turns":1.0},{"damage":0.0,"enemies":"Cultist","floor":3.0,"turns":2.0},{"damage":13.0,"enemies":"Lagavulin","floor":6.0,"turns":4.0},{"damage":6.0,"enemies":"Large Slime","floor":8.0,"turns":3.0},{"damage":25.0,"enemies":"3 Sentries","floor":10.0,"turns":7.0},{"damage":4.0,"enemies":"2 Fungi Beasts","floor":11.0,"turns":3.0},{"damage":8.0,"enemies":"Exordium Thugs","floor":12.0,"turns":3.0},{"damage":0.0,"enemies":"Lots of Slimes","floor":13.0,"turns":4.0},{"damage":3.0,"enemies":"Red Slaver","floor":14.0,"turns":2.0},{"damage":28.0,"enemies":"Slime Boss","floor":16.0,"turns":9.0},{"damage":14.0,"enemies":"Spheric Guardian","floor":18.0,"turns":4.0},{"damage":10.0,"enemies":"2 Thieves","floor":20.0,"turns":3.0},{"damage":10.0,"enemies":"Shelled Parasite and Fungi","floor":22.0,"turns":4.0},{"damage":12.0,"enemies":"theDuelist:KaibaA2","floor":23.0,"turns":4.0},{"damage":5.0,"enemies":"Snecko","floor":28.0,"turns":3.0},{"damage":10.0,"enemies":"Centurion and Healer","floor":29.0,"turns":6.0},{"damage":0.0,"enemies":"Gremlin Leader","floor":30.0,"turns":5.0},{"damage":39.0,"enemies":"Automaton","floor":33.0,"turns":5.0},{"damage":12.0,"enemies":"3 Shapes","floor":35.0,"turns":2.0},{"damage":33,"enemies":"3 Darklings","floor":36,"turns":6},{"damage":15,"enemies":"Sphere and 2 Shapes","floor":38,"turns":6},{"damage":71,"enemies":"Giant Head","floor":40,"turns":7},{"damage":0,"enemies":"Transient","floor":42,"turns":5},{"damage":11,"enemies":"3 Darklings","floor":44,"turns":6},{"damage":18,"enemies":"Spire Growth","floor":45,"turns":3},{"damage":23,"enemies":"Maw","floor":47,"turns":5},{"damage":25,"enemies":"Nemesis","floor":48,"turns":9},{"damage":43,"enemies":"Awakened One","floor":50,"turns":3}],"seed_played":"2972577643256799639","potions_obtained":[{"floor":3.0,"key":"theDuelist:IcePotion"},{"floor":6.0,"key":"EssenceOfSteel"},{"floor":8.0,"key":"LiquidBronze"},{"floor":12.0,"key":"theDuelist:BabyPotion"},{"floor":18.0,"key":"SneckoOil"},{"floor":22.0,"key":"theDuelist:DragonfirePotion"},{"floor":30.0,"key":"theDuelist:BurningPotion"},{"floor":34.0,"key":"theDuelist:BigOrbBottle"},{"floor":40,"key":"DuplicationPotion"},{"floor":45,"key":"theDuelist:ReducerPotion"},{"floor":47,"key":"theDuelist:SealedPackD"},{"floor":48,"key":"theDuelist:WhiteBottle"}],"is_trial":false,"path_per_floor":["M","M","M","?","?","E","$","M","T","E","M","M","M","M","R","B",null,"M","?","M","$","M","E","R","?","T","R","M","M","E","?","R","B",null,"M","M","?","M","?","E","R","M","T","M","M","R","M","E","R","B"],"character_chosen":"THE_DUELIST","items_purchased":["theDuelist:BlizzardDragon","theDuelist:GenesisDragon"],"campfire_rested":6,"item_purchase_floors":[7,21],"current_hp_per_floor":[87,87,87,81,86,77,77,71,71,56,52,44,44,41,71,43,103,89,89,79,79,69,57,87,87,87,87,84,76,78,78,103,64,108,96,65,65,52,77,8,40,42,42,33,17,49,28,5,37,0,0],"gold":12,"neow_bonus":"TEN_PERCENT_HP_BONUS","is_daily":false,"chose_seed":false,"campfire_upgraded":1,"win_rate":0.0,"timestamp":1613400754,"path_taken":["M","M","M","?","?","E","?","M","T","E","M","M","M","M","R","BOSS","M","?","M","$","M","E","R","?","T","R","?","M","E","?","R","BOSS","M","M","?","M","?","E","R","M","T","M","M","R","M","E","R","BOSS"],"items_purchased_type":["Card","Card"],"build_version":"2020-12-22","purchased_purges":2,"victory":false,"max_hp_per_floor":[88,88,88,88,93,93,93,93,93,103,103,103,103,103,103,103,103,103,103,103,103,103,103,103,103,103,103,103,103,103,103,103,103,108,108,108,108,108,108,108,108,108,108,108,108,108,108,108,108,108,108],"card_choices":[{"not_picked":["theDuelist:WingedDragonRa","theDuelist:GaiaDragonChamp","theDuelist:DefensiveTactics","theDuelist:CyberDragonInfinity"],"picked":"theDuelist:GravityLash","floor":1.0},{"not_picked":["theDuelist:VeilDarkness+1","theDuelist:TyrantWing","theDuelist:DefenseZone+1","theDuelist:FireDarts"],"picked":"theDuelist:DragonCaptureJar","floor":2.0},{"not_picked":["theDuelist:CyberValley","theDuelist:DragonCaptureJar","theDuelist:TrihornedDragon","theDuelist:AxeDespair"],"picked":"theDuelist:ArmedDragon5","floor":3.0},{"not_picked":["theDuelist:BusterBlader","theDuelist:BusterDrake","theDuelist:CyberDragonNachster","theDuelist:MoltenDestruction"],"picked":"theDuelist:CyberDinosaur","floor":6.0},{"not_picked":["theDuelist:Kabazauls","theDuelist:FrostflameDragon","theDuelist:MoltenDestruction","theDuelist:CyberDinosaur"],"picked":"theDuelist:Freezadon","floor":8.0},{"not_picked":["theDuelist:Sparks","theDuelist:PotMetronome","theDuelist:MagnetMetronome","theDuelist:LegendBlueEyesMetronome"],"picked":"theDuelist:AncientMetronome","floor":10.0},{"not_picked":["theDuelist:Pyrorex","theDuelist:BabyDragon","theDuelist:ViceDragon","theDuelist:Dracocension"],"picked":"theDuelist:LavaDragon","floor":11.0},{"not_picked":["theDuelist:LightningDarts","theDuelist:RainbowOverdragon","theDuelist:HarpieFeather","theDuelist:DarkCreator"],"picked":"theDuelist:BlockGolem","floor":12.0},{"not_picked":["theDuelist:ViceDragon","theDuelist:MadSwordBeast","theDuelist:BlackPtera","theDuelist:CyberEndDragon"],"picked":"theDuelist:MirageDragon","floor":13.0},{"not_picked":["theDuelist:TornadoDragon","theDuelist:Beatraptor","theDuelist:Anthrosaurus","theDuelist:CyberneticRevolution"],"picked":"theDuelist:MirageDragon","floor":14.0},{"not_picked":["theDuelist:QueenDragunDjinn","theDuelist:DefensiveTactics","theDuelist:BlueDuston","theDuelist:ArmedProtectorDragon"],"picked":"theDuelist:Lancephorhynchus","floor":16.0},{"not_picked":["theDuelist:TotemDragon+1","theDuelist:RedHeadedOni","theDuelist:CyberTwinDragon","theDuelist:CyberEndDragon"],"picked":"theDuelist:BlueEyesUltimate+1","floor":18.0},{"not_picked":["theDuelist:ViceDragon+1","theDuelist:CaveDragon+1","theDuelist:MadSwordBeast+1","theDuelist:DefenseZone+1"],"picked":"theDuelist:TyrantWing+1","floor":20.0},{"not_picked":["theDuelist:Hinotama","theDuelist:MagicalStone+1","theDuelist:Jinzo+1","theDuelist:HarpieFeather"],"picked":"theDuelist:LightningDarts","floor":22.0},{"not_picked":["theDuelist:Hinotama","theDuelist:RainbowOverdragon+1","theDuelist:Terraforming+1","theDuelist:BattleguardKing+1"],"picked":"theDuelist:DarkFactory","floor":23.0},{"not_picked":["theDuelist:AquaDolphin+1","theDuelist:BabyDragon"],"picked":"theDuelist:AncientPixieDragon+1","floor":24.0},{"not_picked":["theDuelist:TailSwipe","theDuelist:SliferSky+1","theDuelist:CyberDragonInfinity+1","theDuelist:ArmageddonDragonEmp+1"],"picked":"theDuelist:BerserkScales","floor":28.0},{"not_picked":["theDuelist:ScrapIronScarecrow+1","theDuelist:SafeZone","theDuelist:CyberneticOverflow+1","theDuelist:BackupSoldier"],"picked":"theDuelist:CyberneticRevolution","floor":29.0},{"not_picked":["theDuelist:CastleWalls","theDuelist:ArcaneMetronome+1","theDuelist:SkillMetronome","theDuelist:CombatMetronome"],"picked":"theDuelist:ShiranuiMetronome","floor":30.0},{"not_picked":["theDuelist:Anthrosaurus","theDuelist:DarkDriceratops"],"picked":"theDuelist:LordD","floor":32.0},{"not_picked":["theDuelist:GaiaDragonChamp+1","theDuelist:DoomkaiserDragon+1","theDuelist:BerserkScales+1","theDuelist:ArmedProtectorDragon+1"],"picked":"theDuelist:FiveHeaded+1","floor":33.0},{"not_picked":["theDuelist:StampingDestruction","theDuelist:CyberneticRevolution","theDuelist:CyberneticOverflow","theDuelist:FrozenFitzgerald+1"],"picked":"theDuelist:Kabazauls+1","floor":34.0},{"not_picked":["theDuelist:CyberValley+1","theDuelist:MadSwordBeast+1","theDuelist:MoltenDestruction","theDuelist:RedRisingDragon+1"],"picked":"theDuelist:AncientPixieDragon+1","floor":35.0},{"not_picked":["theDuelist:GaiaDragonChamp+1","theDuelist:Scapegoat"],"picked":"theDuelist:TailSwipe","floor":36},{"not_picked":["theDuelist:MirageDragon+1","theDuelist:BlacklandFireDragon+1","theDuelist:CyberTwinDragon+1","theDuelist:ThunderDragon+1"],"picked":"theDuelist:SeismicShockwave","floor":38},{"not_picked":["theDuelist:Hydrogeddon+1","theDuelist:ViceDragon+1","theDuelist:CyberValley+1","theDuelist:LesserDragon+1"],"picked":"theDuelist:DragonZombie+1","floor":40},{"not_picked":["theDuelist:SafeZone","theDuelist:LavaDragon+1"],"picked":"theDuelist:BarrelDragon","floor":41},{"not_picked":["theDuelist:CastleDragonSouls+1","theDuelist:MiraculousDescent+1","theDuelist:WhiteHornDragon+1","theDuelist:GalaxySoldier+1"],"picked":"theDuelist:BoosterDragon+1","floor":42},{"not_picked":["theDuelist:BlacklandFireDragon+1","theDuelist:CyberEltanin+1","theDuelist:VoidOgreDragon+1","theDuelist:ArmedProtectorDragon+1"],"picked":"theDuelist:ChimeratechOverdragon+1","floor":44},{"not_picked":["theDuelist:GravityLash","theDuelist:GaiaDragonChamp+1","theDuelist:LostWorld+1","theDuelist:QueenDragunDjinn+1"],"picked":"theDuelist:VoidOgreDragon+1","floor":45},{"not_picked":["theDuelist:BurstBreath","theDuelist:DragonMirror"],"picked":"theDuelist:Duoterion+1","floor":46},{"not_picked":["theDuelist:JurassicImpact+1","theDuelist:WhiteHornDragon+1","theDuelist:WhiteHowling","theDuelist:MiraculousDescent"],"picked":"theDuelist:SilverWing+1","floor":47},{"not_picked":["theDuelist:CyberLaserDragon+1","theDuelist:WhiteHowling+1","theDuelist:LostWorld+1","theDuelist:Vandalgyon+1"],"picked":"theDuelist:Berserking+1","floor":48},{"not_picked":["theDuelist:CaveDragon","theDuelist:SilverWing+1"],"picked":"theDuelist:DragonMastery","floor":49}],"player_experience":12669,"relics_obtained":[{"floor":6.0,"key":"Bag of Marbles"},{"floor":9.0,"key":"Potion Belt"},{"floor":10.0,"key":"Pear"},{"floor":23.0,"key":"Dream Catcher"},{"floor":26.0,"key":"Blood Vial"},{"floor":30.0,"key":"Ginger"},{"floor":40,"key":"theDuelist:DragonRelicC"},{"floor":43,"key":"Happy Flower"},{"floor":48,"key":"Juzu Bracelet"}],"event_choices":[{"damage_healed":0.0,"max_hp_gain":0.0,"max_hp_loss":0.0,"gold_gain":0.0,"event_name":"Aknamkanon\u0027s Tomb","player_choice":"Dig - random Duelist relic","duelist":true,"floor":4.0,"gold_loss":0.0,"damage_taken":0.0},{"damage_healed":0.0,"max_hp_gain":5.0,"max_hp_loss":0.0,"gold_gain":0.0,"event_name":"Big Fish","player_choice":"Donut","floor":5.0,"gold_loss":0.0,"damage_taken":0.0},{"damage_healed":0.0,"max_hp_gain":0.0,"max_hp_loss":0.0,"gold_gain":0.0,"event_name":"Addict","player_choice":"Obtained Relic","floor":19.0,"gold_loss":85.0,"damage_taken":0.0,"relics_obtained":["theDuelist:BoosterPackMonsterEgg"]},{"damage_healed":0.0,"max_hp_gain":0.0,"max_hp_loss":0.0,"gold_gain":0.0,"event_name":"Aknamkanon\u0027s Tomb","player_choice":"Intellect - dupe all spells","duelist":true,"floor":25.0,"gold_loss":0.0,"damage_taken":0.0},{"damage_healed":0.0,"max_hp_gain":0.0,"max_hp_loss":0.0,"gold_gain":0.0,"event_name":"Vampires","player_choice":"Ignored","floor":31.0,"gold_loss":0.0,"damage_taken":0.0},{"damage_healed":0,"gold_gain":0,"player_choice":"Purchased Frostosaurus for 90 Gold.","duelist":true,"damage_taken":0,"max_hp_gain":0,"max_hp_loss":0,"event_name":"Card Trader","floor":37,"gold_loss":0},{"damage_healed":0,"gold_gain":0,"player_choice":"Succumb - +25HP/Cursed Relic","duelist":true,"damage_taken":0,"max_hp_gain":0,"max_hp_loss":0,"event_name":"Tomb of the Nameless","floor":39,"gold_loss":0}],"is_beta":false,"boss_relics":[{"not_picked":["Calling Bell","Sozu"],"picked":"Runic Cube"},{"not_picked":["Fusion Hammer","Velvet Choker"],"picked":"Tiny House"}],"items_purged_floors":[7,21],"is_endless":false,"potions_floor_spawned":[3,6,8,12,18,22,30,38,40,45,47,48],"killed_by":"Awakened One","ascension_level":0}}