{"host":"test","time":1613402182,"event":{"mods":["BaseMod","Colored Map","Colored Powertips","Minty Spire (QoL Compilation)","Relic Stats","Slay the Relics Exporter","SpireBot","StSLib","ojb\u0027s Better Paths Mod","ojb\u0027s Info Mod"],"gold_per_floor":[113,113,113,128,143,143,161,192,274,302,267,267,298,314,314,392,392,404,415,415,434,464,464,464,464,464,564,584,584,619,629,629,703,703,723,70,86,111,127,155,155,182,182,182,200,235,250,250,250,250,250,250,250,150,181,181],"floor_reached":57,"language":"JPN","playtime":6413,"items_purged":["Caltrops","Infinite Blades"],"score":3060,"play_id":"1cd5dcb3-541f-45f5-bf82-a038d9da644a","local_time":"20210216001622","is_ascension_mode":true,"campfire_choices":[{"data":"Calculated Gamble","floor":6.0,"key":"SMITH"},{"data":"Blade Dance","floor":12.0,"key":"SMITH"},{"data":"Bouncing Flask","floor":15.0,"key":"SMITH"},{"floor":23.0,"key":"REST"},{"data":"Wraith Form v2","floor":25.0,"key":"SMITH"},{"data":"Envenom","floor":29.0,"key":"SMITH"},{"data":"Concentrate","floor":32.0,"key":"SMITH"},{"data":"Malaise","floor":41.0,"key":"SMITH"},{"floor":44.0,"key":"RECALL"},{"data":"Calculated Gamble","floor":49.0,"key":"SMITH"},{"data":"Acrobatics","floor":53.0,"key":"SMITH"}],"circlet_count":0,"master_deck":["AscendersBane","Survivor","Neutralize+1","After Image+1","Reflex+1","Dagger Throw","Calculated Gamble+1","Blade Dance+1","Cloak And Dagger","Acrobatics+1","Backflip","Wraith Form v2+1","Bouncing Flask+1","After Image","After Image","Dagger Throw","Envenom+1","Accuracy","Concentrate+1","Prepared","Corpse Explosion","Venomology","Concentrate","Expertise","Malaise+1","Calculated Gamble+1","Acrobatics","Blur+1","Footwork","Escape Plan"],"relics":["Ring of the Snake","Ornamental Fan","Omamori","Darkstone Periapt","Pandora\u0027s Box","Red Mask","Gambling Chip","Pocketwatch","InkBottle","Bag of Marbles","Runic Pyramid","Nunchaku","Gremlin Horn","Ice Cream","Potion Belt","Mercury Hourglass","Strawberry","Akabeko"],"acts_visited":["Exordium","TheCity","TheBeyond","TheEnding"],"potions_floor_usage":[56,56,56,56,56,56,56,56,56],"damage_taken":[{"damage":0.0,"enemies":"Jaw Worm","floor":1.0,"turns":8.0},{"damage":2.0,"enemies":"Small Slimes","floor":4.0,"turns":4.0},{"damage":0.0,"enemies":"2 Louse","floor":5.0,"turns":2.0},{"damage":0.0,"enemies":"Looter","floor":7.0,"turns":3.0},{"damage":3.0,"enemies":"Lagavulin","floor":8.0,"turns":9.0},{"damage":3.0,"enemies":"Gremlin Nob","floor":10.0,"turns":4.0},{"damage":10.0,"enemies":"Lagavulin","floor":13.0,"turns":11.0},{"damage":1.0,"enemies":"Exordium Wildlife","floor":14.0,"turns":6.0},{"damage":14.0,"enemies":"The Guardian","floor":16.0,"turns":9.0},{"damage":0.0,"enemies":"Spheric Guardian","floor":18.0,"turns":5.0},{"damage":8.0,"enemies":"Shell Parasite","floor":19.0,"turns":5.0},{"damage":5.0,"enemies":"Snake Plant","floor":21.0,"turns":5.0},{"damage":8.0,"enemies":"Masked Bandits","floor":22.0,"turns":7.0},{"damage":7.0,"enemies":"Colosseum Slavers","floor":27.0,"turns":4.0},{"damage":0.0,"enemies":"Colosseum Nobs","floor":27.0,"turns":5.0},{"damage":2.0,"enemies":"Shelled Parasite and Fungi","floor":28.0,"turns":6.0},{"damage":4.0,"enemies":"Slavers","floor":30.0,"turns":3.0},{"damage":0.0,"enemies":"3 Cultists","floor":31.0,"turns":2.0},{"damage":1.0,"enemies":"Collector","floor":33.0,"turns":8.0},{"damage":3.0,"enemies":"3 Darklings","floor":35.0,"turns":4.0},{"damage":1.0,"enemies":"Orb Walker","floor":37.0,"turns":4.0},{"damage":0.0,"enemies":"Mind Bloom Boss Battle","floor":38.0,"turns":7.0},{"damage":0.0,"enemies":"4 Shapes","floor":39.0,"turns":3.0},{"damage":0.0,"enemies":"Giant Head","floor":40.0,"turns":6.0},{"damage":0.0,"enemies":"Reptomancer","floor":42.0,"turns":6.0},{"damage":0.0,"enemies":"Maw","floor":45.0,"turns":4.0},{"damage":0.0,"enemies":"Nemesis","floor":46.0,"turns":3.0},{"damage":0.0,"enemies":"Spire Growth","floor":47.0,"turns":6.0},{"damage":0.0,"enemies":"Time Eater","floor":50.0,"turns":19.0},{"damage":1.0,"enemies":"Donu and Deca","floor":51.0,"turns":6.0},{"damage":0,"enemies":"Shield and Spear","floor":55,"turns":7},{"damage":14,"enemies":"The Heart","floor":56,"turns":6}],"seed_played":"2351394224989837759","potions_obtained":[{"floor":5.0,"key":"Explosive Potion"},{"floor":8.0,"key":"LiquidMemories"},{"floor":16.0,"key":"SpeedPotion"},{"floor":19.0,"key":"Energy Potion"},{"floor":40.0,"key":"BlessingOfTheForge"},{"floor":45.0,"key":"ColorlessPotion"}],"is_trial":false,"path_per_floor":["M","?","?","M","M","R","M","E","T","E","?","R","E","M","R","B",null,"M","M","?","M","?","R","?","R","T","?","M","R","E","M","R","B",null,"M","$","M","?","M","E","R","E","T","R","M","E","M","?","R","B","B",null,"R","$","E","B",null],"character_chosen":"THE_SILENT","items_purchased":["Calculated Gamble","Nunchaku","Block Potion","Gremlin Horn"],"campfire_rested":1,"item_purchase_floors":[36,36,36,36],"current_hp_per_floor":[59,59,41,39,39,39,39,36,36,33,48,48,38,37,37,23,51,51,43,27,22,14,33,33,33,33,26,24,24,20,20,20,19,54,51,51,50,50,50,50,50,50,50,50,50,57,57,57,57,57,56,68,68,68,68,54],"gold":181,"neow_bonus":"TRANSFORM_TWO_CARDS","is_daily":false,"chose_seed":true,"campfire_upgraded":9,"win_rate":0.0,"timestamp":1613402182,"path_taken":["M","?","?","M","M","R","?","E","T","E","?","R","E","M","R","BOSS","M","M","?","M","?","R","?","R","T","?","M","R","E","?","R","BOSS","M","$","M","?","M","E","R","E","T","R","M","E","M","?","R","BOSS","BOSS","R","$","E","BOSS"],"items_purchased_type":["Card","Relic","Potion","Relic"],"build_version":"2020-12-18","purchased_purges":2,"victory":true,"max_hp_per_floor":[60,60,60,60,60,60,60,60,60,60,60,60,60,60,60,60,60,60,60,65,65,65,65,65,65,65,65,65,65,65,65,65,65,65,65,65,65,65,65,65,65,65,65,65,65,72,72,72,72,72,72,72,72,72,72,72],"relic_stats":{"Darkstone Periapt":0,"Nunchaku":[33],"Gremlin Horn":[7,7],"counters":[32,186],"Ornamental Fan":[568],"Gambling Chip":[65],"Pandora\u0027s Box":["Poisoned Stab","Distraction","After Image","Predator","Dagger Throw","Envenom","Accuracy","Infinite Blades"],"obtain_stats":[{"Darkstone Periapt":13,"Ice Cream":38,"Potion Belt":40,"Gremlin Horn":36,"Omamori":10,"Akabeko":55,"Mercury Hourglass":42,"Nunchaku":36,"Ornamental Fan":9,"Gambling Chip":26,"Strawberry":46,"Pandora\u0027s Box":17,"Red Mask":22,"Bag of Marbles":30,"InkBottle":27,"Ring of the Snake":0,"Pocketwatch":27,"Runic Pyramid":34},{"Darkstone Periapt":7,"Ice Cream":22,"Potion Belt":24,"Gremlin Horn":20,"Omamori":6,"Akabeko":31,"Mercury Hourglass":25,"Nunchaku":20,"Ornamental Fan":5,"Gambling Chip":13,"Strawberry":27,"Pandora\u0027s Box":9,"Red Mask":13,"Bag of Marbles":17,"InkBottle":15,"Ring of the Snake":0,"Pocketwatch":15,"Runic Pyramid":19},{"Darkstone Periapt":41,"Ice Cream":121,"Potion Belt":130,"Gremlin Horn":110,"Omamori":30,"Akabeko":180,"Mercury Hourglass":136,"Nunchaku":110,"Ornamental Fan":26,"Gambling Chip":78,"Strawberry":143,"Pandora\u0027s Box":56,"Red Mask":78,"Bag of Marbles":96,"InkBottle":87,"Ring of the Snake":0,"Pocketwatch":87,"Runic Pyramid":106}],"InkBottle":[116],"Ring of the Snake":[64],"Pocketwatch":[15],"Mercury Hourglass":[128]},"card_choices":[{"not_picked":["Setup","Riddle With Holes"],"picked":"Dagger Throw","floor":1.0},{"not_picked":["Heel Hook","Flechettes"],"picked":"Calculated Gamble","floor":4.0},{"not_picked":["Bane","Acrobatics"],"picked":"Blade Dance","floor":5.0},{"not_picked":["Dodge and Roll","PiercingWail"],"picked":"Cloak And Dagger","floor":7.0},{"not_picked":["PiercingWail","Phantasmal Killer"],"picked":"Acrobatics","floor":8.0},{"not_picked":["Reflex","Quick Slash"],"picked":"Backflip","floor":10.0},{"not_picked":["PiercingWail","Cloak And Dagger"],"picked":"Wraith Form v2","floor":13.0},{"not_picked":["Poisoned Stab","Backflip"],"picked":"Bouncing Flask","floor":14.0},{"not_picked":["Night Terror","Envenom"],"picked":"After Image","floor":16.0},{"not_picked":["Slice+1","Flying Knee","Underhanded Strike"],"picked":"SKIP","floor":18.0},{"not_picked":["Prepared","PiercingWail"],"picked":"Concentrate","floor":19.0},{"not_picked":["Poisoned Stab","Deflect+1"],"picked":"Prepared","floor":21.0},{"not_picked":["Dagger Spray","Flying Knee"],"picked":"Venomology","floor":27.0},{"not_picked":["Outmaneuver","Bane","Sucker Punch"],"picked":"SKIP","floor":28.0},{"not_picked":["Dagger Throw","Deflect"],"picked":"Concentrate","floor":30.0},{"not_picked":["Predator","Bouncing Flask"],"picked":"Expertise","floor":31.0},{"not_picked":["Storm of Steel","Envenom"],"picked":"Malaise","floor":33.0},{"not_picked":["Deadly Poison","Accuracy+1","Sucker Punch"],"picked":"SKIP","floor":35.0},{"not_picked":["Cloak And Dagger","Masterful Stab+1","Terror"],"picked":"SKIP","floor":37.0},{"not_picked":["Dagger Spray","Skewer","Outmaneuver"],"picked":"SKIP","floor":39.0},{"not_picked":["Tools of the Trade","Deflect+1","Riddle With Holes"],"picked":"SKIP","floor":40.0},{"not_picked":["Outmaneuver+1","Distraction+1"],"picked":"Acrobatics","floor":42.0},{"not_picked":["Blade Dance","Dagger Spray","Slice"],"picked":"SKIP","floor":45.0},{"not_picked":["Backstab","Slice"],"picked":"Blur+1","floor":46.0},{"not_picked":["Slice","Setup+1"],"picked":"Footwork","floor":47.0},{"not_picked":["Flying Knee+1","Eviscerate"],"picked":"Escape Plan","floor":55}],"player_experience":2045658,"relics_obtained":[{"floor":9.0,"key":"Ornamental Fan"},{"floor":10.0,"key":"Omamori"},{"floor":13.0,"key":"Darkstone Periapt"},{"floor":22.0,"key":"Red Mask"},{"floor":26.0,"key":"Gambling Chip"},{"floor":27.0,"key":"Pocketwatch"},{"floor":27.0,"key":"InkBottle"},{"floor":30.0,"key":"Bag of Marbles"},{"floor":38.0,"key":"Ice Cream"},{"floor":40.0,"key":"Potion Belt"},{"floor":42.0,"key":"Mercury Hourglass"},{"floor":46.0,"key":"Strawberry"},{"floor":55,"key":"Akabeko"}],"event_choices":[{"damage_healed":0.0,"max_hp_gain":0.0,"max_hp_loss":0.0,"gold_gain":0.0,"event_name":"Living Wall","player_choice":"Grow","floor":2.0,"gold_loss":0.0,"damage_taken":0.0,"cards_upgraded":["After Image"]},{"damage_healed":0.0,"max_hp_gain":0.0,"max_hp_loss":0.0,"gold_gain":0.0,"event_name":"Shining Light","player_choice":"Entered Light","floor":3.0,"gold_loss":0.0,"damage_taken":18.0,"cards_upgraded":["Neutralize","Reflex"]},{"damage_healed":15.0,"max_hp_gain":0.0,"max_hp_loss":0.0,"gold_gain":0.0,"event_name":"The Cleric","player_choice":"Healed","floor":11.0,"gold_loss":35.0,"damage_taken":0.0},{"damage_healed":0.0,"max_hp_gain":5.0,"max_hp_loss":0.0,"gold_gain":0.0,"event_name":"Forgotten Altar","player_choice":"Shed Blood","floor":20.0,"gold_loss":0.0,"damage_taken":21.0},{"damage_healed":0.0,"max_hp_gain":0.0,"max_hp_loss":0.0,"gold_gain":0.0,"event_name":"Masked Bandits","player_choice":"Fought Bandits","floor":22.0,"gold_loss":0.0,"damage_taken":0.0},{"damage_healed":0.0,"max_hp_gain":0.0,"max_hp_loss":0.0,"gold_gain":0.0,"cards_transformed":["Predator","Distraction"],"event_name":"Drug Dealer","player_choice":"Became Test Subject","floor":24.0,"gold_loss":0.0,"damage_taken":0.0,"cards_obtained":["Caltrops","Corpse Explosion"]},{"damage_healed":0.0,"max_hp_gain":0.0,"max_hp_loss":0.0,"gold_gain":0.0,"event_name":"Colosseum","player_choice":"Fight","floor":27.0,"gold_loss":0.0,"damage_taken":0.0},{"damage_healed":0.0,"max_hp_gain":0.0,"max_hp_loss":0.0,"gold_gain":0.0,"event_name":"Colosseum","player_choice":"Fought Nobs","floor":27.0,"gold_loss":0.0,"damage_taken":0.0},{"damage_healed":0.0,"max_hp_gain":0.0,"max_hp_loss":0.0,"gold_gain":0.0,"event_name":"MindBloom","player_choice":"Fight","floor":38.0,"gold_loss":0.0,"damage_taken":0.0},{"cards_removed":["Poisoned Stab"],"damage_healed":0.0,"max_hp_gain":0.0,"max_hp_loss":0.0,"gold_gain":0.0,"event_name":"Falling","player_choice":"Removed Attack","floor":48.0,"gold_loss":0.0,"damage_taken":0.0}],"is_beta":true,"boss_relics":[{"not_picked":["Snecko Eye","Busted Crown"],"picked":"Pandora\u0027s Box"},{"not_picked":["WristBlade","Astrolabe"],"picked":"Runic Pyramid"}],"items_purged_floors":[36,54],"is_endless":false,"potions_floor_spawned":[5,8,16,19,27,28,35,37,40,42,45,47],"ascension_level":20}}