{"host":"x7u3amoxy3d4heu5","time":1613352471,"event":{"mods":["BaseMod","Colored Map","DeckTracker","Hermit","Hubris","Infinite Spire","Marisa????????","Minty Spire (QoL Compilation)","Quick Restart","Replay The Spire","StSLib","The Cursed","The IronCluck","The Jungle","The Servant 0.9.4","The Wild Card","Unceasing Turn Reminder","slay the spire mod where everything is the same but ironclad has a cowboy hat"],"gold_per_floor":[118,118,118,128,141,141,176,186,186,199,199,226,252,265,265,362,362,377,1,1,1,25,25,56,56,80,56,75,75,75,75,75,184,184,214,214,214,214,214,240,281,310,389,389,412,458,504,504,504,504,504],"floor_reached":50,"language":"ENG","playtime":4470,"items_purged":["Clumsy"],"score":990,"play_id":"8100980b-d35a-4c92-9158-733256bf7fb0","local_time":"20210214182751","is_ascension_mode":true,"campfire_choices":[{"data":"Eruption","floor":6.0,"key":"SMITH"},{"floor":11.0,"key":"REST"},{"data":"MentalFortress","floor":15,"key":"SMITH"},{"data":"Replay:Anticipation","floor":23,"key":"SMITH"},{"floor":25,"key":"REST"},{"floor":29,"key":"REST"},{"data":"BattleHymn","floor":32,"key":"SMITH"},{"data":"infinitespire:FutureSight","floor":44,"key":"SMITH"},{"data":"infinitespire:UltimateForm","floor":49,"key":"SMITH"}],"circlet_count":0,"master_deck":["Defend_P+1","Defend_P+1","Defend_P+1","Eruption+1","Vigilance+1","ClearTheMind+1","FlyingSleeves+1","Replay:Anticipation+1","Omniscience+1","FlyingSleeves+1","MentalFortress+1","FlurryOfBlows+1","Establishment+1","Replay:AtTheReady+1","Perseverance+1","Shame","DeceiveReality+1","Crescendo+1","JustLucky+1","BattleHymn+1","Replay:BluntJabs+1","Alpha+1","InnerPeace+1","infinitespire:FutureSight+1","Replay:Anticipation+1","JustLucky+1","WreathOfFlame+1","Establishment+1","FearNoEvil","infinitespire:UltimateForm+1"],"relics":["PureWater","Emotion Chip","Gremlin Food","FaceOfCleric","MiniHakkero","theWildCard:VelvetContract","Sozu","Bronze Scales","theJungle:Flamango","Kintsugi","Matryoshka","replay:Trail_Library","Replay:Frozen Program","hermit:CharredGlove","Ring of Panic","Nilry\u0027s Codex","hubris:Zylophone","Burning Blood","Ring of the Serpent","ReplayTheSpireMod:DimensionalGlitch","Toxic Egg 2","Strange Spoon","infinitespire:EvilPickle","m_TsuchinokoRing","Bag of Marbles","m_SpellCore","infinitespire:Chaos"],"acts_visited":["TheCity","TheBeyond"],"potions_floor_usage":[12,16,16,18,24,33,40,40,40,41,41,41,41,41,41,41,41,41,41,41,41,41,42,42,47,47,50,50,50],"damage_taken":[{"damage":11.0,"enemies":"Small Slimes","floor":1.0,"turns":4.0},{"damage":1.0,"enemies":"2 Louse","floor":4.0,"turns":4.0},{"damage":0.0,"enemies":"Cultist","floor":5.0,"turns":2.0},{"damage":0.0,"enemies":"Lagavulin","floor":7.0,"turns":7.0},{"damage":12.0,"enemies":"Exordium Wildlife","floor":8.0,"turns":5.0},{"damage":1.0,"enemies":"Red Slaver","floor":10.0,"turns":4.0},{"damage":25,"enemies":"3 Sentries","floor":12,"turns":9},{"damage":0,"enemies":"3 Louse","floor":14,"turns":3},{"damage":23,"enemies":"Hexaghost","floor":16,"turns":8},{"damage":18,"enemies":"Shell Parasite","floor":18,"turns":3},{"damage":40,"enemies":"Slavers","floor":24,"turns":5},{"damage":2,"enemies":"Chosen","floor":28,"turns":5},{"damage":0,"enemies":"Pondfish","floor":33,"turns":11},{"damage":0,"enemies":"3 Darklings","floor":35,"turns":5},{"damage":0,"enemies":"3 Shapes","floor":40,"turns":2},{"damage":0,"enemies":"Reptomancer","floor":41,"turns":3},{"damage":0,"enemies":"Sphere and 2 Shapes","floor":42,"turns":4},{"damage":0,"enemies":"Maw","floor":46,"turns":6},{"damage":0,"enemies":"4 Shapes","floor":47,"turns":4},{"damage":22,"enemies":"Replay:Hell Engine","floor":50,"turns":7}],"seed_played":"-609469072606340934","potions_obtained":[{"floor":8.0,"key":"BottledMiracle"},{"floor":10.0,"key":"SteroidPotion"},{"floor":12,"key":"GamblersBrew"},{"floor":14,"key":"Energy Potion"},{"floor":16,"key":"Swift Potion"},{"floor":28,"key":"GamblersBrew"},{"floor":37,"key":"EntropicBrew"},{"floor":37,"key":"Toxic Potion"},{"floor":37,"key":"Swift Potion"},{"floor":40,"key":"Strength Potion"},{"floor":41,"key":"Strength Potion"},{"floor":42,"key":"FearPotion"},{"floor":46,"key":"SkillPotion"},{"floor":47,"key":"Adrenaline Potion"}],"is_trial":false,"path_per_floor":["M","?","?","M","M","R","E","M","T","M","R","E","T","M","R","B",null,"M","$","?","?","T","R","E","R","T","$","M","R","?","?","R","B",null,"M","T","?","?","?","M","E","M","T","R","T","M","M","AVR","R","B"],"character_chosen":"WATCHER","items_purchased":["Replay:AtTheReady","Golden Egg","Perseverance","JustLucky"],"campfire_rested":3,"item_purchase_floors":[19,19,19,27],"current_hp_per_floor":[61,54,54,53,53,53,60,48,48,47,70,45,45,45,45,22,79,61,61,61,61,61,61,21,59,59,59,57,79,79,1,1,1,1,1,1,1,1,1,1,1,1,1,1,1,1,1,1,1,0,0],"gold":504,"neow_bonus":"RANDOM_EVENT","is_daily":false,"chose_seed":false,"campfire_upgraded":6,"win_rate":0.0,"timestamp":1613352471,"path_taken":["M","?","?","M","M","R","E","?","T","M","R","E","?","M","R","BOSS","M","?","?","?","?","R","E","R","T","$","?","R","?","?","R","BOSS","M","?","?","?","?","M","E","M","T","R","?","?","?","AVR","R","BOSS"],"items_purchased_type":["Card","Relic","Card","Card"],"build_version":"2020-12-22","purchased_purges":1,"victory":false,"max_hp_per_floor":[72,72,72,72,72,72,79,79,79,79,79,79,79,79,79,79,79,79,79,79,79,79,79,79,79,79,79,79,79,79,1,1,1,1,1,1,1,1,1,1,1,1,1,1,1,1,1,1,1,1,1],"card_choices":[{"not_picked":["Crescendo","SashWhip"],"picked":"ClearTheMind","floor":1.0},{"not_picked":["Evaluate","CrushJoints"],"picked":"FlyingSleeves","floor":4.0},{"not_picked":["CutThroughFate","Evaluate"],"picked":"Replay:Anticipation","floor":5.0},{"not_picked":["Protect","Sanctity"],"picked":"Omniscience","floor":7.0},{"not_picked":["BowlingBash","Halt","WindmillStrike"],"picked":"SKIP","floor":8.0},{"not_picked":["Consecrate","JustLucky"],"picked":"FlyingSleeves","floor":10.0},{"not_picked":["EmptyBody","ClearTheMind"],"picked":"MentalFortress","floor":12},{"not_picked":["FearNoEvil","Replay:Vibes"],"picked":"FlurryOfBlows","floor":14},{"not_picked":["Replay:LoomingThreat","Wish"],"picked":"Establishment","floor":16},{"not_picked":["PathToVictory","FollowUp","BowlingBash+1"],"picked":"SKIP","floor":18},{"not_picked":["LikeWater","EmptyBody+1"],"picked":"DeceiveReality","floor":24},{"not_picked":["Replay:Cycle+1","Meditate"],"picked":"Crescendo","floor":25},{"not_picked":["JustLucky","Replay:Anticipation+1"],"picked":"BattleHymn","floor":28},{"not_picked":["Replay:Battleflow","BowlingBash"],"picked":"Replay:BluntJabs","floor":29},{"not_picked":["Ragnarok","Blasphemy"],"picked":"Alpha","floor":33},{"not_picked":["EmptyFist","Halt+1","Crescendo+1"],"picked":"InnerPeace","floor":35},{"not_picked":["infinitespire:FinalStrike","infinitespire:DeathsTouch"],"picked":"infinitespire:FutureSight","floor":39},{"not_picked":["WreathOfFlame","Tantrum","EmptyFist"],"picked":"Replay:Anticipation+1","floor":40},{"not_picked":["Vengeance","Wallop","Nirvana+1"],"picked":"JustLucky+1","floor":41},{"not_picked":["FollowUp","Meditate+1","Replay:AtTheReady"],"picked":"WreathOfFlame+1","floor":42},{"not_picked":["EmptyBody+1","Pray+1","SignatureMove"],"picked":"Establishment","floor":46},{"not_picked":["SashWhip","Nirvana","Conclude+1"],"picked":"FearNoEvil","floor":47}],"player_experience":626605,"relics_obtained":[{"floor":7.0,"key":"Strawberry"},{"floor":9.0,"key":"Bottled Lightning"},{"floor":12,"key":"Boot"},{"floor":13,"key":"infinitespire:Satchel"},{"floor":22,"key":"Regal Pillow"},{"floor":24,"key":"Chameleon Ring"},{"floor":26,"key":"infinitespire:Lucky Rock"},{"floor":36,"key":"Replay:Towering Pillar of Hats"},{"floor":37,"key":"Ring of Hypnosis"},{"floor":37,"key":"ReplayTheSpireMod:Ring of Addiction"},{"floor":37,"key":"White Beast Statue"},{"floor":37,"key":"hubris:EmptyBottle"},{"floor":41,"key":"hubris:CuriousFeather"},{"floor":43,"key":"hubris:DeckOfHolding"},{"floor":45,"key":"PreservedInsect"}],"event_choices":[{"damage_healed":0.0,"max_hp_gain":0.0,"max_hp_loss":0.0,"gold_gain":0.0,"event_name":"Big Fish","player_choice":"Box","floor":0.0,"gold_loss":0.0,"damage_taken":0.0,"relics_obtained":["Tiny Chest"],"cards_obtained":["Regret"]},{"cards_removed":["Regret"],"damage_healed":0.0,"max_hp_gain":0.0,"max_hp_loss":0.0,"gold_gain":0.0,"event_name":"Golden Wing","player_choice":"Card Removal","floor":2.0,"gold_loss":0.0,"damage_taken":7.0},{"cards_removed":["Defend_P"],"damage_healed":0.0,"max_hp_gain":0.0,"max_hp_loss":0.0,"gold_gain":0.0,"event_name":"Purifier","player_choice":"Purged","floor":3.0,"gold_loss":0.0,"damage_taken":0.0},{"damage_healed":0,"gold_gain":0,"player_choice":"Stole Relic","damage_taken":0,"relics_obtained":["Dream Catcher"],"max_hp_gain":0,"max_hp_loss":0,"event_name":"Addict","floor":21,"gold_loss":0,"cards_obtained":["Shame"]},{"damage_healed":0,"gold_gain":0,"player_choice":"Upgrade","damage_taken":0,"relics_obtained":["Mark of the Bloom"],"max_hp_gain":0,"max_hp_loss":0,"event_name":"MindBloom","floor":38,"gold_loss":0,"cards_upgraded":["Strike_P","Strike_P","Strike_P","Strike_P","Defend_P","Defend_P","Defend_P","Vigilance","ClearTheMind","FlyingSleeves","Omniscience","FlyingSleeves","FlurryOfBlows","Establishment","Replay:AtTheReady","DeceiveReality","Crescendo","Replay:BluntJabs","InnerPeace"]}],"is_beta":false,"boss_relics":[{"not_picked":["hubris:TerracottaHorce","Coffee Dripper"],"picked":"hubris:Backtick"},{"not_picked":["Replay:Ancient Bell","Sozu"],"picked":"Honey Jar"}],"items_purged_floors":[48],"is_endless":false,"potions_floor_spawned":[8,10,12,14,16,28,40,41,42,46,47],"killed_by":"Replay:Hell Engine","ascension_level":3}}