{"host":"6406jj8da6015sxr","time":1613387803,"event":{"mods":["AchievementEnabler","BaseMod","Colored Map","DeckTracker","Keyboard Shortcuts","Minty Spire (QoL Compilation)","Permanent Neow","SuperFastMode","everything is the same but u backflip on backflip"],"gold_per_floor":[110,123,73,73,73,73,87,118,118,159,159,159,177,21,21,140,140,163,163,179,179,194,230,230,230,230,263,283,283,283,299,299,430,430,448,511,527,541,153,153,197,197,197,197,217,117,150,25,25,25],"floor_reached":51,"language":"KOR","playtime":2024,"items_purged":["Strike_G+1","Blade Dance","Blade Dance+1"],"score":931,"play_id":"c12e72af-3172-48a0-aca1-5c9eb54db439","local_time":"20210215201643","is_ascension_mode":true,"campfire_choices":[{"data":"Sucker Punch","floor":6.0,"key":"SMITH"},{"data":"Bouncing Flask","floor":11.0,"key":"SMITH"},{"data":"Dagger Throw","floor":15.0,"key":"SMITH"},{"data":"Burst","floor":24.0,"key":"SMITH"},{"floor":29.0,"key":"REST"},{"data":"Adrenaline","floor":32.0,"key":"SMITH"},{"data":"A Thousand Cuts","floor":40.0,"key":"SMITH"},{"data":"Choke","floor":42.0,"key":"SMITH"},{"data":"Footwork","floor":44.0,"key":"SMITH"},{"floor":49.0,"key":"REST"}],"circlet_count":0,"master_deck":["Strike_G+1","Strike_G+1","Strike_G+1","Defend_G+1","Defend_G+1","Defend_G+1","Defend_G+1","Defend_G+1","Survivor","Neutralize+1","Blade Dance","Sucker Punch+1","Sucker Punch+1","Dagger Spray","Dagger Throw+1","Bouncing Flask+1","Blur","Burst+1","Cloak And Dagger+1","Adrenaline","Choke+1","Deadly Poison+1","Prepared+1","Adrenaline+1","Acrobatics","A Thousand Cuts+1","Tactician+1","Bouncing Flask+1","Footwork+1","Terror+1","Calculated Gamble+1"],"relics":["Ring of the Snake","Golden Idol","Tough Bandages","Thread and Needle","Nunchaku","Oddly Smooth Stone","Philosopher\u0027s Stone","InkBottle","Darkstone Periapt","Lantern","Sozu","Unceasing Top","Bottled Flame","StoneCalendar","Dream Catcher","Gremlin Horn"],"acts_visited":["Exordium","TheCity","TheBeyond"],"potions_floor_usage":[],"damage_taken":[{"damage":10.0,"enemies":"Small Slimes","floor":1.0,"turns":4.0},{"damage":0.0,"enemies":"Jaw Worm","floor":2.0,"turns":4.0},{"damage":0.0,"enemies":"Cultist","floor":7.0,"turns":2.0},{"damage":17.0,"enemies":"Gremlin Nob","floor":8.0,"turns":4.0},{"damage":16.0,"enemies":"Lagavulin","floor":10.0,"turns":6.0},{"damage":0.0,"enemies":"2 Fungi Beasts","floor":13.0,"turns":2.0},{"damage":0.0,"enemies":"The Guardian","floor":16.0,"turns":9.0},{"damage":4.0,"enemies":"3 Byrds","floor":18.0,"turns":5.0},{"damage":13.0,"enemies":"2 Thieves","floor":20.0,"turns":3.0},{"damage":0.0,"enemies":"3 Cultists","floor":22.0,"turns":5.0},{"damage":18.0,"enemies":"Slavers","floor":23.0,"turns":5.0},{"damage":13.0,"enemies":"Book of Stabbing","floor":27.0,"turns":4.0},{"damage":0.0,"enemies":"Snecko","floor":28.0,"turns":3.0},{"damage":1.0,"enemies":"Shelled Parasite and Fungi","floor":31.0,"turns":3.0},{"damage":18.0,"enemies":"Automaton","floor":33.0,"turns":12.0},{"damage":0.0,"enemies":"3 Shapes","floor":35.0,"turns":4.0},{"damage":0.0,"enemies":"Mind Bloom Boss Battle","floor":36.0,"turns":6.0},{"damage":0.0,"enemies":"Orb Walker","floor":37.0,"turns":2.0},{"damage":0.0,"enemies":"Jaw Worm Horde","floor":38.0,"turns":2.0},{"damage":0.0,"enemies":"Giant Head","floor":41.0,"turns":5.0},{"damage":0.0,"enemies":"Maw","floor":45.0,"turns":4.0},{"damage":14.0,"enemies":"Nemesis","floor":47.0,"turns":3.0},{"damage":23,"enemies":"Time Eater","floor":50,"turns":9}],"seed_played":"-4272210160357976684","potions_obtained":[{"floor":7.0,"key":"Regen Potion"},{"floor":10.0,"key":"LiquidMemories"},{"floor":13.0,"key":"EssenceOfSteel"},{"floor":16.0,"key":"PowerPotion"},{"floor":20.0,"key":"DuplicationPotion"},{"floor":22.0,"key":"Ancient Potion"}],"is_trial":false,"path_per_floor":["M","M","?","?","?","R","M","E","T","E","R","?","M","$","R","B",null,"M","?","M","?","M","E","R","?","T","E","M","R","?","M","R","B",null,"M","?","M","M","$","R","E","R","T","R","M","$","E","$","R","B",null],"character_chosen":"THE_SILENT","items_purchased":["Oddly Smooth Stone","Footwork","Bottled Flame"],"campfire_rested":2,"item_purchase_floors":[14,39,39],"current_hp_per_floor":[60,60,60,46,46,46,46,41,41,25,25,46,46,46,46,46,65,61,61,48,48,48,30,30,30,30,17,17,36,36,35,35,17,65,65,65,65,65,65,65,65,65,65,65,65,65,51,51,65,42],"gold":25,"neow_bonus":"THREE_CARDS","is_daily":false,"chose_seed":false,"campfire_upgraded":8,"win_rate":0.0,"timestamp":1613387803,"path_taken":["M","M","?","?","?","R","M","E","T","E","R","?","M","?","R","BOSS","M","?","?","?","M","E","R","?","T","E","M","R","?","?","R","BOSS","M","?","M","M","$","R","E","R","T","R","M","$","E","$","R","BOSS"],"items_purchased_type":["Relic","Card","Relic"],"build_version":"2020-12-22","purchased_purges":3,"victory":true,"max_hp_per_floor":[70,70,70,70,65,65,65,65,65,65,65,65,65,65,65,65,65,65,65,65,65,65,65,65,65,65,65,65,65,65,65,65,65,65,65,65,65,65,65,65,65,65,65,65,65,65,65,65,65,65],"card_choices":[{"not_picked":["Dagger Throw","Acrobatics"],"picked":"Blade Dance","floor":0.0},{"not_picked":["Outmaneuver","Prepared"],"picked":"Sucker Punch","floor":1.0},{"not_picked":["Acrobatics","Slice"],"picked":"Sucker Punch","floor":2.0},{"not_picked":["Deflect","Blade Dance"],"picked":"Dagger Spray","floor":7.0},{"not_picked":["Bane","Grand Finale"],"picked":"Dagger Throw","floor":8.0},{"not_picked":["Tactician","Concentrate"],"picked":"Bouncing Flask","floor":10.0},{"not_picked":["Dodge and Roll","Skewer"],"picked":"Blur","floor":13.0},{"not_picked":["Storm of Steel","Unload"],"picked":"Burst","floor":16.0},{"not_picked":["Dagger Spray","Dagger Throw"],"picked":"Cloak And Dagger+1","floor":18.0},{"not_picked":["Cloak And Dagger","Masterful Stab","Bane"],"picked":"SKIP","floor":20.0},{"not_picked":["Sucker Punch","Prepared+1"],"picked":"Choke","floor":22.0},{"not_picked":["Deflect","Prepared"],"picked":"Deadly Poison+1","floor":23.0},{"not_picked":["All Out Attack","Blade Dance"],"picked":"Prepared+1","floor":27.0},{"not_picked":["Slice","Deadly Poison"],"picked":"Blade Dance","floor":28.0},{"not_picked":["Flying Knee","Outmaneuver+1"],"picked":"Acrobatics","floor":31.0},{"not_picked":["Die Die Die","Venomology"],"picked":"A Thousand Cuts","floor":33.0},{"not_picked":["Outmaneuver+1","Concentrate","Flying Knee+1"],"picked":"SKIP","floor":35.0},{"not_picked":["Setup+1","Dash+1"],"picked":"Blade Dance+1","floor":36.0},{"not_picked":["Leg Sweep","Blur"],"picked":"Tactician+1","floor":37.0},{"not_picked":["Endless Agony","Masterful Stab"],"picked":"Bouncing Flask+1","floor":38.0},{"not_picked":["Deadly Poison+1","Poisoned Stab+1","Caltrops"],"picked":"SKIP","floor":41.0},{"not_picked":["Flying Knee","Tactician+1"],"picked":"Terror+1","floor":45.0},{"not_picked":["Sucker Punch","Tactician"],"picked":"Calculated Gamble+1","floor":47.0}],"player_experience":7486,"relics_obtained":[{"floor":8.0,"key":"Tough Bandages"},{"floor":9.0,"key":"Thread and Needle"},{"floor":10.0,"key":"Nunchaku"},{"floor":23.0,"key":"InkBottle"},{"floor":26.0,"key":"Darkstone Periapt"},{"floor":27.0,"key":"Lantern"},{"floor":36.0,"key":"Unceasing Top"},{"floor":41.0,"key":"StoneCalendar"},{"floor":43.0,"key":"Dream Catcher"},{"floor":47.0,"key":"Gremlin Horn"}],"event_choices":[{"cards_removed":["Strike_G"],"damage_healed":0.0,"max_hp_gain":0.0,"max_hp_loss":0.0,"gold_gain":0.0,"event_name":"The Cleric","player_choice":"Card Removal","floor":3.0,"gold_loss":50.0,"damage_taken":0.0},{"damage_healed":0.0,"max_hp_gain":0.0,"max_hp_loss":0.0,"gold_gain":0.0,"event_name":"Shining Light","player_choice":"Entered Light","floor":4.0,"gold_loss":0.0,"damage_taken":14.0,"cards_upgraded":["Sucker Punch","Neutralize"]},{"damage_healed":0.0,"max_hp_gain":0.0,"max_hp_loss":5.0,"gold_gain":0.0,"event_name":"Golden Idol","player_choice":"Lose Max HP","floor":5.0,"gold_loss":0.0,"damage_taken":0.0,"relics_obtained":["Golden Idol"]},{"damage_healed":21.0,"max_hp_gain":0.0,"max_hp_loss":0.0,"gold_gain":0.0,"event_name":"Big Fish","player_choice":"Banana","floor":12.0,"gold_loss":0.0,"damage_taken":0.0},{"damage_healed":0.0,"max_hp_gain":0.0,"max_hp_loss":0.0,"gold_gain":0.0,"event_name":"Match and Keep!","player_choice":"1 cards matched","floor":19.0,"gold_loss":0.0,"damage_taken":0.0,"cards_obtained":["Adrenaline"]},{"damage_healed":0.0,"max_hp_gain":0.0,"max_hp_loss":0.0,"gold_gain":0.0,"event_name":"Back to Basics","player_choice":"Simplicity","floor":21.0,"gold_loss":0.0,"damage_taken":0.0,"cards_upgraded":["Strike_G","Strike_G","Strike_G","Strike_G","Defend_G","Defend_G","Defend_G","Defend_G","Defend_G"]},{"damage_healed":0.0,"max_hp_gain":0.0,"max_hp_loss":0.0,"gold_gain":0.0,"event_name":"Cursed Tome","player_choice":"Ignored","floor":25.0,"gold_loss":0.0,"damage_taken":0.0},{"damage_healed":0.0,"max_hp_gain":0.0,"max_hp_loss":0.0,"gold_gain":0.0,"event_name":"Duplicator","player_choice":"Copied","floor":30.0,"gold_loss":0.0,"damage_taken":0.0,"cards_obtained":["Adrenaline"]},{"damage_healed":0.0,"max_hp_gain":0.0,"max_hp_loss":0.0,"gold_gain":0.0,"event_name":"MindBloom","player_choice":"Fight","floor":36.0,"gold_loss":0.0,"damage_taken":0.0}],"is_beta":false,"boss_relics":[{"not_picked":["Pandora\u0027s Box","WristBlade"],"picked":"Philosopher\u0027s Stone"},{"not_picked":["Calling Bell","Snecko Eye"],"picked":"Sozu"}],"items_purged_floors":[39,46,48],"is_endless":false,"potions_floor_spawned":[7,10,13,16,20,22,35,38],"ascension_level":2}}