{"host":"m8w71g8uphjy649i","time":1613381019,"event":{"mods":["AchievementEnabler","Act Like it!","BaseMod","BetterRewards","Colored Map","Colored Powertips","Energized Spire","Gensokyo","Googly Eyes","Hallownest","Hubris","Infinite Spire","Lobotomy","Minty Spire (QoL Compilation)","Rare Cards Sparkle","Replay The Spire","Shop Mod","StSLib","The Animator","The Jungle","Uncapped","everything is the same but u backflip on backflip"],"gold_per_floor":[114,41,41,41,41,41,41,56,56,86,86,416,416,431,431,531,531,546,96,111,111,111,111,111,111,136,136,136,136,136,136,136,136,136],"floor_reached":33,"language":"ZHS","playtime":1680,"items_purged":["Hallucinations"],"score":245,"play_id":"615bebc0-721e-4a00-98e4-26d61a55970d","local_time":"20210215172339","daily_mods":["Heirloom","Flight","Night Terrors"],"is_ascension_mode":false,"campfire_choices":[{"data":"Inflame","floor":6,"key":"SMITH"},{"data":"Rampage","floor":7,"key":"SMITH"},{"data":"Inflame","floor":11,"key":"SMITH"},{"data":"Spot Weakness","floor":13,"key":"SMITH"},{"data":"Anger","floor":15,"key":"SMITH"},{"data":"Double Tap","floor":23,"key":"SMITH"},{"data":"Replay:Undeath\u0027s Touch","floor":24,"key":"SMITH"},{"data":"Bash","floor":27,"key":"SMITH"},{"data":"Strike_R","floor":30,"key":"SMITH"}],"circlet_count":0,"master_deck":["Strike_R","Strike_R","Strike_R+1","Strike_R","Strike_R","Defend_R","Defend_R","Defend_R+1","Defend_R+1","Bash+1","Rampage+1","Inflame+1","Inflame+1","Anger+1","Spot Weakness+1","Double Tap+1","hubris:NaturalOne","Replay:Undeath\u0027s Touch+1"],"relics":["Burning Blood","Du-Vu Doll","hubris:Icosahedron","FaceOfCleric","War Paint","Torii","Old Coin","energizedSpire:EnergizedDie","MerchantsRug","Magic Flower","ReplayTheSpireMod:Ring of Collecting","ReplayTheSpireMod:Ring of Sloth","Nilry\u0027s Codex","Toy Ornithopter","hubris:Towel","Pen Nib","hubris:BottledHeart"],"acts_visited":["Exordium","TheCity"],"potions_floor_usage":[10,16],"damage_taken":[{"damage":14,"enemies":"2 Louse","floor":1,"turns":3},{"damage":0,"enemies":"Cultist","floor":8,"turns":3},{"damage":6,"enemies":"Lagavulin","floor":10,"turns":5},{"damage":27,"enemies":"3 Sentries","floor":12,"turns":5},{"damage":11,"enemies":"Jaw Worm","floor":14,"turns":3},{"damage":34,"enemies":"Slime Boss","floor":16,"turns":5},{"damage":1,"enemies":"Spheric Guardian","floor":18,"turns":3},{"damage":2,"enemies":"Chosen","floor":20,"turns":3},{"damage":6,"enemies":"Automaton","floor":33,"turns":4}],"seed_played":"5535013652570512859","potions_obtained":[{"floor":1,"key":"AttackPotion"},{"floor":12,"key":"SteroidPotion"},{"floor":14,"key":"Elixir"},{"floor":16,"key":"FearPotion"}],"is_trial":false,"path_per_floor":["M","$","?","$","?","R","R","M","T","E","R","E","R","M","R","B",null,"M","$","M","?","?","R","R","?","T","R","?","AVR","R","$","R_BF","B"],"character_chosen":"IRONCLAD","items_purchased":["Inflame","MerchantsRug","Magic Flower"],"campfire_rested":0,"item_purchase_floors":[2,19,19],"current_hp_per_floor":[72,72,72,72,72,72,72,79,79,80,80,60,60,56,56,29,85,86,86,87,87,71,71,71,71,71,71,71,71,71,71,1,0,0],"gold":136,"neow_bonus":"","is_daily":true,"chose_seed":false,"campfire_upgraded":9,"win_rate":0.0,"timestamp":1613381019,"path_taken":["M","$","?","?","?","R","R","M","T","E","R","E","R","?","R","BOSS","M","$","?","?","?","R","R","?","T","R","?","AVR","R","?","R_BF","BOSS"],"items_purchased_type":["Card","Relic","Relic"],"build_version":"2020-12-22","purchased_purges":1,"victory":false,"max_hp_per_floor":[80,80,80,80,80,80,80,81,81,82,82,83,83,84,84,85,85,86,86,87,87,87,87,87,87,87,87,87,87,87,87,1,1,1],"card_choices":[{"not_picked":["Sever Soul","Headbutt"],"picked":"Rampage","floor":1},{"not_picked":["Wild Strike","Thunderclap"],"picked":"Inflame","floor":8},{"not_picked":["Run Through","Clothesline"],"picked":"Anger","floor":10},{"not_picked":["Defy Death","Massacre"],"picked":"Spot Weakness","floor":12},{"not_picked":["Armaments","hubris:CleavingFinish","True Grit"],"picked":"SKIP","floor":14},{"not_picked":["Juggernaut","hubris:StunningStrike"],"picked":"Double Tap","floor":16},{"not_picked":["Iron Wave","Carnage+1","Havoc"],"picked":"SKIP","floor":18},{"not_picked":["Infernal Blade","Reckless Charge"],"picked":"Replay:Undeath\u0027s Touch","floor":20}],"player_experience":264684,"relics_obtained":[{"floor":9,"key":"War Paint"},{"floor":10,"key":"Torii"},{"floor":12,"key":"Old Coin"},{"floor":21,"key":"ReplayTheSpireMod:Ring of Collecting"},{"floor":21,"key":"ReplayTheSpireMod:Ring of Sloth"},{"floor":22,"key":"Nilry\u0027s Codex"},{"floor":26,"key":"Toy Ornithopter"}],"event_choices":[{"damage_healed":0,"gold_gain":0,"player_choice":"Trade","damage_taken":0,"relics_obtained":["FaceOfCleric"],"max_hp_gain":0,"max_hp_loss":0,"event_name":"FaceTrader","floor":5,"gold_loss":0},{"damage_healed":0,"gold_gain":0,"player_choice":"Obtained Book","damage_taken":16,"max_hp_gain":0,"max_hp_loss":0,"event_name":"Cursed Tome","floor":22,"gold_loss":0},{"damage_healed":0,"gold_gain":0,"player_choice":"Ignored","damage_taken":0,"max_hp_gain":0,"max_hp_loss":0,"event_name":"Vampires","floor":25,"gold_loss":0}],"is_beta":false,"boss_relics":[{"not_picked":["energizedSpire:TabascoSauce","hubris:BlackHole"],"picked":"energizedSpire:EnergizedDie"}],"items_purged_floors":[29],"is_endless":false,"potions_floor_spawned":[1,12,14,16,18],"killed_by":"Automaton","ascension_level":0}}