{"host":"xp27heuvanyklt0b","time":1613392760,"event":{"mods":["100% Spire Juice","BaseMod","CapriCore","Lobotomy","Minty Spire (QoL Compilation)","Replay The Spire","StSLib","The Immortal"],"gold_per_floor":[118,134,134,26,101,7,17,17,43,55,67,94,94,125,125,228,108,119,137,137,77,96,96,131,147,27,27,45,64,64,77,77,180,60,75,94,94,113,61,61,76,76,76],"floor_reached":42,"language":"KOR","playtime":1731,"items_purged":[],"score":459,"play_id":"098a27de-7a03-4e67-8be2-de2345ff2c68","local_time":"20210215213920","is_ascension_mode":false,"campfire_choices":[{"floor":13,"key":"REST"},{"data":"Moonworks:Dash","floor":15,"key":"SMITH"},{"data":"Moonworks:Accelerator","floor":23,"key":"SMITH"},{"data":"Moonworks:SinkOrSwim","floor":32,"key":"SMITH"},{"floor":40,"key":"REST"}],"circlet_count":0,"master_deck":["Moonworks:Strike","Moonworks:Strike","Moonworks:Strike","Moonworks:Defend","Moonworks:Defend","Moonworks:Defend","Moonworks:Defend","Moonworks:Ambush","Moonworks:LongDistanceShot","Moonworks:MeltingMemories+1","Moonworks:NicePresent","Moonworks:Flamethrower","Moonworks:x16BigRocket","Pot Of Greed","Pot Of Greed","Moonworks:TacticalRetreat","Moonworks:StarBlastingFuse","Moonworks:Dash+1","Moonworks:SakisCookie","Moonworks:Wanted","Moonworks:Accelerator+1","Moonworks:JonathanRush","Moonworks:BigMagnum+1","Moonworks:JonathanRush","Moonworks:ImOnFire","Moonworks:SinkOrSwim+1","Pot Of Greed","Moonworks:SakisCookie","Moonworks:MeltingMemories","Moonworks:SakisCookie+1","Moonworks:JonathanRush+1","Moonworks:MiracleWalker+1","Moonworks:MeltingMemories","Parasite"],"relics":["Moonworks:BrokenBomb","Moonworks:Homemark","Grinning Jar","Strawberry","Vajra","Runic Pyramid","Dream Catcher","Meat on the Bone","Ornamental Fan"],"acts_visited":["Exordium","TheCity","TheBeyond"],"potions_floor_usage":[25,35,42],"damage_taken":[{"damage":5,"enemies":"Jaw Worm","floor":1,"turns":5},{"damage":0,"enemies":"Small Slimes","floor":2,"turns":2},{"damage":0,"enemies":"2 Louse","floor":4,"turns":1},{"damage":14,"enemies":"Gremlin Nob","floor":6,"turns":3},{"damage":0,"enemies":"Lots of Slimes","floor":7,"turns":2},{"damage":0,"enemies":"Exordium Wildlife","floor":10,"turns":2},{"damage":12,"enemies":"Large Slime","floor":11,"turns":3},{"damage":1,"enemies":"Lagavulin","floor":14,"turns":5},{"damage":19,"enemies":"Fading Forest","floor":16,"turns":11},{"damage":0,"enemies":"Chosen","floor":18,"turns":4},{"damage":0,"enemies":"Spheric Guardian","floor":19,"turns":3},{"damage":17,"enemies":"Snake Plant","floor":22,"turns":3},{"damage":15,"enemies":"Gremlin Leader","floor":24,"turns":4},{"damage":16,"enemies":"Shelled Parasite and Fungi","floor":25,"turns":3},{"damage":6,"enemies":"Snecko","floor":28,"turns":3},{"damage":16,"enemies":"Snake Plant","floor":29,"turns":3},{"damage":14,"enemies":"Chosen and Byrds","floor":31,"turns":4},{"damage":47,"enemies":"Collector","floor":33,"turns":7},{"damage":6,"enemies":"Orb Walker","floor":35,"turns":3},{"damage":6,"enemies":"3 Darklings","floor":36,"turns":1},{"damage":54,"enemies":"4 Shapes","floor":38,"turns":2},{"damage":21,"enemies":"Writhing Mass","floor":41,"turns":4},{"damage":67,"enemies":"Nemesis","floor":42,"turns":3}],"seed_played":"-3007986788997336011","potions_obtained":[{"floor":2,"key":"ColorlessPotion"},{"floor":6,"key":"Swift Potion"},{"floor":7,"key":"SkillPotion"},{"floor":10,"key":"Weak Potion"},{"floor":11,"key":"Energy Potion"},{"floor":25,"key":"Fire Potion"},{"floor":31,"key":"DuplicationPotion"},{"floor":35,"key":"Fruit Juice"}],"is_trial":false,"path_per_floor":["M","M","?","M","?","E","M","?","T","M","M","T","R","E","R","B",null,"M","M","?","?","M","R","E","M","T","?","M","M","T","M","R","B",null,"M","M","?","M","$","R","M","E"],"character_chosen":"THE_STARBREAKER","items_purchased":["SkillPotion"],"campfire_rested":2,"item_purchase_floors":[39],"current_hp_per_floor":[55,55,60,60,60,46,46,46,53,53,41,41,62,61,61,42,72,72,72,59,59,56,56,41,51,51,51,61,55,55,59,59,42,77,78,72,72,30,30,54,50,0,0],"gold":76,"neow_bonus":"TRANSFORM_CARD","is_daily":false,"chose_seed":false,"campfire_upgraded":3,"win_rate":0.0,"timestamp":1613392760,"path_taken":["M","M","?","M","?","E","M","?","T","?","M","?","R","E","R","BOSS","M","M","?","?","M","R","E","M","T","?","M","M","?","M","R","BOSS","M","M","?","M","$","R","M","E"],"items_purchased_type":["Potion"],"build_version":"2020-12-22","purchased_purges":0,"victory":false,"max_hp_per_floor":[60,60,65,65,65,65,65,65,72,72,72,72,72,72,72,72,72,72,72,77,77,77,77,77,77,77,77,77,77,77,77,77,77,77,82,82,82,82,82,82,82,82,82],"card_choices":[{"not_picked":["Moonworks:ImOnFire","Moonworks:CookingTime"],"picked":"Moonworks:NicePresent","floor":1},{"not_picked":["Moonworks:EvilSpyWorkPreparation","Moonworks:NicePresent"],"picked":"Moonworks:Flamethrower","floor":2},{"not_picked":["Moonworks:BigMagnum","Moonworks:IndiscriminateFireSupport"],"picked":"Moonworks:x16BigRocket","floor":4},{"not_picked":["Moonworks:Assault","Moonworks:AngelHand"],"picked":"Moonworks:TacticalRetreat","floor":6},{"not_picked":["Moonworks:RagingMadness","Moonworks:MixPhenomenon"],"picked":"Moonworks:StarBlastingFuse","floor":7},{"not_picked":["Moonworks:ImOnFire","Moonworks:Poppoformation"],"picked":"Moonworks:Dash","floor":10},{"not_picked":["Moonworks:NicePresent","Moonworks:Poppoformation"],"picked":"Moonworks:SakisCookie","floor":11},{"not_picked":["Moonworks:Dinner","Moonworks:BackdoorTrade"],"picked":"Moonworks:Wanted","floor":14},{"not_picked":["Moonworks:LeapThroughSpace","Moonworks:PlushieMaster"],"picked":"Moonworks:Accelerator","floor":16},{"not_picked":["Moonworks:DeployBits","Moonworks:CloudOfSeagulls"],"picked":"Moonworks:JonathanRush","floor":18},{"not_picked":["Moonworks:Assault","Moonworks:WindyEnchantment","Moonworks:FullSpeedAlicianrone"],"picked":"SKIP","floor":19},{"not_picked":["Moonworks:AngelHand","Moonworks:EvilSpyWorkPreparation"],"picked":"Moonworks:BigMagnum+1","floor":22},{"not_picked":["Moonworks:IntelligenceOfficer","Moonworks:BigMagnum+1"],"picked":"Moonworks:JonathanRush","floor":24},{"not_picked":["Moonworks:BigBangBell","Moonworks:BigMagnum"],"picked":"Moonworks:ImOnFire","floor":25},{"not_picked":["Moonworks:BigMagnum+1","Moonworks:DeployBits"],"picked":"Moonworks:SinkOrSwim","floor":28},{"not_picked":["Moonworks:NicePresent","Moonworks:Dash"],"picked":"Moonworks:SakisCookie","floor":29},{"not_picked":["Moonworks:ImOnFire","Moonworks:DeployBits","Moonworks:BackdoorTrade"],"picked":"SKIP","floor":31},{"not_picked":["Moonworks:MetallicMonocoque","Moonworks:SinkOrSwim"],"picked":"Moonworks:MeltingMemories","floor":33},{"not_picked":["Moonworks:CloudOfSeagulls+1","Moonworks:ImOnFire"],"picked":"Moonworks:SakisCookie+1","floor":35},{"not_picked":["Moonworks:AngelHand+1","Moonworks:Assault+1"],"picked":"Moonworks:JonathanRush+1","floor":36},{"not_picked":["Moonworks:DeployBits+1","Moonworks:ImOnFire+1"],"picked":"Moonworks:MiracleWalker+1","floor":38},{"not_picked":["Moonworks:SakisCookie","Moonworks:BigMagnum+1"],"picked":"Moonworks:MeltingMemories","floor":40},{"not_picked":["Moonworks:CloudOfSeagulls","Moonworks:WindyEnchantment+1","Moonworks:LulusLuckyEgg"],"picked":"SKIP","floor":41}],"player_experience":277067,"relics_obtained":[{"floor":6,"key":"Grinning Jar"},{"floor":9,"key":"Strawberry"},{"floor":14,"key":"Vajra"},{"floor":24,"key":"Dream Catcher"},{"floor":26,"key":"Meat on the Bone"},{"floor":30,"key":"Ornamental Fan"}],"event_choices":[{"damage_healed":0,"gold_gain":0,"player_choice":"Donut","damage_taken":0,"max_hp_gain":5,"max_hp_loss":0,"event_name":"Big Fish","floor":3,"gold_loss":0},{"damage_healed":0,"gold_gain":75,"player_choice":"Gained Gold","damage_taken":0,"max_hp_gain":0,"max_hp_loss":0,"event_name":"Golden Wing","floor":5,"gold_loss":0},{"damage_healed":0,"gold_gain":0,"player_choice":"Forge","damage_taken":0,"max_hp_gain":0,"max_hp_loss":0,"event_name":"Accursed Blacksmith","floor":8,"gold_loss":0,"cards_upgraded":["Moonworks:MeltingMemories"]},{"damage_healed":0,"gold_gain":0,"player_choice":"Shed Blood","damage_taken":18,"max_hp_gain":5,"max_hp_loss":0,"event_name":"Forgotten Altar","floor":20,"gold_loss":0},{"damage_healed":0,"gold_gain":0,"player_choice":"Ignored","damage_taken":0,"max_hp_gain":0,"max_hp_loss":0,"event_name":"The Mausoleum","floor":27,"gold_loss":0}],"is_beta":false,"boss_relics":[{"not_picked":["Busted Crown","Fusion Hammer"],"picked":"Runic Pyramid"},{"not_picked":["Velvet Choker","Moonworks:SBBomb","Philosopher\u0027s Stone"]}],"items_purged_floors":[],"is_endless":false,"potions_floor_spawned":[2,6,7,10,11,18,24,25,29,31,35,41],"killed_by":"Nemesis","ascension_level":0}}