{"host":"xg4r5pv6chpuampg","time":1613397152,"event":{"mods":["AchievementEnabler","BaseMod","Googly Eyes","Minty Spire (QoL Compilation)","StSLib","Together in Spire"],"gold_per_floor":[117,292,292,305,305,305,2,2,2,2,2,2,29,48,48,48,48],"floor_reached":16,"language":"ENG","playtime":461,"items_purged":[],"score":98,"play_id":"fd74a37f-931d-4eed-90df-8f6ce3b69822","local_time":"20210215165232","is_ascension_mode":false,"campfire_choices":[{"data":"SignatureMove","floor":6,"key":"SMITH"},{"floor":8,"key":"RECALL"},{"data":"Eruption","floor":10,"key":"SMITH"},{"data":"SashWhip","floor":15,"key":"SMITH"}],"circlet_count":0,"master_deck":["Strike_P","Strike_P","Strike_P","Strike_P","Defend_P","Defend_P","Defend_P","Defend_P","Eruption+1","Vigilance","SignatureMove+1","Doubt","EmptyFist","EmptyFist","SashWhip+1","FlurryOfBlows"],"relics":["PureWater","NeowsBlessing","Yang","Matryoshka","PreservedInsect","Mummified Hand","Pantograph"],"acts_visited":["Exordium"],"potions_floor_usage":[16],"damage_taken":[{"damage":0,"enemies":"Small Slimes","floor":1,"turns":1},{"damage":0,"enemies":"Jaw Worm","floor":4,"turns":1},{"damage":0,"enemies":"Cultist","floor":12,"turns":1},{"damage":11,"enemies":"3 Sentries","floor":13,"turns":5},{"damage":15,"enemies":"Lots of Slimes","floor":14,"turns":3},{"damage":69,"enemies":"Hexaghost","floor":16,"turns":11}],"seed_played":"3108326627989930742","potions_obtained":[{"floor":1,"key":"SteroidPotion"},{"floor":14,"key":"SpeedPotion"}],"is_trial":false,"path_per_floor":["M","?","?","M","?","R","$","R","T","R","$","M","E","M","R","B"],"character_chosen":"WATCHER","items_purchased":["Matryoshka","EmptyFist"],"campfire_rested":0,"item_purchase_floors":[7,7],"current_hp_per_floor":[72,72,65,65,70,70,70,70,70,70,70,70,59,44,44,0,0],"gold":48,"neow_bonus":"THREE_ENEMY_KILL","is_daily":false,"chose_seed":false,"campfire_upgraded":3,"win_rate":0.0,"timestamp":1613397152,"path_taken":["M","?","?","M","?","R","$","R","T","R","?","M","E","?","R","BOSS"],"items_purchased_type":["Relic","Card"],"build_version":"2020-12-22","purchased_purges":0,"victory":false,"max_hp_per_floor":[72,72,72,72,77,77,77,77,77,77,77,77,77,77,77,77,77],"card_choices":[{"not_picked":["Prostrate","ClearTheMind"],"picked":"SignatureMove","floor":1},{"not_picked":["BowlingBash","Weave"],"picked":"EmptyFist","floor":4},{"not_picked":["InnerPeace","Crescendo","EmptyBody"],"picked":"SKIP","floor":12},{"not_picked":["Perseverance","WindmillStrike"],"picked":"SashWhip","floor":13},{"not_picked":["Evaluate","Prostrate"],"picked":"FlurryOfBlows","floor":14}],"player_experience":130179,"relics_obtained":[{"floor":9,"key":"PreservedInsect"},{"floor":9,"key":"Mummified Hand"},{"floor":13,"key":"Pantograph"}],"event_choices":[{"damage_healed":0,"gold_gain":175,"player_choice":"AGREE","damage_taken":0,"max_hp_gain":0,"max_hp_loss":0,"event_name":"Liars Game","floor":2,"gold_loss":0,"cards_obtained":["Doubt"]},{"damage_healed":0,"gold_gain":0,"player_choice":"Success","damage_taken":7,"relics_obtained":["Yang"],"max_hp_gain":0,"max_hp_loss":0,"event_name":"Scrap Ooze","floor":3,"gold_loss":0},{"damage_healed":0,"gold_gain":0,"player_choice":"Donut","damage_taken":0,"max_hp_gain":5,"max_hp_loss":0,"event_name":"Big Fish","floor":5,"gold_loss":0}],"is_beta":false,"boss_relics":[],"items_purged_floors":[],"is_endless":false,"potions_floor_spawned":[1,14],"killed_by":"Hexaghost","ascension_level":0}}