{"host":"yy1cu9q9bsxhflzi","time":1613413385,"event":{"mods":["BaseMod","DeckTracker","Minty Spire (QoL Compilation)","Quick Restart","StSLib","SuperFastMode","everything is the same but u backflip on backflip"],"gold_per_floor":[113,126,141,141,141,169,189,189,189,209,239,253,253,273,273,273,273],"floor_reached":16,"language":"KOR","playtime":323,"items_purged":[],"score":211,"play_id":"1c48f552-e5c2-48aa-a9d3-56326487fdee","local_time":"20210216032305","is_ascension_mode":true,"campfire_choices":[{"data":"Prepared","floor":8,"key":"SMITH"},{"floor":15,"key":"REST"}],"circlet_count":0,"master_deck":["AscendersBane","Strike_G","Strike_G","Strike_G","Strike_G","Defend_G","Defend_G","Defend_G","Defend_G","Survivor","Neutralize","Riddle With Holes","Prepared+1","Slice","Eviscerate","Dagger Spray","Pain","Dagger Throw","Finisher"],"relics":["Ring of the Snake","White Beast Statue","WarpedTongs","Potion Belt","Molten Egg 2","Singing Bowl"],"acts_visited":["Exordium"],"potions_floor_usage":[6,11,16,16,16,16],"damage_taken":[{"damage":0.0,"enemies":"Cultist","floor":1.0,"turns":4.0},{"damage":0.0,"enemies":"Small Slimes","floor":2.0,"turns":3.0},{"damage":0.0,"enemies":"Jaw Worm","floor":3.0,"turns":4.0},{"damage":11,"enemies":"Gremlin Nob","floor":6,"turns":3},{"damage":3,"enemies":"3 Louse","floor":7,"turns":3},{"damage":8,"enemies":"Lots of Slimes","floor":10,"turns":3},{"damage":23,"enemies":"Lagavulin","floor":11,"turns":6},{"damage":5,"enemies":"Exordium Thugs","floor":12,"turns":4},{"damage":4,"enemies":"Blue Slaver","floor":14,"turns":2},{"damage":25,"enemies":"The Guardian","floor":16,"turns":10}],"seed_played":"4457637481866947984","potions_obtained":[{"floor":2.0,"key":"FearPotion"},{"floor":6,"key":"LiquidMemories"},{"floor":7,"key":"GamblersBrew"},{"floor":10,"key":"SkillPotion"},{"floor":11,"key":"CunningPotion"},{"floor":12,"key":"Block Potion"}],"is_trial":false,"path_per_floor":["M","M","M","T","?","E","M","R","T","M","E","M","?","M","R","B"],"character_chosen":"THE_SILENT","items_purchased":[],"campfire_rested":1,"item_purchase_floors":[],"current_hp_per_floor":[59,59,59,59,59,48,45,45,45,37,16,13,13,11,30,5,5],"gold":273,"neow_bonus":"TRANSFORM_TWO_CARDS","is_daily":false,"chose_seed":false,"campfire_upgraded":1,"win_rate":0.0,"timestamp":1613413385,"path_taken":["M","?","M","?","?","E","?","R","T","M","E","M","?","M","R","BOSS"],"items_purchased_type":[],"build_version":"2020-12-22","purchased_purges":0,"victory":false,"max_hp_per_floor":[60,60,60,60,60,60,60,60,60,60,62,64,64,66,66,66,66],"card_choices":[{"not_picked":["Deflect","Skewer"],"picked":"Slice","floor":1.0},{"not_picked":["Deadly Poison","Outmaneuver"],"picked":"Eviscerate","floor":2.0},{"not_picked":["Cloak And Dagger","Dash"],"picked":"Dagger Spray","floor":3.0},{"not_picked":["Night Terror","Deflect"],"picked":"Dagger Throw","floor":6},{"not_picked":["Dagger Throw","Distraction"],"picked":"Finisher","floor":7},{"not_picked":["Eviscerate+1","Bane+1","Accuracy"],"picked":"SKIP","floor":10},{"not_picked":["Die Die Die+1","Backflip","Outmaneuver"],"picked":"Singing Bowl","floor":11},{"not_picked":["Flying Knee+1","Bouncing Flask","Dagger Spray+1"],"picked":"Singing Bowl","floor":12},{"not_picked":["Crippling Poison","Leg Sweep","Distraction"],"picked":"Singing Bowl","floor":14}],"player_experience":3913870,"relics_obtained":[{"floor":4.0,"key":"White Beast Statue"},{"floor":6,"key":"Potion Belt"},{"floor":9,"key":"Molten Egg 2"},{"floor":11,"key":"Singing Bowl"}],"event_choices":[{"damage_healed":0.0,"max_hp_gain":0.0,"max_hp_loss":0.0,"gold_gain":0.0,"event_name":"Accursed Blacksmith","player_choice":"Rummage","floor":5.0,"gold_loss":0.0,"damage_taken":0.0,"relics_obtained":["WarpedTongs"],"cards_obtained":["Pain"]},{"damage_healed":0,"gold_gain":0,"player_choice":"Ignored","damage_taken":0,"max_hp_gain":0,"max_hp_loss":0,"event_name":"Shining Light","floor":13,"gold_loss":0}],"is_beta":false,"boss_relics":[],"items_purged_floors":[],"is_endless":false,"potions_floor_spawned":[2,6,7,10,11,12,14],"killed_by":"The Guardian","ascension_level":17}}