{"host":"9nqlpswyo8o6ezw3","time":1613418418,"event":{"mods":["Act Like it!","BaseMod","Downfall","Hallownest","Hermit","Lobotomy","LobotomyExtend","Marisa????????","Minty Spire (QoL Compilation)","StSLib","The Bug Knight","The Cursed"],"gold_per_floor":[114,130,130,141,152,152,178,193,262,43,15,15,26,41,41,41,41],"floor_reached":16,"language":"ENG","playtime":1036,"items_purged":[],"score":94,"play_id":"e7065494-3c2c-4884-bee6-fd2351432f41","local_time":"20210215144658","is_ascension_mode":false,"campfire_choices":[{"data":"hermit:Snapshot","floor":6,"key":"SMITH"},{"floor":12,"key":"REST"},{"floor":15,"key":"REST"}],"circlet_count":0,"master_deck":["hermit:Strike_Hermit","hermit:Strike_Hermit","hermit:Strike_Hermit","hermit:Defend_Hermit","hermit:Defend_Hermit","hermit:Defend_Hermit","hermit:Defend_Hermit","hermit:Covet","FairyFestival","hermit:HighCaliber","VoidDream","hermit:Reprieve","WhitesApple","hermit:Malice","OldLady","hermit:GhostlyPresence","Parasite","Murderer","hermit:Vantage","CrumblingArmor","hermit:TakeAim","hermit:BodyArmor","Magnetism","Parasite","SpiderBud","hermit:Quickdraw","BeautyBeast","hermit:TrackingShot"],"relics":["hermit:Momento","CogitoBucket","LetterFromLob","Odd Mushroom","ResearcherNote","Meat on the Bone"],"acts_visited":["Exordium"],"potions_floor_usage":[2],"damage_taken":[{"damage":1,"enemies":"Cultist","floor":1,"turns":4},{"damage":0,"enemies":"2 Louse","floor":2,"turns":2},{"damage":7,"enemies":"Jaw Worm","floor":4,"turns":2},{"damage":11,"enemies":"Blue Slaver","floor":5,"turns":4},{"damage":19,"enemies":"The Mushroom Lair","floor":7,"turns":5},{"damage":29,"enemies":"Exordium Wildlife","floor":8,"turns":4},{"damage":25,"enemies":"Lots of Slimes","floor":13,"turns":5},{"damage":37,"enemies":"Exordium Thugs","floor":14,"turns":5},{"damage":37,"enemies":"Hexaghost","floor":16,"turns":4}],"seed_played":"2740409930653772911","potions_obtained":[{"floor":2,"key":"EntropicBrew"},{"floor":7,"key":"Explosive Potion"}],"is_trial":false,"path_per_floor":["M","M","?","M","M","R","?","M","T","$","?","R","M","M","R","B"],"character_chosen":"HERMIT","items_purchased":["hermit:BodyArmor","Magnetism"],"campfire_rested":2,"item_purchase_floors":[10,10],"current_hp_per_floor":[74,75,75,68,58,58,51,26,26,26,26,47,35,13,34,0,0],"gold":41,"neow_bonus":"","is_daily":false,"chose_seed":false,"campfire_upgraded":1,"win_rate":0.0,"timestamp":1613418418,"path_taken":["M","M","?","M","?","R","?","M","T","$","?","R","M","M","R","BOSS"],"items_purchased_type":["Card","Card"],"build_version":"2020-12-22","purchased_purges":0,"victory":false,"max_hp_per_floor":[75,75,75,75,75,75,75,72,72,72,72,72,72,72,72,72,72],"card_choices":[{"not_picked":["Funeral","FieryBird"],"picked":"FairyFestival","floor":1},{"not_picked":["hermit:BodyArmor","hermit:ItchyTrigger"],"picked":"hermit:HighCaliber","floor":1},{"not_picked":["SpiderBud","Murderer"],"picked":"VoidDream","floor":2},{"not_picked":["hermit:FullyLoaded","hermit:Scavenge"],"picked":"hermit:WideOpen","floor":2},{"not_picked":["CherryBlossoms","GalaxyChild","Wellcheers"],"picked":"Singing Bowl","floor":4},{"not_picked":["LittlePrince","PunishingBird"],"picked":"WhitesApple","floor":4},{"not_picked":["hermit:Purgatory","hermit:Roulette"],"picked":"hermit:Malice","floor":4},{"not_picked":["Scorched","Rudolta","Wellcheers"],"picked":"Singing Bowl","floor":5},{"not_picked":["SnowQueen","UniverseFragment"],"picked":"OldLady","floor":5},{"not_picked":["hermit:TrackingShot","hermit:Ricochet"],"picked":"hermit:GhostlyPresence","floor":5},{"not_picked":["BlackArmy","ShyLook","Wellcheers"],"picked":"Singing Bowl","floor":7},{"not_picked":["BeautyBeast","PunishingBird"],"picked":"Murderer","floor":7},{"not_picked":["hermit:Shortfuse","hermit:Grudge"],"picked":"hermit:Vantage","floor":7},{"not_picked":["FieryBird","LongBird"],"picked":"CrumblingArmor","floor":8},{"not_picked":["hermit:ItchyTrigger","hermit:HoleUp"],"picked":"hermit:TakeAim","floor":8},{"not_picked":["OSAHOGD","Bloodbath"],"picked":"SpiderBud","floor":13},{"not_picked":["hermit:Roulette","hermit:BodyArmor"],"picked":"hermit:Quickdraw","floor":13},{"not_picked":["LongBird","Mercenary","Wellcheers"],"picked":"Singing Bowl","floor":14},{"not_picked":["WallGazer","MeltingLove"],"picked":"BeautyBeast","floor":14},{"not_picked":["hermit:SprayPray","hermit:LoneWolf"],"picked":"hermit:TrackingShot","floor":14}],"player_experience":38320,"relics_obtained":[{"floor":1,"key":"LetterFromLob"},{"floor":7,"key":"Odd Mushroom"},{"floor":9,"key":"Meat on the Bone"}],"event_choices":[{"damage_healed":0,"gold_gain":0,"cards_transformed":["hermit:Strike_Hermit"],"player_choice":"Transformed","damage_taken":0,"max_hp_gain":0,"max_hp_loss":0,"event_name":"Transmorgrifier","floor":3,"gold_loss":0,"cards_obtained":["hermit:Reprieve"]},{"damage_healed":0,"gold_gain":0,"player_choice":"Fought Mushrooms","damage_taken":0,"max_hp_gain":0,"max_hp_loss":0,"event_name":"Mushrooms","floor":7,"gold_loss":0},{"damage_healed":0,"gold_gain":0,"player_choice":"Left Gold","damage_taken":0,"max_hp_gain":0,"max_hp_loss":0,"event_name":"World of Goop","floor":11,"gold_loss":28}],"is_beta":false,"boss_relics":[],"items_purged_floors":[],"is_endless":false,"potions_floor_spawned":[2,7,8],"killed_by":"Hexaghost","ascension_level":0}}