{"host":"ad59wuc8ynh8u2z6","time":1613421420,"event":{"mods":["AchievementEnabler","BaseMod","Colored Powertips","DeckTracker","Highlight Path","Minty Spire (QoL Compilation)","Permanent Neow"],"gold_per_floor":[116,41,41,316,23,23,38,38,38,38,70,82,123,149,149,149,149],"floor_reached":16,"language":"ENG","playtime":589,"items_purged":["Strike_R","Regret"],"score":140,"play_id":"ef88b2be-1d32-4e1f-a884-a3a103fc8377","local_time":"20210215213700","is_ascension_mode":true,"campfire_choices":[{"floor":6,"key":"DIG"},{"floor":8,"key":"DIG"},{"floor":10,"key":"DIG"},{"floor":15,"key":"DIG"}],"circlet_count":0,"master_deck":["Strike_R","Strike_R","Strike_R","Strike_R","Defend_R","Defend_R","Defend_R","Defend_R","Bash","Flame Barrier","True Grit+1","Warcry+1"],"relics":["Burning Blood","Shovel","MealTicket","Strawberry","CeramicFish","PreservedInsect","Toxic Egg 2","HornCleat","Bag of Preparation","Potion Belt","Juzu Bracelet"],"acts_visited":["Exordium"],"potions_floor_usage":[16,16],"damage_taken":[{"damage":10,"enemies":"Small Slimes","floor":1,"turns":4},{"damage":2,"enemies":"Cultist","floor":7,"turns":5},{"damage":29,"enemies":"Lagavulin","floor":11,"turns":8},{"damage":1,"enemies":"Jaw Worm","floor":12,"turns":5},{"damage":21,"enemies":"3 Sentries","floor":13,"turns":10},{"damage":1,"enemies":"2 Fungi Beasts","floor":14,"turns":4},{"damage":69,"enemies":"Hexaghost","floor":16,"turns":15}],"seed_played":"9082244171145525151","potions_obtained":[{"floor":1,"key":"Weak Potion"},{"floor":7,"key":"BloodPotion"}],"is_trial":false,"path_per_floor":["M","$","?","?","$","R","M","R","T","R","E","M","E","M","R","B"],"character_chosen":"IRONCLAD","items_purchased":["Strawberry","Flame Barrier"],"campfire_rested":0,"item_purchase_floors":[5,5],"current_hp_per_floor":[68,68,65,65,79,79,79,79,79,79,56,61,46,51,51,0,0],"gold":149,"neow_bonus":"ONE_RARE_RELIC","is_daily":false,"chose_seed":false,"campfire_upgraded":0,"win_rate":0.0,"timestamp":1613421420,"path_taken":["M","$","?","?","$","R","M","R","T","R","E","M","E","M","R","BOSS"],"items_purchased_type":["Relic","Card"],"build_version":"2020-12-22","purchased_purges":2,"victory":false,"max_hp_per_floor":[72,72,72,72,79,79,79,79,79,79,79,79,79,79,79,79,79],"card_choices":[{"not_picked":["Body Slam","Anger","Clash"],"picked":"SKIP","floor":1},{"not_picked":["Dual Wield","Fire Breathing","Perfected Strike"],"picked":"SKIP","floor":7},{"not_picked":["Heavy Blade","Blood for Blood","Whirlwind"],"picked":"SKIP","floor":11},{"not_picked":["Clothesline","Reckless Charge","Second Wind+1"],"picked":"SKIP","floor":12},{"not_picked":["Pummel","Anger"],"picked":"True Grit+1","floor":13},{"not_picked":["Spot Weakness+1","Pummel"],"picked":"Warcry+1","floor":14}],"player_experience":96504,"relics_obtained":[{"floor":6,"key":"CeramicFish"},{"floor":8,"key":"PreservedInsect"},{"floor":9,"key":"Toxic Egg 2"},{"floor":10,"key":"HornCleat"},{"floor":11,"key":"Bag of Preparation"},{"floor":13,"key":"Potion Belt"},{"floor":15,"key":"Juzu Bracelet"}],"event_choices":[{"damage_healed":0,"gold_gain":0,"player_choice":"Success","damage_taken":3,"relics_obtained":["MealTicket"],"max_hp_gain":0,"max_hp_loss":0,"event_name":"Scrap Ooze","floor":3,"gold_loss":0},{"damage_healed":0,"gold_gain":275,"player_choice":"Desecrate","damage_taken":0,"max_hp_gain":0,"max_hp_loss":0,"event_name":"Golden Shrine","floor":4,"gold_loss":0,"cards_obtained":["Regret"]}],"is_beta":false,"boss_relics":[],"items_purged_floors":[2,5],"is_endless":false,"potions_floor_spawned":[1,7],"killed_by":"Hexaghost","ascension_level":6}}