{"host":"trw84khdytc0ixrp","time":1613406212,"event":{"mods":["BaseMod","Downfall","Minty Spire (QoL Compilation)","StSLib"],"gold_per_floor":[99,111,127,147,147,159,159,159,159,159,189,99,119,154,172,267,267,167,167,167,181,195,195,195,195,225,36,48,79,79,79,90,192,192,192,207,223,240,42,42,117,144,159,172,182,215,27,39,39,39],"floor_reached":48,"language":"ENG","playtime":6229,"items_purged":["downfall:Malfunctioning","Slimebound:Defend_Slimebound"],"score":676,"play_id":"37cb1649-5117-4ff2-97cd-20ef6aa9a790","local_time":"20210215172332","is_ascension_mode":true,"campfire_choices":[{"data":"Slimebound:Tackle","floor":1.0,"key":"SMITH"},{"floor":8.0,"key":"RECALL"},{"data":"Slimebound:Teamwork","floor":18.0,"key":"SMITH"},{"data":"Slimebound:Darklings","floor":23.0,"key":"SMITH"},{"data":"Slimebound:SelfFormingGoo","floor":25.0,"key":"SMITH"},{"data":"Slimebound:SlimeBrawl","floor":30.0,"key":"SMITH"},{"data":"Slimebound:Repurpose","floor":35.0,"key":"SMITH"},{"data":"Slimebound:SlimeTap","floor":40.0,"key":"SMITH"},{"data":"Slimebound:SplitSpecialist","floor":47,"key":"SMITH"}],"circlet_count":0,"master_deck":["Slimebound:Strike_Slimebound","Slimebound:Strike_Slimebound+1","Slimebound:Strike_Slimebound+1","Slimebound:Tackle+1","Slimebound:Defend_Slimebound+1","Slimebound:Defend_Slimebound+1","Slimebound:Defend_Slimebound+1","Slimebound:Split+1","Slimebound:CorrosiveSpit","Slimebound:SlimeSpikes","Slimebound:Teamwork+1","Slimebound:GoopSpray","Slimebound:LivingWall","Slimebound:PressTheAttack","Slimebound:SplitMire","Slimebound:Darklings+1","Slimebound:SlimeBrawl+1","Slimebound:SelfFormingGoo+1","Slimebound:Replication","Slimebound:Repurpose+1","Slimebound:Repurpose+1","Slimebound:PressTheAttack+1","Slimebound:SplitSpecialist+1","Slimebound:SlimeTap+1","Slimebound:SlimeBrawl","Slimebound:SplitMire+1","Slimebound:SplitAcid+1"],"relics":["Slimebound:AbsorbEndCombat","Blue Candle","Lizard Tail","Gambling Chip","Turnip","Anchor","Busted Crown","downfall:HeartBlessingRed","Mummified Hand","Whetstone","HornCleat","Sozu","Art of War","Smiling Mask","MawBank","downfall:HeartBlessingBlue","downfall:HeartBlessingGreen"],"acts_visited":["Exordium","TheCity","TheBeyond"],"potions_floor_usage":[],"damage_taken":[{"damage":2.0,"enemies":"Jaw Worm","floor":2.0,"turns":4.0},{"damage":1.0,"enemies":"2 Louse","floor":3.0,"turns":2.0},{"damage":2.0,"enemies":"Small Slimes","floor":4.0,"turns":4.0},{"damage":2.0,"enemies":"downfall:LooterAlt","floor":6.0,"turns":4.0},{"damage":34.0,"enemies":"Gremlin Nob","floor":11.0,"turns":5.0},{"damage":0.0,"enemies":"downfall:FleeingMerchant","floor":12.0,"turns":4.0},{"damage":4.0,"enemies":"Exordium Wildlife","floor":13.0,"turns":3.0},{"damage":3.0,"enemies":"Lagavulin","floor":14.0,"turns":7.0},{"damage":1.0,"enemies":"Exordium Thugs","floor":15.0,"turns":4.0},{"damage":41.0,"enemies":"WA_ARCHETYPE_RETAIN","floor":16.0,"turns":8.0},{"damage":3.0,"enemies":"downfall:LooterAlt2","floor":21.0,"turns":4.0},{"damage":10.0,"enemies":"Spheric Guardian","floor":22.0,"turns":4.0},{"damage":0.0,"enemies":"Gremlin Leader","floor":26.0,"turns":6.0},{"damage":0.0,"enemies":"downfall:FleeingMerchant","floor":27.0,"turns":4.0},{"damage":10.0,"enemies":"Chosen and Byrds","floor":28.0,"turns":5.0},{"damage":24.0,"enemies":"Book of Stabbing","floor":29.0,"turns":6.0},{"damage":0.0,"enemies":"Snake Plant","floor":32.0,"turns":3.0},{"damage":25.0,"enemies":"DF_ARCHETYPE_CLAW","floor":33.0,"turns":9.0},{"damage":21.0,"enemies":"3 Darklings","floor":36.0,"turns":4.0},{"damage":18.0,"enemies":"3 Shapes","floor":37.0,"turns":6.0},{"damage":0.0,"enemies":"Spire Growth","floor":38.0,"turns":4.0},{"damage":0.0,"enemies":"downfall:FleeingMerchant","floor":39.0,"turns":4.0},{"damage":33.0,"enemies":"Reptomancer","floor":42.0,"turns":7.0},{"damage":0.0,"enemies":"Maw","floor":43.0,"turns":6.0},{"damage":17.0,"enemies":"3 Darklings","floor":44.0,"turns":4.0},{"damage":0,"enemies":"Jaw Worm Horde","floor":45,"turns":4},{"damage":0,"enemies":"Giant Head","floor":46,"turns":6},{"damage":118,"enemies":"2 Orb Walkers","floor":48,"turns":6}],"seed_played":"163451307549561635","potions_obtained":[{"floor":4.0,"key":"LiquidMemories"},{"floor":13.0,"key":"BlessingOfTheForge"},{"floor":15.0,"key":"FearPotion"},{"floor":22.0,"key":"DuplicationPotion"}],"is_trial":false,"path_per_floor":["R","M","M","M","?","M","T","R","?","?","E","$","M","E","M","B",null,"R","?","?","M","M","R","T","R","E","$","M","E","R","?","M","B",null,"R","M","M","M","$","R","T","E","M","M","M","E","R","?"],"character_chosen":"SLIMEBOUND","items_purchased":["Slimebound:Replication","Slimebound:SlimeTap","Art of War"],"campfire_rested":0,"item_purchase_floors":[27,39,39],"current_hp_per_floor":[65,65,64,65,60,64,64,64,64,64,36,44,44,49,54,21,65,65,54,54,55,45,45,45,45,53,59,55,39,39,18,20,3,70,70,55,45,51,57,57,57,32,40,31,37,45,55,0,0,0],"gold":39,"neow_bonus":"UPGRADE_CARD","is_daily":false,"chose_seed":false,"campfire_upgraded":8,"win_rate":0.0,"timestamp":1613406212,"path_taken":["R","M","M","M","?","M","T","R","?","?","E","$","M","E","M","BOSS","R","?","?","M","?","R","T","R","E","$","?","E","R","?","M","BOSS","R","M","M","M","$","R","T","E","M","M","M","E","R","?"],"items_purchased_type":["Card","Card","Relic"],"build_version":"2020-12-22","purchased_purges":2,"victory":false,"max_hp_per_floor":[65,65,65,65,65,65,65,65,65,65,65,65,65,65,65,65,65,65,70,70,70,70,70,70,70,70,70,70,70,70,70,70,70,70,70,70,70,70,70,70,70,70,70,70,70,70,80,80,80,80],"card_choices":[{"not_picked":["Slimebound:ServeAndProtect","Slimebound:ItLooksTasty"],"picked":"Slimebound:SlimeSpikes","floor":2.0},{"not_picked":["Slimebound:SplitLeeching","Slimebound:HauntingLick"],"picked":"Slimebound:Teamwork","floor":3.0},{"not_picked":["Slimebound:TongueLash","Slimebound:HauntingLick","Slimebound:ComboTackle"],"picked":"SKIP","floor":4.0},{"not_picked":["Slimebound:Gluttony","Slimebound:Grow"],"picked":"Slimebound:GoopSpray","floor":6.0},{"not_picked":["Slimebound:FinishingTackle","Slimebound:RollThrough"],"picked":"Slimebound:LivingWall","floor":11.0},{"not_picked":["Slimebound:SamplingLick","Slimebound:HungryTackle"],"picked":"Slimebound:PressTheAttack","floor":12.0},{"not_picked":["Slimebound:SamplingLick","Slimebound:LeechEnergy"],"picked":"Slimebound:SplitMire","floor":13.0},{"not_picked":["Slimebound:Recollect","Slimebound:SplitBruiser"],"picked":"Slimebound:Darklings","floor":14.0},{"not_picked":["Slimebound:LeechEnergy","Slimebound:SpikyOuterGoop"],"picked":"Slimebound:SlimeBrawl","floor":15.0},{"not_picked":["Slimebound:Overexert","Slimebound:SlimeSlap"],"picked":"Slimebound:SelfFormingGoo","floor":16.0},{"not_picked":["Slimebound:GoopTackle"],"picked":"SKIP","floor":21.0},{"not_picked":["Slimebound:LeechingTouch+1"],"picked":"SKIP","floor":22.0},{"not_picked":["Slimebound:SamplingLick"],"picked":"SKIP","floor":26.0},{"not_picked":["Slimebound:HungryTackle"],"picked":"SKIP","floor":27.0},{"not_picked":[],"picked":"Slimebound:Repurpose","floor":28.0},{"not_picked":["Slimebound:LeechEnergy"],"picked":"SKIP","floor":29.0},{"not_picked":[],"picked":"Slimebound:Repurpose+1","floor":32.0},{"not_picked":["Slimebound:RainOfGoop"],"picked":"SKIP","floor":36.0},{"not_picked":[],"picked":"Slimebound:PressTheAttack+1","floor":37.0},{"not_picked":[],"picked":"Slimebound:SplitSpecialist","floor":38.0},{"not_picked":["Slimebound:PressTheAttack"],"picked":"SKIP","floor":39.0},{"not_picked":[],"picked":"Slimebound:SlimeBrawl","floor":42.0},{"not_picked":[],"picked":"Slimebound:SplitMire+1","floor":43.0},{"not_picked":[],"picked":"Slimebound:SplitAcid+1","floor":44.0},{"not_picked":["Slimebound:SlimeSpikes"],"picked":"SKIP","floor":45},{"not_picked":["Slimebound:WasteNot"],"picked":"SKIP","floor":46}],"player_experience":125123,"relics_obtained":[{"floor":7.0,"key":"Lizard Tail"},{"floor":11.0,"key":"Turnip"},{"floor":14.0,"key":"Anchor"},{"floor":24.0,"key":"Mummified Hand"},{"floor":26.0,"key":"Whetstone"},{"floor":29.0,"key":"HornCleat"},{"floor":42.0,"key":"Smiling Mask"},{"floor":46,"key":"MawBank"}],"event_choices":[{"damage_healed":0.0,"max_hp_gain":0.0,"max_hp_loss":0.0,"gold_gain":0.0,"event_name":"Vampires","player_choice":"Ignored","floor":20.0,"gold_loss":0.0,"damage_taken":0.0},{"damage_healed":0,"gold_gain":0,"player_choice":"Fight","damage_taken":0,"max_hp_gain":0,"max_hp_loss":0,"event_name":"Mysterious Sphere","floor":48,"gold_loss":0}],"is_beta":false,"boss_relics":[{"not_picked":["Runic Dome","Fusion Hammer"],"picked":"Busted Crown"},{"not_picked":["Tiny House","SlaversCollar"],"picked":"Sozu"}],"items_purged_floors":[12,27],"is_endless":false,"potions_floor_spawned":[4,13,15,22,26,36,37,38],"killed_by":"2 Orb Walkers","ascension_level":2}}