{"host":"jr8vrtwn64siegs0","time":1613365466,"event":{"mods":["2.2 Compatiblity","BaseMod","Better Third Choice","BetterRewards","Colored Map","Downfall","Friendly Minions","Hubris","Jorbs\u0027s Wanderer Trilogy","Minty Spire (QoL Compilation)","Quick Restart","Shop Mod","StSLib","The Bug Knight","everything is the same but u backflip on backflip"],"gold_per_floor":[117,128,144,144,158,169,179,179,179,179,207,207,237,251,251,356,356,372,386,399,16,115,146,146,165,165,165,176,189,189,189,189,290,290,290,290],"floor_reached":34,"language":"ENG","playtime":3868,"items_purged":["hexamod:Strike"],"score":486,"play_id":"683c612a-8071-452a-88a7-1346ff87d7c4","local_time":"20210214210426","is_ascension_mode":false,"campfire_choices":[{"floor":8,"key":"REST"},{"data":"Discovery","floor":10,"key":"SMITH"},{"data":"hexamod:Float","floor":12,"key":"SMITH"},{"data":"hexamod:HeatCrush","floor":15,"key":"SMITH"},{"data":"hexamod:UnlimitedPower","floor":24,"key":"SMITH"},{"floor":30,"key":"REST"},{"data":"hexamod:SearingWound","floor":32,"key":"SMITH"}],"circlet_count":0,"master_deck":["hexamod:Strike","hexamod:Strike","hexamod:Defend","hexamod:Defend","hexamod:Defend","hexamod:Sear","hexamod:Float+1","hexamod:TimeOfNeed","Discovery+1","hexamod:GhostOfSpirePast","hexamod:StepThrough","hexamod:ThirdSeal","hexamod:Rewind","hexamod:Firestarter","hexamod:GhostflameBarrier","hexamod:SpectralAdrenaline","hexamod:BacktrackSmack","hexamod:SkipABeat","hexamod:HeatCrush+1","hexamod:SkipABeat","hexamod:UnlimitedPower+1","hexamod:SearingWound+1","hexamod:SkipABeat+1","hexamod:CatchUp","hexamod:Incineration","hexamod:Firestarter","hexamod:ChargedBarrage+1","hexamod:TurnItUp","hexamod:Rewind+1","hexamod:ThermalTransfer","hexamod:ThirdSeal","hexamod:FifthSeal","hexamod:VolcanoVisage"],"relics":["hexamod:SpiritBrand","Lizard Tail","hubris:SphereOfDissonance","Mummified Hand","Strawberry","Pocketwatch","Busted Crown","ClockworkSouvenir","Tiny Chest","hubris:CuriousFeather","Turnip","SlaversCollar"],"acts_visited":["Exordium","TheCity","TheBeyond"],"potions_floor_usage":[11,11,16,20,20,20,25],"damage_taken":[{"damage":0,"enemies":"Cultist","floor":1,"turns":3},{"damage":0,"enemies":"Small Slimes","floor":2,"turns":2},{"damage":0,"enemies":"Jaw Worm","floor":3,"turns":4},{"damage":7,"enemies":"Exordium Wildlife","floor":5,"turns":5},{"damage":6,"enemies":"Exordium Thugs","floor":6,"turns":4},{"damage":0,"enemies":"Looter","floor":7,"turns":3},{"damage":4,"enemies":"Lagavulin","floor":11,"turns":6},{"damage":0,"enemies":"Gremlin Nob","floor":13,"turns":3},{"damage":8,"enemies":"3 Louse","floor":14,"turns":3},{"damage":12,"enemies":"The Guardian","floor":16,"turns":6},{"damage":5,"enemies":"Chosen","floor":18,"turns":3},{"damage":0,"enemies":"Shell Parasite","floor":19,"turns":4},{"damage":11,"enemies":"Shelled Parasite and Fungi","floor":20,"turns":2},{"damage":20,"enemies":"Book of Stabbing","floor":23,"turns":5},{"damage":1,"enemies":"Chosen and Byrds","floor":25,"turns":3},{"damage":21,"enemies":"Centurion and Healer","floor":28,"turns":4},{"damage":0,"enemies":"Snake Plant","floor":29,"turns":2},{"damage":18,"enemies":"hubris:MusketHawk","floor":33,"turns":6}],"seed_played":"5335933376169648512","potions_obtained":[{"floor":5,"key":"BlessingOfTheForge"},{"floor":6,"key":"CultistPotion"},{"floor":11,"key":"Fruit Juice"},{"floor":13,"key":"LiquidMemories"},{"floor":16,"key":"AttackPotion"},{"floor":18,"key":"champ:CounterPotion"},{"floor":20,"key":"Fire Potion"},{"floor":25,"key":"FairyPotion"},{"floor":28,"key":"DuplicationPotion"}],"is_trial":false,"path_per_floor":["M","M","M","?","M","M","M","R","T","R","E","R","E","M","R","B",null,"M","M","M","$","?","E","R","M","T","?","M","M","R","?","R","B",null],"character_chosen":"THE_SPIRIT","items_purchased":["hexamod:TimeOfNeed","Discovery","ClockworkSouvenir","hexamod:Incineration","Tiny Chest"],"campfire_rested":2,"item_purchase_floors":[0,0,21,21,21],"current_hp_per_floor":[49,49,49,49,42,36,36,57,57,57,65,65,65,57,57,45,82,77,77,66,66,66,46,46,45,45,45,24,24,48,48,48,30,82,82,82],"gold":290,"neow_bonus":"","is_daily":false,"chose_seed":false,"campfire_upgraded":5,"win_rate":0.0,"timestamp":1613365466,"path_taken":["M","M","M","?","M","M","M","R","T","R","E","R","E","M","R","BOSS","M","M","M","$","?","E","R","M","T","?","M","M","R","?","R","BOSS"],"items_purchased_type":["Card","Card","Relic","Card","Relic"],"build_version":"2020-12-22","purchased_purges":1,"victory":false,"max_hp_per_floor":[70,70,70,70,70,70,70,70,70,70,82,82,82,82,82,82,82,82,82,82,82,82,82,82,82,82,82,82,82,82,82,82,82,82,82,82],"card_choices":[{"not_picked":["hexamod:NightmareGuise","hexamod:InspiringFlames"],"picked":"hexamod:StepThrough","floor":1},{"not_picked":["hexamod:InspiringFlames","hexamod:RetreatToShadows","hexamod:GhostShield"],"picked":"SKIP","floor":2},{"not_picked":["hexamod:BurningTouch","hexamod:GhostLash"],"picked":"hexamod:ThirdSeal","floor":3},{"not_picked":["hexamod:RecurringNightmare","hexamod:SpectersWail"],"picked":"hexamod:Rewind","floor":5},{"not_picked":["hexamod:ExtraCrispy","hexamod:ThermalTransfer"],"picked":"hexamod:GhostOfSpireFuture","floor":5},{"not_picked":["hexamod:GhostLash","hexamod:HeatMetal"],"picked":"hexamod:Firestarter","floor":6},{"not_picked":["hexamod:HeatCrush","hexamod:ParanormalForm"],"picked":"hexamod:GhostflameBarrier","floor":6},{"not_picked":["hexamod:SwordOfDarkness","hexamod:GhostLash"],"picked":"hexamod:SpectralAdrenaline","floor":7},{"not_picked":["hexamod:GhostLash","hexamod:ThermalTransfer","hexamod:HauntingEcho"],"picked":"SKIP","floor":7},{"not_picked":["hexamod:NightmareStrike","hexamod:SecondSeal"],"picked":"hexamod:BacktrackSmack","floor":11},{"not_picked":["hexamod:HauntingEcho","hexamod:Haunt"],"picked":"hexamod:EtherealExpedition","floor":11},{"not_picked":["hexamod:NecessarySacrifice","hexamod:NightmareStrike"],"picked":"hexamod:SkipABeat","floor":13},{"not_picked":["hexamod:SecondSeal","hexamod:GhostOfSpireFuture","hexamod:EtherealExpedition"],"picked":"SKIP","floor":13},{"not_picked":["hexamod:HeatShield","hexamod:DynamicBlow"],"picked":"hexamod:HeatCrush","floor":14},{"not_picked":["hexamod:FourthSeal","hexamod:NightmareStrike"],"picked":"hexamod:SkipABeat","floor":14},{"not_picked":["hexamod:TimeOfNeed","hexamod:TurnItUp"],"picked":"hexamod:UnlimitedPower","floor":16},{"not_picked":["hexamod:HexaLevel","hexamod:GhostflameInferno"],"picked":"hexamod:SearingWound","floor":16},{"not_picked":[],"picked":"hexamod:SkipABeat+1","floor":18},{"not_picked":["hexamod:NightmareStrike"],"picked":"SKIP","floor":18},{"not_picked":["hexamod:BacktrackSmack"],"picked":"SKIP","floor":19},{"not_picked":["hexamod:GhostOfSpireFuture"],"picked":"SKIP","floor":19},{"not_picked":[],"picked":"hexamod:CatchUp","floor":20},{"not_picked":[],"picked":"hexamod:Firestarter","floor":23},{"not_picked":["hexamod:BacktrackSmack+1"],"picked":"SKIP","floor":23},{"not_picked":[],"picked":"hexamod:ChargedBarrage+1","floor":25},{"not_picked":["hexamod:SpectersWail"],"picked":"SKIP","floor":25},{"not_picked":[],"picked":"hexamod:TurnItUp","floor":28},{"not_picked":[],"picked":"hexamod:Rewind+1","floor":29},{"not_picked":["hexamod:ThermalTransfer"],"picked":"SKIP","floor":29},{"not_picked":[],"picked":"hexamod:FifthSeal","floor":33},{"not_picked":[],"picked":"hexamod:VolcanoVisage","floor":33}],"player_experience":599906,"relics_obtained":[{"floor":9,"key":"Mummified Hand"},{"floor":11,"key":"Strawberry"},{"floor":13,"key":"Pocketwatch"},{"floor":23,"key":"hubris:CuriousFeather"},{"floor":26,"key":"Turnip"}],"event_choices":[{"cards_removed":["hexamod:Defend"],"damage_healed":0,"gold_gain":0,"player_choice":"Purged","damage_taken":0,"max_hp_gain":0,"max_hp_loss":0,"event_name":"Purifier","floor":4,"gold_loss":0},{"damage_healed":0,"gold_gain":99,"player_choice":"Steal","damage_taken":0,"max_hp_gain":0,"max_hp_loss":0,"event_name":"betterThird:BetterNest","floor":22,"gold_loss":0},{"damage_healed":0,"gold_gain":0,"player_choice":"Ignored","damage_taken":0,"max_hp_gain":0,"max_hp_loss":0,"event_name":"Vampires","floor":27,"gold_loss":0},{"damage_healed":0,"gold_gain":0,"cards_transformed":["hexamod:EtherealExpedition","hexamod:GhostOfSpireFuture"],"player_choice":"Became Test Subject","damage_taken":0,"max_hp_gain":0,"max_hp_loss":0,"event_name":"Drug Dealer","floor":31,"gold_loss":0,"cards_obtained":["hexamod:ThermalTransfer","hexamod:ThirdSeal"]}],"is_beta":false,"boss_relics":[{"not_picked":["hubris:GrandSneckoEye","SacredBark"],"picked":"Busted Crown"},{"not_picked":["Empty Cage","hubris:RunicObelisk"],"picked":"SlaversCollar"}],"items_purged_floors":[0],"is_endless":false,"potions_floor_spawned":[5,6,11,13,16,18,20,25,28],"ascension_level":0}}