{"host":"pdq28s6637cpsst2","time":1613366015,"event":{"mods":["BaseMod","Colored Map","Colored Powertips","Highlight Path","Minty Spire (QoL Compilation)","Permanent Neow","Quick Restart","StSLib","The Senshi","The Servant 0.9.4"],"gold_per_floor":[14,14,25,42,142,142,155,155,209,225,225,245,245,265,265,391,391,405,448,373,288,288,288,303,303,327,327,352,373,158,173,173,173,173],"floor_reached":33,"language":"ENG","playtime":2323,"items_purged":["Strike_G"],"score":376,"play_id":"e665da8c-6435-4bde-93f5-f560811238df","local_time":"20210215001335","is_ascension_mode":true,"campfire_choices":[{"data":"Terror","floor":6,"key":"SMITH"},{"floor":8,"key":"REST"},{"floor":15,"key":"REST"},{"floor":23,"key":"REST"},{"floor":25,"key":"REST"},{"floor":27,"key":"REST"},{"floor":32,"key":"REST"}],"circlet_count":0,"master_deck":["Strike_G","Strike_G","Strike_G","Defend_G","Defend_G","Defend_G","Defend_G","Defend_G","Survivor","Neutralize","Terror+1","Acrobatics","Dagger Spray","Cloak And Dagger","Caltrops","Tools of the Trade","Well Laid Plans","Die Die Die","Reflex","Adrenaline","Backstab"],"relics":["Ring of the Snake","Lizard Tail","Vajra","Golden Idol","Anchor","Busted Crown","Red Mask","Singing Bowl","Strawberry"],"acts_visited":["Exordium","TheCity"],"potions_floor_usage":[16,16,16,29,31,33],"damage_taken":[{"damage":4,"enemies":"Cultist","floor":1,"turns":6},{"damage":0,"enemies":"Jaw Worm","floor":3,"turns":5},{"damage":4,"enemies":"2 Louse","floor":4,"turns":2},{"damage":23,"enemies":"Large Slime","floor":7,"turns":12},{"damage":0,"enemies":"2 Fungi Beasts","floor":10,"turns":2},{"damage":0,"enemies":"3 Louse","floor":12,"turns":3},{"damage":0,"enemies":"Red Slaver","floor":14,"turns":3},{"damage":0,"enemies":"Slime Boss","floor":16,"turns":5},{"damage":7,"enemies":"Shell Parasite","floor":18,"turns":6},{"damage":55,"enemies":"Masked Bandits","floor":19,"turns":6},{"damage":15,"enemies":"Spheric Guardian","floor":24,"turns":6},{"damage":21,"enemies":"Snecko","floor":28,"turns":6},{"damage":21,"enemies":"Shelled Parasite and Fungi","floor":29,"turns":8},{"damage":8,"enemies":"Snake Plant","floor":31,"turns":3},{"damage":108,"enemies":"Collector","floor":33,"turns":12}],"seed_played":"-2837967128686861419","potions_obtained":[{"floor":7,"key":"Swift Potion"},{"floor":10,"key":"CunningPotion"},{"floor":12,"key":"AttackPotion"},{"floor":16,"key":"BlessingOfTheForge"},{"floor":19,"key":"PowerPotion"},{"floor":24,"key":"Regen Potion"},{"floor":29,"key":"Poison Potion"}],"is_trial":false,"path_per_floor":["M","T","M","M","?","R","M","R","T","M","?","M","?","M","R","B",null,"M","?","?","?","?","R","M","R","T","R","M","M","$","M","R","B"],"character_chosen":"THE_SILENT","items_purchased":["Adrenaline"],"campfire_rested":6,"item_purchase_floors":[30],"current_hp_per_floor":[59,59,59,55,55,55,32,53,53,53,36,36,24,24,45,45,64,57,2,2,2,2,23,10,31,38,61,42,36,36,28,52,0,0],"gold":173,"neow_bonus":"ONE_RARE_RELIC","is_daily":false,"chose_seed":false,"campfire_upgraded":1,"win_rate":0.0,"timestamp":1613366015,"path_taken":["M","?","M","M","?","R","?","R","T","M","?","M","?","M","R","BOSS","M","?","?","?","?","R","M","R","T","R","M","M","$","?","R","BOSS"],"items_purchased_type":["Card"],"build_version":"2020-12-22","purchased_purges":1,"victory":false,"max_hp_per_floor":[70,70,70,70,70,70,70,70,70,70,70,70,70,70,70,70,70,70,70,70,70,70,70,72,72,79,79,81,81,81,81,81,81,81],"card_choices":[{"not_picked":["Sucker Punch","Blade Dance","Prepared"],"picked":"SKIP","floor":1},{"not_picked":["Tactician","Dagger Throw"],"picked":"Terror","floor":3},{"not_picked":["Blur","Prepared"],"picked":"Acrobatics","floor":4},{"not_picked":["Finisher","Storm of Steel"],"picked":"Dagger Spray","floor":7},{"not_picked":["Prepared","Caltrops"],"picked":"Cloak And Dagger","floor":10},{"not_picked":["Riddle With Holes","Poisoned Stab"],"picked":"Caltrops","floor":12},{"not_picked":["Masterful Stab","Poisoned Stab","Blade Dance"],"picked":"SKIP","floor":14},{"not_picked":["Unload","Bullet Time"],"picked":"Tools of the Trade","floor":16},{"not_picked":["Deadly Poison"],"picked":"SKIP","floor":18},{"not_picked":["Blade Dance"],"picked":"Singing Bowl","floor":24},{"not_picked":["Predator"],"picked":"Singing Bowl","floor":28},{"not_picked":[],"picked":"Reflex","floor":29},{"not_picked":[],"picked":"Backstab","floor":31}],"player_experience":219348,"relics_obtained":[{"floor":9,"key":"Vajra"},{"floor":19,"key":"Red Mask"},{"floor":26,"key":"Strawberry"}],"event_choices":[{"damage_healed":0,"gold_gain":100,"player_choice":"Pray","damage_taken":0,"max_hp_gain":0,"max_hp_loss":0,"event_name":"Golden Shrine","floor":5,"gold_loss":0},{"damage_healed":0,"gold_gain":0,"player_choice":"Take Damage","damage_taken":17,"relics_obtained":["Golden Idol"],"max_hp_gain":0,"max_hp_loss":0,"event_name":"Golden Idol","floor":11,"gold_loss":0},{"damage_healed":0,"gold_gain":0,"player_choice":"Success","damage_taken":12,"relics_obtained":["Anchor"],"max_hp_gain":0,"max_hp_loss":0,"event_name":"Scrap Ooze","floor":13,"gold_loss":0},{"damage_healed":0,"gold_gain":0,"player_choice":"Fought Bandits","damage_taken":0,"max_hp_gain":0,"max_hp_loss":0,"event_name":"Masked Bandits","floor":19,"gold_loss":0},{"cards_removed":["Strike_G"],"damage_healed":0,"gold_gain":0,"player_choice":"Gave Gold","damage_taken":0,"max_hp_gain":0,"max_hp_loss":0,"event_name":"Beggar","floor":20,"gold_loss":75},{"damage_healed":0,"gold_gain":0,"player_choice":"Obtained Relic","damage_taken":0,"relics_obtained":["Singing Bowl"],"max_hp_gain":0,"max_hp_loss":0,"event_name":"Addict","floor":21,"gold_loss":85},{"damage_healed":0,"gold_gain":0,"player_choice":"2 cards matched","damage_taken":0,"max_hp_gain":0,"max_hp_loss":0,"event_name":"Match and Keep!","floor":22,"gold_loss":0,"cards_obtained":["Well Laid Plans","Die Die Die"]}],"is_beta":false,"boss_relics":[{"not_picked":["Empty Cage","Velvet Choker"],"picked":"Busted Crown"}],"items_purged_floors":[30],"is_endless":false,"potions_floor_spawned":[7,10,12,16,19,24,29],"killed_by":"Collector","ascension_level":6}}