{"host":"ia9e4s524g7bamk7","time":1613410923,"event":{"mods":["AchievementEnabler","BaseMod","Colored Map","Minty Spire (QoL Compilation)","Permanent Neow","Slay-I","slay the spire mod where everything is the same but ironclad has a cowboy hat"],"gold_per_floor":[119,136,148,158,178,204,204,231,231,257,267,267,192,202,202,301,301,321,17,34,50,50,81,81,113,113,139,154,164,264,284,284,386,386,400,400,416,212,222,250,270,270,270,18,51,70,101,151,151,151,151,151,27,58,58],"floor_reached":56,"language":"ENG","playtime":4731,"items_purged":["Alpha","Perseverance","Eruption"],"score":1704,"play_id":"9ca7f436-7077-4875-b8ea-27e015c21317","local_time":"20210215184203","is_ascension_mode":true,"campfire_choices":[{"data":"Vault","floor":7.0,"key":"SMITH"},{"floor":12.0,"key":"REST"},{"data":"TalkToTheHand","floor":15.0,"key":"SMITH"},{"data":"Ragnarok","floor":24.0,"key":"SMITH"},{"floor":32.0,"key":"RECALL"},{"data":"Ragnarok","floor":49,"key":"SMITH"},{"data":"DeusExMachina","floor":52,"key":"SMITH"}],"circlet_count":0,"master_deck":["Vigilance","CrushJoints","Sanctity","EmptyFist","Judgement","Vault+1","DevaForm","FlurryOfBlows","BattleHymn","FollowUp","FollowUp","Brilliance","TalkToTheHand+1","Conclude","Wallop","Ragnarok+1","Wallop","Fasting2","WheelKick","Worship","InnerPeace","DeusExMachina+1","Devotion","CurseOfTheBell","Consecrate+1","WheelKick+1","Worship+1","Ragnarok+1","Wish+1","Consecrate+1"],"relics":["Pandora\u0027s Box","Damaru","InkBottle","Kunai","Boot","Snecko Eye","Membership Card","Gambling Chip","Ice Cream","Smiling Mask","Lantern","StoneCalendar","Darkstone Periapt","Calling Bell","Orichalcum","Frozen Egg 2","Incense Burner","Bottled Lightning","Toy Ornithopter","Shuriken","Medical Kit","HornCleat","Toxic Egg 2","Torii","CaptainsWheel","HandDrill","Centennial Puzzle"],"acts_visited":["Exordium","TheCity","TheBeyond","TheEnding"],"potions_floor_usage":[33,54],"damage_taken":[{"damage":0.0,"enemies":"Cultist","floor":1.0,"turns":2.0},{"damage":1.0,"enemies":"Jaw Worm","floor":2.0,"turns":2.0},{"damage":0.0,"enemies":"Small Slimes","floor":3.0,"turns":2.0},{"damage":1.0,"enemies":"Exordium Wildlife","floor":4.0,"turns":4.0},{"damage":21.0,"enemies":"Gremlin Gang","floor":5.0,"turns":4.0},{"damage":16.0,"enemies":"Gremlin Nob","floor":6.0,"turns":4.0},{"damage":21.0,"enemies":"3 Sentries","floor":8.0,"turns":6.0},{"damage":0.0,"enemies":"Lagavulin","floor":10.0,"turns":6.0},{"damage":4.0,"enemies":"2 Fungi Beasts","floor":11.0,"turns":3.0},{"damage":0.0,"enemies":"Blue Slaver","floor":14.0,"turns":3.0},{"damage":3.0,"enemies":"Hexaghost","floor":16.0,"turns":7.0},{"damage":0.0,"enemies":"Spheric Guardian","floor":18.0,"turns":2.0},{"damage":0.0,"enemies":"2 Thieves","floor":20.0,"turns":1.0},{"damage":0.0,"enemies":"Snecko","floor":21.0,"turns":2.0},{"damage":6.0,"enemies":"Slavers","floor":23.0,"turns":3.0},{"damage":0.0,"enemies":"Gremlin Leader","floor":25.0,"turns":4.0},{"damage":0.0,"enemies":"Slavers","floor":27.0,"turns":3.0},{"damage":0.0,"enemies":"Snake Plant","floor":28.0,"turns":3.0},{"damage":2.0,"enemies":"Centurion and Healer","floor":29.0,"turns":3.0},{"damage":0.0,"enemies":"Colosseum Slavers","floor":30.0,"turns":2.0},{"damage":0.0,"enemies":"Colosseum Nobs","floor":30.0,"turns":2.0},{"damage":0.0,"enemies":"3 Cultists","floor":31.0,"turns":2.0},{"damage":0,"enemies":"Automaton","floor":33,"turns":3},{"damage":0,"enemies":"3 Darklings","floor":35,"turns":3},{"damage":0,"enemies":"Orb Walker","floor":37,"turns":1},{"damage":10,"enemies":"3 Darklings","floor":39,"turns":4},{"damage":0,"enemies":"Nemesis","floor":40,"turns":4},{"damage":28,"enemies":"Spire Growth","floor":41,"turns":3},{"damage":0,"enemies":"Reptomancer","floor":45,"turns":2},{"damage":0,"enemies":"4 Shapes","floor":46,"turns":3},{"damage":0,"enemies":"Giant Head","floor":47,"turns":5},{"damage":0,"enemies":"Mind Bloom Boss Battle","floor":48,"turns":2},{"damage":16,"enemies":"Time Eater","floor":50,"turns":3},{"damage":0,"enemies":"Shield and Spear","floor":54,"turns":2},{"damage":1,"enemies":"The Heart","floor":55,"turns":5}],"seed_played":"6301846780738809905","potions_obtained":[{"floor":4.0,"key":"AttackPotion"},{"floor":5.0,"key":"Dexterity Potion"},{"floor":6.0,"key":"BottledMiracle"},{"floor":11.0,"key":"DuplicationPotion"},{"floor":14.0,"key":"Weak Potion"},{"floor":28.0,"key":"EssenceOfSteel"},{"floor":30.0,"key":"Ambrosia"},{"floor":40,"key":"Strength Potion"},{"floor":45,"key":"DuplicationPotion"}],"is_trial":false,"path_per_floor":["M","M","M","M","M","E","R","E","T","E","M","R","$","M","R","B",null,"M","$","M","M","?","E","R","E","T","E","M","M","?","M","R","B",null,"M","?","M","$","M","E","M","?","T","$","E","M","E","?","R","B",null,"R","$","E","B",null],"character_chosen":"WATCHER","items_purchased":["Membership Card","Gambling Chip","Bottled Lightning","Dexterity Potion","Medical Kit","HornCleat","Ambrosia","HandDrill"],"campfire_rested":1,"item_purchase_floors":[19,19,38,38,44,44,53,53],"current_hp_per_floor":[72,71,71,70,49,33,33,12,12,12,8,29,29,29,29,26,72,72,72,72,72,72,66,66,66,66,66,66,64,64,64,64,64,78,78,78,78,78,68,68,40,40,40,40,40,40,40,40,40,24,78,78,78,78,77],"gold":58,"neow_bonus":"BOSS_RELIC","is_daily":false,"chose_seed":false,"campfire_upgraded":5,"win_rate":0.0,"timestamp":1613410923,"path_taken":["M","M","?","M","M","E","R","E","T","E","?","R","$","M","R","BOSS","M","$","M","M","?","E","R","E","T","E","M","M","?","M","R","BOSS","M","?","M","$","M","E","M","?","T","?","E","?","E","?","R","BOSS","R","$","E","BOSS"],"items_purchased_type":["Relic","Relic","Relic","Potion","Relic","Relic","Potion","Relic"],"build_version":"2020-12-22","purchased_purges":3,"victory":true,"max_hp_per_floor":[72,72,72,72,72,72,72,72,72,72,72,72,72,72,72,72,72,72,72,72,72,72,72,72,72,72,72,72,72,72,72,72,72,78,78,78,78,78,78,78,78,78,78,78,78,78,78,78,78,78,78,78,78,78,78],"card_choices":[{"not_picked":["FlyingSleeves","Indignation"],"picked":"FlurryOfBlows","floor":1.0},{"not_picked":["FearNoEvil","ThirdEye"],"picked":"BattleHymn","floor":2.0},{"not_picked":["Protect","CrushJoints"],"picked":"FollowUp","floor":3.0},{"not_picked":["JustLucky","CrushJoints"],"picked":"FollowUp","floor":4.0},{"not_picked":["Wireheading","Protect","JustLucky"],"picked":"SKIP","floor":5.0},{"not_picked":["Nirvana","WreathOfFlame"],"picked":"Brilliance","floor":6.0},{"not_picked":["Tantrum","Sanctity"],"picked":"TalkToTheHand","floor":8.0},{"not_picked":["Halt","SashWhip"],"picked":"Conclude","floor":10.0},{"not_picked":["JustLucky","SandsOfTime","LikeWater"],"picked":"SKIP","floor":11.0},{"not_picked":["EmptyBody","Wireheading"],"picked":"Wallop","floor":14.0},{"not_picked":["Alpha","DevaForm"],"picked":"Ragnarok","floor":16.0},{"not_picked":["Swivel","PathToVictory","SandsOfTime"],"picked":"SKIP","floor":18.0},{"not_picked":["SashWhip+1","Halt"],"picked":"Wallop","floor":20.0},{"not_picked":["Evaluate+1","SashWhip","Blasphemy"],"picked":"SKIP","floor":21.0},{"not_picked":["Scrawl","Crescendo","SashWhip+1"],"picked":"SKIP","floor":23.0},{"not_picked":["Conclude","Prostrate"],"picked":"Fasting2","floor":25.0},{"not_picked":["LikeWater","Pray"],"picked":"WheelKick","floor":27.0},{"not_picked":["EmptyFist","EmptyBody"],"picked":"Worship","floor":28.0},{"not_picked":["EmptyFist","ClearTheMind+1"],"picked":"InnerPeace","floor":29.0},{"not_picked":["Crescendo","PathToVictory"],"picked":"DeusExMachina","floor":31.0},{"not_picked":["Establishment","Omniscience"],"picked":"Devotion","floor":33},{"not_picked":["Evaluate+1","Prostrate"],"picked":"Consecrate+1","floor":35},{"not_picked":["FlurryOfBlows","Halt+1"],"picked":"ForeignInfluence+1","floor":37},{"not_picked":["LikeWater+1","WreathOfFlame"],"picked":"WheelKick+1","floor":39},{"not_picked":["InnerPeace","EmptyBody"],"picked":"Worship+1","floor":40},{"not_picked":["FollowUp+1","Crescendo+1"],"picked":"Ragnarok","floor":41},{"not_picked":["PathToVictory+1","Worship+1"],"picked":"Wish+1","floor":45},{"not_picked":["Evaluate+1","FollowUp+1","JustLucky+1"],"picked":"SKIP","floor":46},{"not_picked":["Prostrate+1","ClearTheMind+1","CrushJoints+1"],"picked":"SKIP","floor":47},{"not_picked":["EmptyBody+1","WheelKick"],"picked":"Consecrate+1","floor":54}],"player_experience":355130,"relics_obtained":[{"floor":6.0,"key":"Damaru"},{"floor":8.0,"key":"InkBottle"},{"floor":9.0,"key":"Kunai"},{"floor":10.0,"key":"Boot"},{"floor":23.0,"key":"Ice Cream"},{"floor":25.0,"key":"Smiling Mask"},{"floor":27.0,"key":"Lantern"},{"floor":30.0,"key":"StoneCalendar"},{"floor":30.0,"key":"Darkstone Periapt"},{"floor":34,"key":"Orichalcum"},{"floor":34,"key":"Frozen Egg 2"},{"floor":34,"key":"Incense Burner"},{"floor":40,"key":"Toy Ornithopter"},{"floor":43,"key":"Shuriken"},{"floor":45,"key":"Toxic Egg 2"},{"floor":47,"key":"Torii"},{"floor":48,"key":"CaptainsWheel"},{"floor":54,"key":"Centennial Puzzle"}],"event_choices":[{"damage_healed":0.0,"max_hp_gain":0.0,"max_hp_loss":0.0,"gold_gain":0.0,"event_name":"Vampires","player_choice":"Ignored","floor":22.0,"gold_loss":0.0,"damage_taken":0.0},{"damage_healed":0.0,"max_hp_gain":0.0,"max_hp_loss":0.0,"gold_gain":0.0,"event_name":"Colosseum","player_choice":"Fight","floor":30.0,"gold_loss":0.0,"damage_taken":0.0},{"damage_healed":0.0,"max_hp_gain":0.0,"max_hp_loss":0.0,"gold_gain":0.0,"event_name":"Colosseum","player_choice":"Fought Nobs","floor":30.0,"gold_loss":0.0,"damage_taken":0.0},{"damage_healed":0,"gold_gain":0,"player_choice":"Ignored","damage_taken":0,"max_hp_gain":0,"max_hp_loss":0,"event_name":"Tomb of Lord Red Mask","floor":36,"gold_loss":0},{"cards_removed":["ForeignInfluence"],"damage_healed":0,"gold_gain":0,"player_choice":"Removed Skill","damage_taken":0,"max_hp_gain":0,"max_hp_loss":0,"event_name":"Falling","floor":42,"gold_loss":0},{"damage_healed":0,"gold_gain":0,"player_choice":"Fight","damage_taken":0,"max_hp_gain":0,"max_hp_loss":0,"event_name":"MindBloom","floor":48,"gold_loss":0}],"is_beta":false,"boss_relics":[{"not_picked":["Philosopher\u0027s Stone","Fusion Hammer"],"picked":"Snecko Eye"},{"not_picked":["Sozu","Black Star"],"picked":"Calling Bell"}],"items_purged_floors":[13,38,44],"is_endless":false,"potions_floor_spawned":[4,5,6,11,14,20,21,28,30,31,40,45,46,48],"ascension_level":3}}