{"host":"mvy2rmdvyttjfm6x","time":1613383907,"event":{"mods":["AchievementEnabler","BaseMod","Keyboard Shortcuts","Lobotomy","Minty Spire (QoL Compilation)","Quick Restart","StSLib"],"gold_per_floor":[114,74,90,106,123,123,142,154,154,154,154,154],"floor_reached":11,"language":"KOR","playtime":605,"items_purged":[],"score":67,"play_id":"c51ed033-d42e-4f58-ab91-8e1c06746b5d","local_time":"20210215191147","is_ascension_mode":false,"campfire_choices":[],"circlet_count":0,"master_deck":["SpecialBullet","SpecialBullet","SpecialBullet","SpecialBullet","SpecialBullet","SpecialBullet","SpecialBullet","SpecialBullet","InformationCode","ControlCode","WelfareCode","Scorched","Wingbeat","FieryBird","Pinks","TT2Protocol","OSAHOGD","Ecstasy","Logging","UniverseFragment","SpiderBud","WristCuter","Laetitia_ego"],"relics":["CogitoBucket","Prayer Wheel","AspirationHeart","Question Card"],"acts_visited":[],"potions_floor_usage":[8,8],"damage_taken":[{"damage":0,"enemies":"2 Louse","floor":1,"turns":2},{"damage":6,"enemies":"Cultist","floor":3,"turns":3},{"damage":11,"enemies":"Jaw Worm","floor":4,"turns":2},{"damage":19,"enemies":"Looter","floor":5,"turns":2},{"damage":9,"enemies":"2 Fungi Beasts","floor":7,"turns":3},{"damage":12,"enemies":"Exordium Wildlife","floor":8,"turns":4},{"damage":18,"enemies":"Lagavulin","floor":11,"turns":2}],"seed_played":"6454973847340796863","potions_obtained":[{"floor":2,"key":"ColorlessPotion"},{"floor":2,"key":"FearPotion"},{"floor":2,"key":"EssenceOfSteel"},{"floor":3,"key":"AttackPotion"}],"is_trial":false,"path_per_floor":["M","?","M","M","M","R","M","M","T","R","E"],"character_chosen":"Angela","items_purchased":[],"campfire_rested":0,"item_purchase_floors":[],"current_hp_per_floor":[63,63,57,46,27,27,18,16,16,16,0,0],"gold":154,"neow_bonus":"ONE_RARE_RELIC","is_daily":false,"chose_seed":false,"campfire_upgraded":0,"win_rate":0.0,"timestamp":1613383907,"path_taken":["M","?","?","M","M","R","M","M","T","R","E"],"items_purchased_type":[],"build_version":"2020-12-22","purchased_purges":0,"victory":false,"max_hp_per_floor":[63,63,63,63,63,63,63,73,73,73,73,73],"card_choices":[{"not_picked":["FairyFestival","QueenOfHatred"],"picked":"Scorched","floor":1},{"not_picked":["FrostShard"],"picked":"Wingbeat","floor":1},{"not_picked":["CUTE","Discord"],"picked":"SKIP","floor":1},{"not_picked":["HappyTeddy","BeautyBeast"],"picked":"FieryBird","floor":3},{"not_picked":["SolemnVow"],"picked":"Pinks","floor":3},{"not_picked":["Tough","CherryBlossom"],"picked":"SKIP","floor":3},{"not_picked":["RedShoes","SpiderBud"],"picked":"OSAHOGD","floor":4},{"not_picked":["Beak"],"picked":"Ecstasy","floor":4},{"not_picked":["Noise"],"picked":"Logging","floor":4},{"not_picked":["MHz","WallGazer"],"picked":"UniverseFragment","floor":5},{"not_picked":["Penitence","SoundOfStar"],"picked":"SKIP","floor":5},{"not_picked":["SolemnVow","WristCuter"],"picked":"SKIP","floor":5},{"not_picked":["CherryBlossoms","RedShoes"],"picked":"SpiderBud","floor":7},{"not_picked":["CUTE"],"picked":"WristCuter","floor":7},{"not_picked":["SwordSharpenedByTears","Ecstasy"],"picked":"SKIP","floor":7},{"not_picked":["RapturousDream"],"picked":"Laetitia_ego","floor":8},{"not_picked":["Regret_ego","CUTE"],"picked":"SKIP","floor":8}],"player_experience":126738,"relics_obtained":[{"floor":9,"key":"Question Card"}],"event_choices":[{"damage_healed":0,"gold_gain":0,"player_choice":"Bought 3 Potions","damage_taken":0,"max_hp_gain":0,"max_hp_loss":0,"event_name":"The Woman in Blue","floor":2,"gold_loss":0}],"is_beta":false,"boss_relics":[],"items_purged_floors":[],"is_endless":false,"potions_floor_spawned":[3,7],"killed_by":"Lagavulin","ascension_level":0}}