{"host":"j1shzgun22wn368i","time":1613351016,"event":{"mods":["BaseMod","Colored Map","Colored Powertips","Conspire","Downfall","Mad Scientist","Marisa????????","Minty Spire (QoL Compilation)","Prisma Mod","Quick Restart","Remilia??????","Replay The Spire","StSLib","The Blackbeard","The Bug Knight","The Construct","The Cursed","The Disciple","The Elementalist","The Gatherer","The Hierophant","The Jungle","The Mystic","The Necromancer","The Runesmith","The Senshi","The Servant 0.9.4","The Spell Scribe"],"gold_per_floor":[116,13,13,13,13,39,39,39,39,39,57,57,68,79,79,175,175,186,186,186,36,54,89,40,40,40,58,70,84,84,15,15,110,110,127,127,27,27,27,27,27],"floor_reached":40,"language":"ENG","playtime":3207,"items_purged":["Strike_G","Madness"],"score":447,"play_id":"4dfc97c3-8f51-4ac5-9f75-20a3fd9f7431","local_time":"20210215010336","is_ascension_mode":true,"campfire_choices":[{"data":"conspire:PoisonWeapons","floor":7,"key":"SMITH"},{"floor":10,"key":"RECALL"},{"data":"Noxious Fumes","floor":12,"key":"SMITH"},{"data":"Poisoned Stab","floor":15,"key":"SMITH"},{"floor":25,"key":"REST"}],"circlet_count":0,"master_deck":["Strike_G","Strike_G","Strike_G","Defend_G","Defend_G","Defend_G","Defend_G","Survivor","Neutralize","Backflip","Flechettes","conspire:PoisonWeapons+1","Flying Knee","Noxious Fumes+1","Glass Knife","Riddle With Holes","Slice","Poisoned Stab+1","Poison Darts","Poisoned Stab+1","Poisoned Stab+1","Deflect","Deflect+1","Doppelganger","Deflect+1","Catalyst","Flying Knee","Noxious Fumes","After Image","Poisoned Stab+1","Madness","Catalyst"],"relics":["Pen Nib","theSenshi:FeatherClipsRelic","SlaversCollar","Nloth\u0027s Gift","Pet Ghost","HoveringKite"],"acts_visited":["Exordium","TheCity","TheBeyond"],"potions_floor_usage":[16,23,23,23,23,28,33,39,40],"damage_taken":[{"damage":0,"enemies":"conspire:RoseBush","floor":1,"turns":3},{"damage":7,"enemies":"HollowMod:MossKnight","floor":6,"turns":8},{"damage":3,"enemies":"Jaw Worm","floor":11,"turns":2},{"damage":0,"enemies":"Cultist","floor":13,"turns":3},{"damage":2,"enemies":"3 Louse","floor":14,"turns":2},{"damage":35,"enemies":"Fading Forest","floor":16,"turns":11},{"damage":36,"enemies":"2 Thieves","floor":18,"turns":4},{"damage":11,"enemies":"Shell Parasite","floor":22,"turns":5},{"damage":19,"enemies":"Slavers","floor":23,"turns":7},{"damage":13,"enemies":"3 Cultists","floor":27,"turns":6},{"damage":15,"enemies":"Snake Plant","floor":28,"turns":3},{"damage":0,"enemies":"Snecko","floor":29,"turns":3},{"damage":16,"enemies":"Pondfish","floor":33,"turns":7},{"damage":2,"enemies":"3 Shapes","floor":35,"turns":4},{"damage":0,"enemies":"Orb Walker","floor":39,"turns":1},{"damage":76,"enemies":"Reptomancer","floor":40,"turns":3}],"seed_played":"-4476936924586375032","potions_obtained":[{"floor":1,"key":"LifebloodPotion"},{"floor":6,"key":"EntropicBrew"},{"floor":8,"key":"Toxic Potion"},{"floor":8,"key":"Doom Potion"},{"floor":18,"key":"LiquidMemories"},{"floor":28,"key":"Guardian:BlockOnCardUsePotion"}],"is_trial":false,"path_per_floor":["M","$","?","$","?","E","R","?","T","R","M","R","M","M","R","B",null,"M","?","?","$","M","E","$","R","T","M","M","M","?","$","R_BF","B",null,"M","?","$","?","M","E"],"character_chosen":"THE_SILENT","items_purchased":["conspire:PoisonWeapons","Flying Knee","Poisoned Stab","Deflect","Poison Potion","Noxious Fumes"],"campfire_rested":1,"item_purchase_floors":[2,2,21,21,24,31],"current_hp_per_floor":[70,70,70,70,75,68,68,68,68,68,71,71,75,75,75,64,75,45,45,45,45,40,27,27,49,49,42,33,39,39,39,61,51,75,75,66,66,66,72,0,0],"gold":27,"neow_bonus":"THREE_CARDS","is_daily":false,"chose_seed":false,"campfire_upgraded":3,"win_rate":0.0,"timestamp":1613351016,"path_taken":["M","$","?","$","?","E","R","?","T","R","?","R","M","M","R","BOSS","M","?","?","$","M","E","$","R","T","?","M","M","?","?","R_BF","BOSS","M","?","$","?","?","E"],"items_purchased_type":["Card","Card","Card","Card","Potion","Card"],"build_version":"2020-12-22","purchased_purges":2,"victory":false,"max_hp_per_floor":[70,70,70,70,75,75,75,75,75,75,75,75,75,75,75,75,75,75,75,75,75,75,75,75,75,75,75,75,75,75,75,75,75,75,75,75,75,75,75,75,75],"card_choices":[{"not_picked":["Underhanded Strike","Deflect"],"picked":"Backflip","floor":0},{"not_picked":["Prepared","PiercingWail"],"picked":"Flechettes","floor":1},{"not_picked":["Flying Knee","Hidden Blade"],"picked":"Glass Knife","floor":6},{"not_picked":["Expertise","Calculated Gamble"],"picked":"Riddle With Holes","floor":11},{"not_picked":["Underhanded Strike","Caltrops"],"picked":"Slice","floor":13},{"not_picked":["Deadly Poison","conspire:DoublingDagger"],"picked":"Poisoned Stab","floor":14},{"not_picked":["Adrenaline","Phantasmal Killer"],"picked":"Poison Darts","floor":16},{"not_picked":["Backflip","Deflect"],"picked":"Poisoned Stab+1","floor":18},{"not_picked":["Deadly Poison","Quick Slash"],"picked":"Deflect+1","floor":22},{"not_picked":["Hidden Blade","Flechettes"],"picked":"Doppelganger","floor":23},{"not_picked":["Heel Hook","ReplayTheSpireMod:Scrap Shanks"],"picked":"Deflect+1","floor":27},{"not_picked":["ReplayTheSpireMod:Scrap Shanks+1","Underhanded Strike"],"picked":"Catalyst","floor":28},{"not_picked":["Endless Agony","Sucker Punch"],"picked":"Flying Knee","floor":29},{"not_picked":["Night Terror","Malaise"],"picked":"After Image","floor":33},{"not_picked":["Slice+1","Cloak And Dagger+1"],"picked":"Poisoned Stab+1","floor":35}],"player_experience":264945,"relics_obtained":[{"floor":6,"key":"Pen Nib"},{"floor":9,"key":"theSenshi:FeatherClipsRelic"},{"floor":23,"key":"Pet Ghost"}],"event_choices":[{"damage_healed":0,"gold_gain":0,"cards_transformed":["Defend_G"],"player_choice":"Transformed","damage_taken":0,"max_hp_gain":0,"max_hp_loss":0,"event_name":"Transmorgrifier","floor":3,"gold_loss":0,"cards_obtained":["Noxious Fumes"]},{"damage_healed":0,"gold_gain":0,"player_choice":"Donut","damage_taken":0,"max_hp_gain":5,"max_hp_loss":0,"event_name":"Big Fish","floor":5,"gold_loss":0},{"damage_healed":0,"gold_gain":0,"player_choice":"Got Potions","damage_taken":0,"max_hp_gain":0,"max_hp_loss":0,"event_name":"Lab","floor":8,"gold_loss":0},{"cards_removed":["Strike_G"],"damage_healed":0,"gold_gain":0,"player_choice":"Elegance","damage_taken":0,"max_hp_gain":0,"max_hp_loss":0,"event_name":"Back to Basics","floor":19,"gold_loss":0},{"damage_healed":0,"gold_gain":0,"player_choice":"Traded Relic","damage_taken":0,"relics_obtained":["Nloth\u0027s Gift"],"max_hp_gain":0,"max_hp_loss":0,"event_name":"N\u0027loth","floor":20,"relics_lost":["Ring of the Snake"],"gold_loss":0},{"damage_healed":0,"gold_gain":0,"player_choice":"Embrace Madness","damage_taken":9,"max_hp_gain":0,"max_hp_loss":0,"event_name":"Winding Halls","floor":36,"gold_loss":0,"cards_obtained":["Madness","Madness"]},{"damage_healed":0,"gold_gain":0,"player_choice":"Copied","damage_taken":0,"max_hp_gain":0,"max_hp_loss":0,"event_name":"Duplicator","floor":38,"gold_loss":0,"cards_obtained":["Catalyst"]}],"is_beta":false,"boss_relics":[{"not_picked":["Replay:Wanted Poster","Painkiller Herb"],"picked":"SlaversCollar"},{"not_picked":["Snecko Eye","Busted Crown"],"picked":"HoveringKite"}],"items_purged_floors":[21,37],"is_endless":false,"potions_floor_spawned":[1,6,14,18,28],"killed_by":"Reptomancer","ascension_level":1}}