{"host":"Hova","time":1613416538,"event":{"mods":["AchievementEnabler","Aspiration","BaseMod","Better Match","Better Note","Colored Map","Colored Powertips","DeckTracker","Downfall","Hubris","Infinite Spire","Minty Spire (QoL Compilation)","Rare Cards Sparkle","Reliquary","Remilia??????","Replay The Spire","Shop Mod","StSLib","SuperFastMode","The Clintock","The Cursed","The Death Knight","The Necromancer","The Servant 0.9.4"],"gold_per_floor":[110,121,137,157,38,38,66,241,241,241,241,241,241],"floor_reached":12,"language":"ENG","playtime":1348,"items_purged":[],"score":78,"play_id":"d065e6bf-5cbc-44b5-a87a-1f78784a9d6a","local_time":"20210215221538","is_ascension_mode":false,"campfire_choices":[{"floor":6,"key":"REST"},{"floor":10,"key":"REST"}],"circlet_count":0,"master_deck":["Strike_G","Strike_G","Strike_G","Strike_G","Strike_G","Defend_G","Defend_G","Defend_G","Defend_G","Defend_G","Survivor","Neutralize","hubris:SlightOfHand","Underhanded Strike","ReplayTheSpireMod:Speed Training","Escape Plan","Doubt"],"relics":["Ring of the Snake","MerchantsRug","Happy Flower","infinitespire:Eraser","SsserpentHead"],"acts_visited":["Exordium"],"potions_floor_usage":[],"damage_taken":[{"damage":5,"enemies":"Small Slimes","floor":1,"turns":3},{"damage":14,"enemies":"Jaw Worm","floor":2,"turns":5},{"damage":0,"enemies":"Cultist","floor":3,"turns":4},{"damage":31,"enemies":"Exordium Wildlife","floor":4,"turns":10},{"damage":45,"enemies":"3 Sentries","floor":7,"turns":13},{"damage":51,"enemies":"Gremlin Nob","floor":12,"turns":5}],"seed_played":"400875031822560272","potions_obtained":[{"floor":1,"key":"GamblersBrew"}],"is_trial":false,"path_per_floor":["M","M","M","M","$","R","E","?","T","R","?","E"],"character_chosen":"THE_SILENT","items_purchased":["MerchantsRug"],"campfire_rested":2,"item_purchase_floors":[5],"current_hp_per_floor":[72,58,58,27,27,50,5,5,5,28,28,0,0],"gold":241,"neow_bonus":"TEN_PERCENT_HP_BONUS","is_daily":false,"chose_seed":false,"campfire_upgraded":0,"win_rate":0.0,"timestamp":1613416538,"path_taken":["M","M","M","M","$","R","E","?","T","R","?","E"],"items_purchased_type":["Relic"],"build_version":"2020-11-17","purchased_purges":0,"victory":false,"max_hp_per_floor":[77,77,77,77,77,77,77,77,77,77,77,77,77],"card_choices":[{"not_picked":["Slice","Sucker Punch"],"picked":"hubris:SlightOfHand","floor":1},{"not_picked":["Blade Dance","Deadly Poison"],"picked":"Underhanded Strike","floor":2},{"not_picked":["Flechettes","Acrobatics"],"picked":"ReplayTheSpireMod:Speed Training","floor":3},{"not_picked":["Slice","Blur","Deadly Poison"],"picked":"SKIP","floor":4},{"not_picked":["Blade Dance","Dodge and Roll"],"picked":"Escape Plan","floor":7}],"player_experience":8065,"relics_obtained":[{"floor":7,"key":"Happy Flower"},{"floor":9,"key":"infinitespire:Eraser"}],"event_choices":[{"damage_healed":0,"gold_gain":175,"player_choice":"AGREE","damage_taken":0,"max_hp_gain":0,"max_hp_loss":0,"event_name":"Liars Game","floor":8,"gold_loss":0,"cards_obtained":["Doubt"]},{"damage_healed":0,"gold_gain":0,"player_choice":"Trade","damage_taken":0,"relics_obtained":["SsserpentHead"],"max_hp_gain":0,"max_hp_loss":0,"event_name":"FaceTrader","floor":11,"gold_loss":0}],"is_beta":true,"boss_relics":[],"items_purged_floors":[],"is_endless":false,"potions_floor_spawned":[1],"killed_by":"Gremlin Nob","ascension_level":0}}