{"host":"phy652c7lim9lcu2","time":1613384578,"event":{"mods":["BaseMod","Colored Powertips","Googly Eyes","Minty Spire (QoL Compilation)","Relic Stats","Spicy Shops","StSLib","everything is the same but u backflip on backflip"],"gold_per_floor":[117,129,148,148,148,176,176,193,193,193,158,177,192,224,224,329,329,366,402,402,417,457,490,96,96,96,96,107,141,240,271,271,271,271],"floor_reached":33,"language":"ENG","playtime":1108,"items_purged":["Clumsy"],"score":627,"play_id":"76ba50bd-f20d-4ef2-b831-538b73470314","local_time":"20210215202258","is_ascension_mode":true,"campfire_choices":[{"floor":7.0,"key":"REST"},{"data":"Blasphemy","floor":10.0,"key":"SMITH"},{"data":"WindmillStrike","floor":15.0,"key":"SMITH"},{"data":"BattleHymn","floor":32.0,"key":"SMITH"}],"circlet_count":0,"master_deck":["AscendersBane","Strike_P","Strike_P","Defend_P","Defend_P+1","Defend_P","Defend_P+1","Eruption","Vigilance","BattleHymn+1","ReachHeaven","SashWhip","Blasphemy+1","CarveReality","WindmillStrike+1","Evaluate","Conclude","Wish","Wireheading+1","ThirdEye+1","Meditate","Judgement","TalkToTheHand+1","FlyingSleeves","BowlingBash","SandsOfTime"],"relics":["PureWater","CaptainsWheel","Shuriken","Darkstone Periapt","Ornamental Fan","Lizard Tail","Snecko Eye","Bronze Scales","Meat on the Bone","Oddly Smooth Stone","Unceasing Top","Vajra","Juzu Bracelet"],"acts_visited":["Exordium","TheCity"],"potions_floor_usage":[],"damage_taken":[{"damage":0.0,"enemies":"Cultist","floor":1.0,"turns":4.0},{"damage":3.0,"enemies":"2 Louse","floor":2.0,"turns":3.0},{"damage":6.0,"enemies":"Small Slimes","floor":3.0,"turns":2.0},{"damage":11.0,"enemies":"3 Sentries","floor":6.0,"turns":5.0},{"damage":0.0,"enemies":"Exordium Wildlife","floor":8.0,"turns":3.0},{"damage":0.0,"enemies":"Exordium Thugs","floor":12.0,"turns":2.0},{"damage":2.0,"enemies":"Large Slime","floor":13.0,"turns":2.0},{"damage":0.0,"enemies":"Gremlin Nob","floor":14.0,"turns":2.0},{"damage":25.0,"enemies":"Hexaghost","floor":16.0,"turns":7.0},{"damage":0.0,"enemies":"Chosen","floor":18.0,"turns":3.0},{"damage":8.0,"enemies":"Shell Parasite","floor":19.0,"turns":3.0},{"damage":6.0,"enemies":"Cultist and Chosen","floor":21.0,"turns":4.0},{"damage":14.0,"enemies":"Snake Plant","floor":22.0,"turns":3.0},{"damage":0.0,"enemies":"Gremlin Leader","floor":23.0,"turns":4.0},{"damage":9.0,"enemies":"3 Cultists","floor":28.0,"turns":3.0},{"damage":15.0,"enemies":"Slavers","floor":29.0,"turns":4.0},{"damage":2.0,"enemies":"Book of Stabbing","floor":31.0,"turns":4.0},{"damage":73,"enemies":"Automaton","floor":33,"turns":6}],"seed_played":"4289403228395433818","potions_obtained":[{"floor":1.0,"key":"Fire Potion"},{"floor":8.0,"key":"Ambrosia"},{"floor":12.0,"key":"StancePotion"},{"floor":14.0,"key":"DistilledChaos"},{"floor":23.0,"key":"Regen Potion"}],"is_trial":false,"path_per_floor":["M","M","M","?","?","E","R","M","T","R","?","M","M","E","R","B",null,"M","M","?","M","M","E","$","?","T","?","M","E","?","E","R","B"],"character_chosen":"WATCHER","items_purchased":["Meat on the Bone","Oddly Smooth Stone"],"campfire_rested":1,"item_purchase_floors":[24,24],"current_hp_per_floor":[47,44,38,26,12,1,22,22,22,22,40,40,38,38,38,13,57,57,49,49,43,29,29,35,35,35,20,23,20,20,30,30,0,0],"gold":271,"neow_bonus":"ONE_RARE_RELIC","is_daily":false,"chose_seed":false,"campfire_upgraded":3,"win_rate":0.0,"timestamp":1613384578,"path_taken":["M","M","M","?","?","E","R","M","T","R","?","?","M","E","R","BOSS","M","M","?","M","M","E","$","?","T","?","M","E","?","E","R","BOSS"],"items_purchased_type":["Relic","Relic"],"build_version":"2020-12-22","purchased_purges":1,"victory":false,"max_hp_per_floor":[72,72,72,72,72,72,72,72,72,72,72,72,72,72,72,72,72,72,72,72,72,72,72,78,78,78,83,83,83,83,83,83,83,83],"relic_stats":{"Darkstone Periapt":6,"Lizard Tail":41,"counters":[18,64],"Shuriken":[17],"Ornamental Fan":[60],"Bronze Scales":[60],"Snecko Eye":[46,55,50,53],"Juzu Bracelet":0,"obtain_stats":[{"Darkstone Periapt":6,"Oddly Smooth Stone":24,"Vajra":29,"Juzu Bracelet":31,"CaptainsWheel":0,"Lizard Tail":14,"Shuriken":4,"Ornamental Fan":9,"Bronze Scales":23,"Snecko Eye":17,"PureWater":0,"Unceasing Top":25,"Meat on the Bone":24},{"Darkstone Periapt":4,"Oddly Smooth Stone":14,"Vajra":16,"Juzu Bracelet":17,"CaptainsWheel":0,"Lizard Tail":8,"Shuriken":3,"Ornamental Fan":5,"Bronze Scales":14,"Snecko Eye":9,"PureWater":0,"Unceasing Top":14,"Meat on the Bone":14},{"Darkstone Periapt":14,"Oddly Smooth Stone":47,"Vajra":54,"Juzu Bracelet":58,"CaptainsWheel":0,"Lizard Tail":23,"Shuriken":9,"Ornamental Fan":17,"Bronze Scales":47,"Snecko Eye":30,"PureWater":0,"Unceasing Top":47,"Meat on the Bone":47}],"Unceasing Top":[0],"Meat on the Bone":36},"card_choices":[{"not_picked":["Indignation","EmptyBody"],"picked":"BattleHymn","floor":1.0},{"not_picked":["Evaluate","Nirvana"],"picked":"ReachHeaven","floor":2.0},{"not_picked":["FlurryOfBlows","ThirdEye"],"picked":"SashWhip","floor":3.0},{"not_picked":["BowlingBash","FlurryOfBlows"],"picked":"Blasphemy","floor":6.0},{"not_picked":["CrushJoints","DeceiveReality"],"picked":"CarveReality","floor":8.0},{"not_picked":["FollowUp","ClearTheMind"],"picked":"WindmillStrike","floor":12.0},{"not_picked":["Weave","Collect"],"picked":"Evaluate","floor":13.0},{"not_picked":["Prostrate","Evaluate"],"picked":"Conclude","floor":14.0},{"not_picked":["Scrawl","Ragnarok"],"picked":"Wish","floor":16.0},{"not_picked":["WreathOfFlame","EmptyFist+1"],"picked":"Wireheading+1","floor":18.0},{"not_picked":["BowlingBash","JustLucky"],"picked":"ThirdEye+1","floor":19.0},{"not_picked":["FollowUp","FlyingSleeves"],"picked":"TalkToTheHand+1","floor":21.0},{"not_picked":["ForeignInfluence","FearNoEvil","EmptyFist"],"picked":"SKIP","floor":22.0},{"not_picked":["EmptyBody","Crescendo"],"picked":"FlyingSleeves","floor":23.0},{"not_picked":["FlurryOfBlows","FlyingSleeves"],"picked":"BowlingBash","floor":28.0},{"not_picked":["SashWhip","Tantrum","Collect"],"picked":"SKIP","floor":29.0},{"not_picked":["InnerPeace","LessonLearned"],"picked":"SandsOfTime","floor":31.0}],"player_experience":332374,"relics_obtained":[{"floor":6.0,"key":"Darkstone Periapt"},{"floor":9.0,"key":"Ornamental Fan"},{"floor":14.0,"key":"Lizard Tail"},{"floor":23.0,"key":"Bronze Scales"},{"floor":29.0,"key":"Vajra"},{"floor":31.0,"key":"Juzu Bracelet"}],"event_choices":[{"damage_healed":0.0,"max_hp_gain":0.0,"max_hp_loss":0.0,"gold_gain":0.0,"event_name":"Scrap Ooze","player_choice":"Success","floor":4.0,"gold_loss":0.0,"damage_taken":12.0,"relics_obtained":["Shuriken"]},{"damage_healed":0.0,"max_hp_gain":0.0,"max_hp_loss":0.0,"gold_gain":0.0,"event_name":"Shining Light","player_choice":"Entered Light","floor":5.0,"gold_loss":0.0,"damage_taken":14.0,"cards_upgraded":["Defend_P","Defend_P"]},{"damage_healed":18.0,"max_hp_gain":0.0,"max_hp_loss":0.0,"gold_gain":0.0,"event_name":"The Cleric","player_choice":"Healed","floor":11.0,"gold_loss":35.0,"damage_taken":0.0},{"damage_healed":0.0,"max_hp_gain":0.0,"max_hp_loss":0.0,"gold_gain":0.0,"cards_transformed":["Strike_P","Strike_P"],"event_name":"Drug Dealer","player_choice":"Became Test Subject","floor":20.0,"gold_loss":0.0,"damage_taken":0.0,"cards_obtained":["Meditate","Judgement"]},{"damage_healed":0.0,"max_hp_gain":0.0,"max_hp_loss":0.0,"gold_gain":0.0,"event_name":"The Mausoleum","player_choice":"Opened","floor":25.0,"gold_loss":0.0,"damage_taken":0.0,"relics_obtained":["Unceasing Top"]},{"damage_healed":0.0,"max_hp_gain":5.0,"max_hp_loss":0.0,"gold_gain":0.0,"event_name":"Forgotten Altar","player_choice":"Shed Blood","floor":27.0,"gold_loss":0.0,"damage_taken":20.0},{"damage_healed":0.0,"max_hp_gain":0.0,"max_hp_loss":0.0,"gold_gain":99.0,"event_name":"Nest","player_choice":"Stole From Cult","floor":30.0,"gold_loss":0.0,"damage_taken":0.0}],"is_beta":false,"boss_relics":[{"not_picked":["Runic Pyramid","SacredBark"],"picked":"Snecko Eye"}],"items_purged_floors":[24],"is_endless":false,"potions_floor_spawned":[1,8,12,13,14,19,23,28],"killed_by":"Automaton","ascension_level":12}}