{"host":"8g24zuco0epbjwbo","time":1613347432,"event":{"mods":["BaseMod","Downfall","Minty Spire (QoL Compilation)","Relic Stats","StSLib"],"gold_per_floor":[119,139,151,151,164,164,190,207,231,260,277,277,277,277,277],"floor_reached":13,"language":"ENG","playtime":1014,"items_purged":[],"score":102,"play_id":"d6769a47-0ab7-4c89-b3a7-008a86152b0c","local_time":"20210214190352","is_ascension_mode":true,"campfire_choices":[{"data":"champ:StanceDance","floor":6,"key":"SMITH"},{"data":"champ:RecklessLeap","floor":12,"key":"SMITH"}],"circlet_count":0,"master_deck":["champ:Strike","champ:Strike","champ:Defend","champ:Defend","champ:Defend","champ:Defend","champ:Execute","champ:Taunt","champ:VampiricStrike","champ:AdrenalArmor","champ:RecklessLeap+1","champ:StanceDance+1","champ:Duel","champ:FanOfKnives","champ:EndlessRage"],"relics":["champ:ChampionCrown","Mercury Hourglass","Juzu Bracelet","Ancient Tea Set"],"acts_visited":["Exordium"],"potions_floor_usage":[7,7,13,13],"damage_taken":[{"damage":10,"enemies":"Cultist","floor":1,"turns":3},{"damage":19,"enemies":"Small Slimes","floor":2,"turns":3},{"damage":20,"enemies":"2 Louse","floor":3,"turns":4},{"damage":12,"enemies":"Blue Slaver","floor":5,"turns":4},{"damage":35,"enemies":"Lagavulin","floor":7,"turns":4},{"damage":0,"enemies":"2 Fungi Beasts","floor":8,"turns":3},{"damage":38,"enemies":"Gremlin Nob","floor":10,"turns":4},{"damage":0,"enemies":"Looter","floor":11,"turns":3},{"damage":76,"enemies":"Lagavulin","floor":13,"turns":3}],"seed_played":"6092705670402772787","potions_obtained":[{"floor":1,"key":"hexamod:SoulburnPotion"},{"floor":3,"key":"FearPotion"},{"floor":8,"key":"champ:OpenerPotion"},{"floor":10,"key":"SkillPotion"}],"is_trial":false,"path_per_floor":["M","M","M","?","M","R","E","M","T","E","M","R","E"],"character_chosen":"THE_CHAMP","items_purchased":[],"campfire_rested":0,"item_purchase_floors":[],"current_hp_per_floor":[90,81,81,74,72,72,57,57,57,39,39,39,0,0,0],"gold":277,"neow_bonus":"TRANSFORM_CARD","is_daily":false,"chose_seed":false,"campfire_upgraded":2,"win_rate":0.0,"timestamp":1613347432,"path_taken":["M","?","M","?","M","R","E","M","T","E","M","R","E"],"items_purchased_type":[],"build_version":"2020-12-22","purchased_purges":0,"victory":false,"max_hp_per_floor":[90,90,90,90,90,90,90,90,90,90,90,90,90,90,90],"relic_stats":{"counters":[9,31],"Juzu Bracelet":0,"obtain_stats":[{"champ:ChampionCrown":0,"Juzu Bracelet":9,"Ancient Tea Set":10,"Mercury Hourglass":7},{"champ:ChampionCrown":0,"Juzu Bracelet":6,"Ancient Tea Set":7,"Mercury Hourglass":5},{"champ:ChampionCrown":0,"Juzu Bracelet":21,"Ancient Tea Set":25,"Mercury Hourglass":18}],"Mercury Hourglass":[42]},"card_choices":[{"not_picked":["champ:HeartStrike","champ:Shatter"],"picked":"champ:AdrenalArmor","floor":1},{"not_picked":["champ:PreemptiveStrike","champ:Backstep","champ:RapidStrikes"],"picked":"SKIP","floor":2},{"not_picked":["champ:PreciseThrust","champ:ArenaPreparation"],"picked":"champ:RecklessLeap","floor":3},{"not_picked":["champ:BladeFlurry","champ:DancingMaster"],"picked":"champ:StanceDance","floor":5},{"not_picked":["champ:CalledShot","champ:DefensiveShout"],"picked":"champ:Duel","floor":7},{"not_picked":["champ:Encircle","champ:StanceDance"],"picked":"champ:FanOfKnives","floor":8},{"not_picked":["champ:FalseCounter","champ:SkillfulDodge","champ:TornadoPunch"],"picked":"SKIP","floor":10},{"not_picked":["champ:FocusedDefense","champ:GutPunch"],"picked":"champ:EndlessRage","floor":11}],"player_experience":496790,"relics_obtained":[{"floor":7,"key":"Mercury Hourglass"},{"floor":9,"key":"Juzu Bracelet"},{"floor":10,"key":"Ancient Tea Set"}],"event_choices":[{"cards_removed":["champ:Strike"],"damage_healed":0,"gold_gain":0,"player_choice":"Card Removal","damage_taken":7,"max_hp_gain":0,"max_hp_loss":0,"event_name":"Golden Wing","floor":4,"gold_loss":0}],"is_beta":false,"boss_relics":[],"items_purged_floors":[],"is_endless":false,"potions_floor_spawned":[1,3,8,10],"killed_by":"Lagavulin","ascension_level":1}}