{"host":"8a3jzv7qxg3y7b6t","time":1613367849,"event":{"mods":["BaseMod","Better Third Choice","Downfall","Hermit","Minty Spire (QoL Compilation)","Relic Stats","StSLib","The Bug Knight","The Cursed"],"gold_per_floor":[119,134,150,100,112,112,147,147,147,147,178,201,240,217,217,217,217],"floor_reached":16,"language":"ENG","playtime":446,"items_purged":[],"score":138,"play_id":"2bf03398-d023-455a-a4a1-22efd51d796a","local_time":"20210214214409","is_ascension_mode":true,"campfire_choices":[{"floor":6,"key":"RECALL"},{"floor":8,"key":"REST"},{"floor":15,"key":"REST"}],"circlet_count":0,"master_deck":["Strike_R","Strike_R","Strike_R","Strike_R","Defend_R","Defend_R","Defend_R","Defend_R","Bash","Cleave","Feel No Pain","Feel No Pain","Injury","Cleave","Cleave","Thunderclap"],"relics":["Burning Blood","NeowsBlessing","HollowMod:PaleOreRelic","Gremlin Horn","Golden Idol","InkBottle","Ice Cream"],"acts_visited":["Exordium"],"potions_floor_usage":[5,7,13],"damage_taken":[{"damage":0,"enemies":"Jaw Worm","floor":1,"turns":1},{"damage":0,"enemies":"2 Louse","floor":2,"turns":1},{"damage":0,"enemies":"Small Slimes","floor":3,"turns":1},{"damage":1,"enemies":"3 Louse","floor":5,"turns":3},{"damage":64,"enemies":"Gremlin Nob","floor":7,"turns":6},{"damage":20,"enemies":"3 Sentries","floor":11,"turns":11},{"damage":0,"enemies":"Gremlin Gang","floor":12,"turns":2},{"damage":16,"enemies":"Gremlin Nob","floor":13,"turns":3},{"damage":46,"enemies":"The Guardian","floor":16,"turns":6}],"seed_played":"-8448706453260861314","potions_obtained":[{"floor":1,"key":"Dexterity Potion"},{"floor":5,"key":"EssenceOfSteel"},{"floor":11,"key":"Strength Potion"}],"is_trial":false,"path_per_floor":["M","M","M","?","M","R","E","R","T","?","E","M","E","?","R","B"],"character_chosen":"IRONCLAD","items_purchased":[],"campfire_rested":2,"item_purchase_floors":[],"current_hp_per_floor":[80,80,80,80,80,80,22,46,46,46,32,38,28,28,52,6,6],"gold":217,"neow_bonus":"THREE_ENEMY_KILL","is_daily":false,"chose_seed":false,"campfire_upgraded":0,"win_rate":0.0,"timestamp":1613367849,"path_taken":["M","M","M","?","M","R","E","R","T","?","E","M","E","?","R","BOSS"],"items_purchased_type":[],"build_version":"2020-12-22","purchased_purges":0,"victory":false,"max_hp_per_floor":[80,80,80,80,80,80,80,80,80,80,80,80,80,80,80,80,80],"relic_stats":{"Gremlin Horn":[5,5],"counters":[9,34],"Golden Idol":19,"obtain_stats":[{"Ice Cream":13,"NeowsBlessing":0,"Gremlin Horn":9,"Golden Idol":10,"HollowMod:PaleOreRelic":7,"Burning Blood":0,"InkBottle":11},{"Ice Cream":8,"NeowsBlessing":0,"Gremlin Horn":5,"Golden Idol":5,"HollowMod:PaleOreRelic":5,"Burning Blood":0,"InkBottle":6},{"Ice Cream":28,"NeowsBlessing":0,"Gremlin Horn":12,"Golden Idol":12,"HollowMod:PaleOreRelic":12,"Burning Blood":0,"InkBottle":23}],"Burning Blood":25,"InkBottle":[2]},"card_choices":[{"not_picked":["Blood for Blood","Shrug It Off"],"picked":"Cleave","floor":1},{"not_picked":["Headbutt","Power Through"],"picked":"Feel No Pain","floor":2},{"not_picked":["Flex","Iron Wave"],"picked":"Feel No Pain","floor":3},{"not_picked":["Dark Embrace","Clothesline","Seeing Red"],"picked":"SKIP","floor":5},{"not_picked":["True Grit","Pommel Strike","Headbutt"],"picked":"SKIP","floor":7},{"not_picked":["Pommel Strike","Havoc"],"picked":"Cleave","floor":11},{"not_picked":["Bloodletting","Thunderclap"],"picked":"Cleave","floor":12},{"not_picked":["Shrug It Off","Heavy Blade"],"picked":"Thunderclap","floor":13}],"player_experience":685234,"relics_obtained":[{"floor":7,"key":"HollowMod:PaleOreRelic"},{"floor":9,"key":"Gremlin Horn"},{"floor":11,"key":"InkBottle"},{"floor":13,"key":"Ice Cream"}],"event_choices":[{"cards_removed":["Strike_R"],"damage_healed":0,"gold_gain":0,"player_choice":"Card Removal","damage_taken":0,"max_hp_gain":0,"max_hp_loss":0,"event_name":"The Cleric","floor":4,"gold_loss":50},{"damage_healed":0,"gold_gain":0,"player_choice":"Take Wound","damage_taken":0,"relics_obtained":["Golden Idol"],"max_hp_gain":0,"max_hp_loss":0,"event_name":"Golden Idol","floor":10,"gold_loss":0,"cards_obtained":["Injury"]},{"damage_healed":0,"gold_gain":0,"player_choice":"Left","damage_taken":0,"max_hp_gain":0,"max_hp_loss":0,"event_name":"betterThird:BetterGoop","floor":14,"gold_loss":23}],"is_beta":false,"boss_relics":[],"items_purged_floors":[],"is_endless":false,"potions_floor_spawned":[1,5,11],"killed_by":"The Guardian","ascension_level":3}}