{"host":"166mvycy0az0i7z6","time":1613387831,"event":{"mods":["AchievementEnabler","Aspiration","Astrologer","Bard","BaseMod","Beaked The Cultist","Bestiary","Better Altar","Better Third Choice","BetterRewards","Bossed Relics","Challenge The Spire","Conspire","DeckTracker","Downfall","Fox Events","Halation","Hermit","Hubris","Minty Spire (QoL Compilation)","Relic Filter","Relic Stats","Reliquary","Replay The Spire","Shop Mod","StSLib","The Problem Sleuth","The Sage","TheVacant"],"gold_per_floor":[109,121,135,135,135,135,188,188,188,188,188,219,234,234,234,234,234],"floor_reached":16,"language":"ENG","playtime":966,"items_purged":[],"score":98,"play_id":"6b60c6db-e391-492d-a69f-594c28392d59","local_time":"20210215221711","is_ascension_mode":false,"campfire_choices":[{"data":"hermit:Misfire","floor":6,"key":"SMITH"},{"data":"hermit:LoneWolf","floor":8,"key":"SMITH"},{"data":"hermit:Snapshot","floor":11,"key":"SMITH"},{"floor":15,"key":"REST"}],"circlet_count":0,"master_deck":["hermit:Strike_Hermit","hermit:Strike_Hermit","hermit:Strike_Hermit","hermit:Strike_Hermit","hermit:Defend_Hermit","hermit:Defend_Hermit","hermit:Defend_Hermit","hermit:Defend_Hermit","hermit:Snapshot+1","hermit:Covet","hermit:Misfire+1","hermit:Feint","hermit:LoneWolf+1","hermit:CalledShot","hermit:RoundhouseKick","Berserk"],"relics":["hermit:Momento","halation:BlackBeret","hubris:CuriousFeather","hubris:Towel","Pet Ghost","Pear","hermit:Horseshoe","ReplayTheSpireMod:Lightbulb"],"acts_visited":["Exordium"],"potions_floor_usage":[3,16],"damage_taken":[{"damage":4,"enemies":"Cultist","floor":1,"turns":4},{"damage":0,"enemies":"Small Slimes","floor":2,"turns":3},{"damage":0,"enemies":"2 Louse","floor":3,"turns":2},{"damage":24,"enemies":"3 Sentries","floor":12,"turns":12},{"damage":10,"enemies":"2 Fungi Beasts","floor":13,"turns":4},{"damage":40,"enemies":"Hexaghost","floor":16,"turns":9}],"seed_played":"-3052388310646033285","potions_obtained":[{"floor":2,"key":"LiquidMemories"},{"floor":3,"key":"Fruit Juice"}],"is_trial":false,"path_per_floor":["M","M","M","T","?","R","T","R","T","?","R","E","M","?","R","B"],"character_chosen":"HERMIT","items_purchased":[],"campfire_rested":1,"item_purchase_floors":[],"current_hp_per_floor":[64,64,69,69,69,69,69,69,79,79,79,55,45,15,39,0,0],"gold":234,"neow_bonus":"ONE_RARE_RELIC","is_daily":false,"chose_seed":false,"campfire_upgraded":3,"win_rate":0.0,"timestamp":1613387831,"path_taken":["M","M","M","?","?","R","?","R","T","?","R","E","M","?","R","BOSS"],"items_purchased_type":[],"build_version":"2020-12-22","purchased_purges":0,"victory":false,"max_hp_per_floor":[68,68,73,73,73,73,73,73,83,83,83,83,83,83,83,83,83],"relic_stats":{"counters":[18,88],"obtain_stats":[{"halation:BlackBeret":0,"Regal Pillow":10,"Pear":9,"hubris:VirtuousBlindfold":17,"reliquary:RosewoodLute":7,"Frozen Egg 2":12,"hubris:Towel":5,"halation:StarCompass":10,"Pet Ghost":7,"Ring of Searing":2,"Dream Catcher":9,"hubris:CuriousFeather":4,"Red Mask":19,"hermit:Horseshoe":12,"ReplayTheSpireMod:Lightbulb":14,"hermit:Momento":0},{"halation:BlackBeret":12,"Regal Pillow":5,"Pear":15,"hubris:VirtuousBlindfold":9,"reliquary:RosewoodLute":4,"Frozen Egg 2":6,"hubris:Towel":15,"halation:StarCompass":15,"Pet Ghost":15,"Ring of Searing":1,"Dream Catcher":4,"hubris:CuriousFeather":15,"Red Mask":11,"hermit:Horseshoe":16,"ReplayTheSpireMod:Lightbulb":17,"hermit:Momento":0},{"halation:BlackBeret":54,"Regal Pillow":25,"Pear":63,"hubris:VirtuousBlindfold":39,"reliquary:RosewoodLute":19,"Frozen Egg 2":29,"hubris:Towel":63,"halation:StarCompass":63,"Pet Ghost":63,"Ring of Searing":4,"Dream Catcher":19,"hubris:CuriousFeather":63,"Red Mask":52,"hermit:Horseshoe":75,"ReplayTheSpireMod:Lightbulb":79,"hermit:Momento":0}]},"card_choices":[{"not_picked":["hermit:TrackingShot","hermit:ItchyTrigger"],"picked":"hermit:Misfire","floor":1},{"not_picked":["hermit:ItchyTrigger","hermit:Desperado"],"picked":"hermit:Feint","floor":2},{"not_picked":["hermit:HighCaliber","hermit:Coalescence"],"picked":"hermit:LoneWolf","floor":3},{"not_picked":["hermit:Desperado","hermit:ItchyTrigger"],"picked":"hermit:CalledShot","floor":12},{"not_picked":["hermit:Determination","hermit:CalledShot"],"picked":"hermit:RoundhouseKick","floor":13}],"player_experience":128905,"relics_obtained":[{"floor":4,"key":"hubris:CuriousFeather"},{"floor":7,"key":"Pet Ghost"},{"floor":9,"key":"Pear"},{"floor":12,"key":"hermit:Horseshoe"}],"event_choices":[],"is_beta":false,"boss_relics":[],"items_purged_floors":[],"is_endless":false,"potions_floor_spawned":[2,3],"killed_by":"Hexaghost","ascension_level":0}}