{"host":"vyrim7c8c6ucsmzk","time":1613427796,"event":{"mods":["BaseMod","Colored Map","Downfall","Minty Spire (QoL Compilation)","StSLib"],"gold_per_floor":[199,211,223,223,133,160,160,110,126,126,126,62,81,29,39,39,39,39],"floor_reached":16,"language":"ENG","playtime":1489,"items_purged":["champ:Defend"],"score":105,"play_id":"43a88f38-d34c-484c-b832-67d837f37f81","local_time":"20210215172316","is_ascension_mode":true,"campfire_choices":[{"data":"champ:Taunt","floor":1.0,"key":"SMITH"},{"data":"champ:IronFortress","floor":11,"key":"SMITH"}],"circlet_count":0,"master_deck":["champ:Strike","champ:Strike","champ:Strike","champ:Strike","champ:Defend","champ:Defend","champ:Defend","champ:Execute","champ:Taunt+1","champ:FaceSlap+1","champ:AdrenalArmor","champ:Backstep","champ:StanceDance","champ:IronFortress+1","champ:BerserkerStyle","champ:StanceDance","champ:FanOfKnives","champ:AdrenalArmor","champ:ArenaPreparation","champ:EndlessRage"],"relics":["champ:ChampionCrown","Centennial Puzzle","Toy Ornithopter"],"acts_visited":["Exordium"],"potions_floor_usage":[16],"damage_taken":[{"damage":20.0,"enemies":"Small Slimes","floor":2.0,"turns":4.0},{"damage":11.0,"enemies":"Cultist","floor":3.0,"turns":4.0},{"damage":20,"enemies":"downfall:FleeingMerchant","floor":5,"turns":4},{"damage":49,"enemies":"Gremlin Nob","floor":6,"turns":4},{"damage":25,"enemies":"downfall:FleeingMerchant","floor":8,"turns":4},{"damage":21,"enemies":"Jaw Worm","floor":9,"turns":3},{"damage":10,"enemies":"downfall:FleeingMerchant","floor":12,"turns":4},{"damage":41,"enemies":"Large Slime","floor":13,"turns":5},{"damage":39,"enemies":"downfall:FleeingMerchant","floor":14,"turns":4},{"damage":52,"enemies":"Exordium Thugs","floor":15,"turns":4},{"damage":70,"enemies":"WA_ARCHETYPE_RETAIN","floor":16,"turns":4}],"seed_played":"-481239152963461429","potions_obtained":[{"floor":9,"key":"Ancient Potion"},{"floor":13,"key":"Block Potion"},{"floor":15,"key":"Swift Potion"}],"is_trial":false,"path_per_floor":["R","M","M","?","$","E","T","$","M","?","R","$","M","$","M","B"],"character_chosen":"THE_CHAMP","items_purchased":["champ:BerserkerStyle","champ:AdrenalArmor","champ:EndlessRage"],"campfire_rested":0,"item_purchase_floors":[8,12,14],"current_hp_per_floor":[90,90,89,89,89,70,70,70,70,70,70,70,54,53,53,0,0,0],"gold":39,"neow_bonus":"HUNDRED_GOLD","is_daily":false,"chose_seed":false,"campfire_upgraded":2,"win_rate":0.0,"timestamp":1613427796,"path_taken":["R","M","M","?","$","E","T","?","?","?","R","$","M","?","M","BOSS"],"items_purchased_type":["Card","Card","Card"],"build_version":"2020-12-22","purchased_purges":1,"victory":false,"max_hp_per_floor":[90,90,90,90,90,90,90,90,90,90,90,90,90,90,90,90,90,90],"card_choices":[{"not_picked":["champ:Circumvent","champ:RecklessLeap"],"picked":"champ:FaceSlap","floor":2.0},{"not_picked":["champ:RapidStrikes","champ:ViciousMockery"],"picked":"champ:AdrenalArmor","floor":3.0},{"not_picked":["champ:HeartStrike","champ:FlashCut"],"picked":"champ:Backstep","floor":5},{"not_picked":["champ:Parry","champ:Duel"],"picked":"champ:StanceDance","floor":6},{"not_picked":["champ:FocusedDefense","champ:GladiatorStyle"],"picked":"champ:IronFortress","floor":8},{"not_picked":["champ:SetATrap","champ:DancingMaster"],"picked":"champ:StanceDance","floor":9},{"not_picked":["champ:ViciousMockery","champ:Circumvent"],"picked":"champ:FanOfKnives","floor":12},{"not_picked":["champ:Backstep","champ:FlashCut"],"picked":"champ:ArenaPreparation","floor":13},{"not_picked":["champ:DefensiveShout","champ:UltimateStance","champ:GladiatorStyle"],"picked":"SKIP","floor":14},{"not_picked":["champ:EnragedBash","champ:CrownThrow","champ:RapidStrikes"],"picked":"SKIP","floor":15}],"player_experience":1400423,"relics_obtained":[{"floor":6,"key":"Centennial Puzzle"},{"floor":7,"key":"Toy Ornithopter"}],"event_choices":[],"is_beta":false,"boss_relics":[],"items_purged_floors":[5],"is_endless":false,"potions_floor_spawned":[9,13,15],"killed_by":"WA_ARCHETYPE_RETAIN","ascension_level":1}}