{"host":"ee5exjejqz6r5zx9","time":1613411181,"event":{"mods":["ATMod(阿瑾Mod)","Act Like it!","BaseMod","Card Forge","Colored Powertips","Custom Start","Gensokyo","HololiveMod","Minty Spire (QoL Compilation)","MostiFishMod","Quick Restart","Rare Cards Sparkle","Relic Filter Mod","Remove Card Discount Mod","Replay The Spire","RumiaBox-露米娅的神秘盒子","Shop Mod","StSLib","TestMod","【功能Mod】混沌之环修复补丁","【遗物卡牌】REMEMod"],"gold_per_floor":[119,119,133,1984,1996,2030,2030,2048,2075,2104,2104,2139,2159,2159,2159,2288,2288,2309,2309,2144,2169,2086,2137,2137,2173,2249,2293,2293,2337,2357,2357,2357],"floor_reached":31,"language":"ZHS","playtime":1231,"items_purged":["Dagger Spray"],"score":1262,"play_id":"067fb6a6-9fb4-4d74-80ec-6f76fb221eb4","local_time":"20210216014621","is_ascension_mode":true,"campfire_choices":[{"floor":11,"key":"RECALL"},{"floor":15,"key":"REST"}],"circlet_count":0,"master_deck":["AscendersBane","Survivor+1","Neutralize+1","AT_KingSlayer+1","Backflip+1","Acrobatics+1","Acrobatics+1","Tactician+1","Reprogram+1","Limit Break+1","Blur+1","Well Laid Plans+1"],"relics":["Hammer of Thor","Seething Fire","Anvil of the Gods","testmod-TestBox","REME_ComplimentaryCards","AT_ATBox","testmod-DeterminationOfClimber","OneHitWonderSystem","SoulBox","SynthV:TestCard","MetatronsCube","Shuriken","Happy Flower","Bag of Marbles","DaveBox","DaCapo","GodSword5","Golden Idol","Runic Pyramid","Membership Card","Orrery","Juzu Bracelet","Replay:Mystery Machine","Iron Hammer","testmod-InjuryResistance","Mirror","Paper Crane"],"acts_visited":["Exordium","TheCity"],"potions_floor_usage":[16],"damage_taken":[{"damage":0.0,"enemies":"2 Louse","floor":1.0,"turns":4.0},{"damage":0.0,"enemies":"Small Slimes","floor":3.0,"turns":3.0},{"damage":0.0,"enemies":"Jaw Worm","floor":5.0,"turns":2.0},{"damage":0.0,"enemies":"Lagavulin","floor":6.0,"turns":3.0},{"damage":0.0,"enemies":"Large Slime","floor":8.0,"turns":2.0},{"damage":0,"enemies":"3 Sentries","floor":10,"turns":4},{"damage":0,"enemies":"Gremlin Nob","floor":12,"turns":1},{"damage":0,"enemies":"Lots of Slimes","floor":13,"turns":2},{"damage":0,"enemies":"The Guardian","floor":16,"turns":1},{"damage":0,"enemies":"2 Thieves","floor":18,"turns":2},{"damage":0,"enemies":"Spheric Guardian","floor":21,"turns":1},{"damage":0,"enemies":"Slavers","floor":23,"turns":1},{"damage":0,"enemies":"Gremlin Leader","floor":25,"turns":1},{"damage":0,"enemies":"Slavers","floor":27,"turns":1},{"damage":0,"enemies":"Gremlin Leader","floor":29,"turns":1},{"damage":0,"enemies":"Snake Plant","floor":30,"turns":1}],"seed_played":"3908328463765015371","potions_obtained":[{"floor":3.0,"key":"GhostInAJar"},{"floor":5.0,"key":"Explosive Potion"},{"floor":10,"key":"REME_GoldPotion"},{"floor":16,"key":"PowerPotion"}],"is_trial":false,"path_per_floor":["M","?","M","$","M","E","?","M","T","E","R","E","M","?","R","B",null,"M","?","$","M","$","E","?","E","T","E","?","E","M","?"],"character_chosen":"THE_SILENT","items_purchased":["Dagger Spray","Acrobatics","MetatronsCube","Shuriken","Happy Flower","Membership Card","Orrery"],"campfire_rested":1,"item_purchase_floors":[4,4,4,4,4,20,22],"current_hp_per_floor":[1,1,1,1,1,1,1,1,1,1,1,1,1,1,1,1,1,1,6,1,1,1,1,1,1,1,1,1,1,1,0,0],"gold":2357,"neow_bonus":"BOSS_RELIC","is_daily":false,"chose_seed":false,"campfire_upgraded":0,"win_rate":0.0,"timestamp":1613411181,"path_taken":["M","?","M","$","M","E","?","M","T","E","R","E","M","?","R","BOSS","M","?","$","M","$","E","?","E","T","E","?","E","M","?"],"items_purchased_type":["Card","Card","Relic","Relic","Relic","Relic","Relic"],"build_version":"2020-12-22","purchased_purges":1,"victory":false,"max_hp_per_floor":[1,1,1,1,1,1,1,1,1,1,1,1,1,1,1,1,1,1,6,1,1,1,1,1,1,1,1,1,1,1,1,1],"card_choices":[{"not_picked":["MostiFishMod:PerfectParry","Dodge and Roll"],"picked":"Backflip","floor":1.0},{"not_picked":["Blur","AT_KneejerkReflex","Blade Dance","Hidden Blade"],"picked":"Acrobatics","floor":3.0},{"not_picked":["MostiFishMod:PerfectParry","Backflip","Toxin Wave","Underhanded Strike","Quick Slash"],"picked":"SKIP","floor":5.0},{"not_picked":["Underhanded Strike","Riddle With Holes","Poisoned Stab","Dash","Hidden Blade"],"picked":"SKIP","floor":6.0},{"not_picked":["REME_CopyPotion","Prepared","Dagger Throw","Riddle With Holes","MostiFishMod:PerfectParry"],"picked":"SKIP","floor":8},{"not_picked":["Blade Dance","Hidden Blade","Poisoned Stab","Deflect","Flechettes"],"picked":"SKIP","floor":10},{"not_picked":["Slice","Cloak And Dagger","Venomology","Sneak Up","Skewer"],"picked":"SKIP","floor":12},{"not_picked":["ReplayTheSpireMod:Tripwire","Fluid Movement","MostiFishMod:ThornCasing","Acrobatics","Bane"],"picked":"SKIP","floor":13},{"not_picked":["Backflip","AT_TwilightShroud","Eviscerate","Dagger Spray","PiercingWail"],"picked":"SKIP","floor":18},{"not_picked":["MostiFishMod:InvigoratingSolution","Underhanded Strike+1","AT_WindFlip","Poisoned Stab","Outmaneuver"],"picked":"SKIP","floor":21},{"not_picked":["MostiFishMod:PerfectParry","Dagger Throw","Deadly Poison","MostiFishMod:ThornCasing+1"],"picked":"Blur","floor":22},{"not_picked":["Cloak And Dagger+1","REME_SpectralBlade","Bane","Crippling Poison"],"picked":"Well Laid Plans+1","floor":23},{"not_picked":["MostiFishMod:AdrenalineArouse","MostiFishMod:PreservedThorns","REME_GreenPollution","Bane","Quick Slash"],"picked":"SKIP","floor":25},{"not_picked":["Prepared","Deflect","Backflip","AT_WindFlip","Bullet Time"],"picked":"SKIP","floor":27},{"not_picked":["Well Laid Plans","AT_TinkerSharpsword","Prepared","Bane","Sucker Punch"],"picked":"SKIP","floor":29},{"not_picked":["Bane","Hidden Blade","Draining Mist","AT_WindFlip","Deflect"],"picked":"SKIP","floor":30}],"player_experience":448767,"relics_obtained":[{"floor":1.0,"key":"SynthV:TestCard"},{"floor":6.0,"key":"Bag of Marbles"},{"floor":12,"key":"GodSword5"},{"floor":23,"key":"Juzu Bracelet"},{"floor":25,"key":"Replay:Mystery Machine"},{"floor":26,"key":"Iron Hammer"},{"floor":27,"key":"testmod-InjuryResistance"},{"floor":29,"key":"Paper Crane"}],"event_choices":[{"damage_healed":0.0,"max_hp_gain":0.0,"max_hp_loss":0.0,"gold_gain":0.0,"event_name":"给自己的盒子","player_choice":"Swap Relic","floor":7.0,"relics_lost":["DaveBox"],"gold_loss":0.0,"damage_taken":0.0,"relics_obtained":["DaveBox"]},{"damage_healed":0,"gold_gain":0,"player_choice":"Take Damage","damage_taken":0,"relics_obtained":["Golden Idol"],"max_hp_gain":0,"max_hp_loss":0,"event_name":"Golden Idol","floor":14,"gold_loss":0},{"damage_healed":0,"gold_gain":0,"player_choice":"Shed Blood","damage_taken":0,"max_hp_gain":5,"max_hp_loss":0,"event_name":"Forgotten Altar","floor":19,"gold_loss":0},{"damage_healed":0,"gold_gain":0,"player_choice":"Ignored","damage_taken":0,"max_hp_gain":0,"max_hp_loss":0,"event_name":"Ghosts","floor":24,"gold_loss":0},{"damage_healed":0,"gold_gain":0,"player_choice":"Gave Potion","damage_taken":0,"relics_obtained":["Mirror"],"max_hp_gain":0,"max_hp_loss":0,"event_name":"WeMeetAgain","floor":28,"gold_loss":0}],"is_beta":false,"boss_relics":[{"not_picked":["testmod-PortableAltar","Hololive_Finger"],"picked":"Runic Pyramid"}],"items_purged_floors":[4],"is_endless":false,"potions_floor_spawned":[3,5,10,16,18,23,30],"ascension_level":20}}