{"host":"t9vqxmgmtrdkt9v9","time":1613367916,"event":{"mods":["AchievementEnabler","BaseMod","Colored Map","Minty Spire (QoL Compilation)","Permanent Neow","Relic Stats","StSLib"],"gold_per_floor":[118,134,134,152,152,179,74,106,133,153,118,133,32,65,65,139,139,158,168,218,133,133,166,166,197,274,274,274,291,326,345,345,419,419,429,440,440,440],"floor_reached":37,"language":"ENG","playtime":2342,"items_purged":["Pain"],"score":897,"play_id":"0f64d875-94b1-4b49-9588-6dfd88a45110","local_time":"20210215154516","is_ascension_mode":true,"campfire_choices":[{"floor":15.0,"key":"REST"},{"floor":24.0,"key":"REST"},{"floor":27.0,"key":"REST"},{"floor":32.0,"key":"REST"}],"circlet_count":0,"master_deck":["AscendersBane","Bash","Spot Weakness","Armaments","Whirlwind","Shrug It Off","Sword Boomerang","Berserk","Uppercut","Shockwave","Panacea","Barricade","Dark Embrace+1","Berserk+1","Power Through+1","Pommel Strike+1","True Grit","Spot Weakness","Brutality","Panacea","Heavy Blade+1","Burning Pact","Limit Break","Fiend Fire+1","Second Wind","Brutality","Ghostly Armor","Body Slam+1","Disarm"],"relics":["Fusion Hammer","WarpedTongs","Bronze Scales","Ancient Tea Set","Bag of Preparation","Kunai","Astrolabe","Tiny Chest","PreservedInsect","Molten Egg 2","HornCleat","Smiling Mask","Pandora\u0027s Box"],"acts_visited":["Exordium","TheCity","TheBeyond"],"potions_floor_usage":[37],"damage_taken":[{"damage":4.0,"enemies":"Small Slimes","floor":1.0,"turns":4.0},{"damage":1.0,"enemies":"Cultist","floor":2.0,"turns":3.0},{"damage":3.0,"enemies":"Jaw Worm","floor":4.0,"turns":2.0},{"damage":22.0,"enemies":"3 Sentries","floor":6.0,"turns":5.0},{"damage":8.0,"enemies":"Gremlin Nob","floor":8.0,"turns":3.0},{"damage":6.0,"enemies":"Looter","floor":10.0,"turns":2.0},{"damage":0.0,"enemies":"Exordium Wildlife","floor":12.0,"turns":4.0},{"damage":10.0,"enemies":"Lagavulin","floor":14.0,"turns":7.0},{"damage":31.0,"enemies":"The Guardian","floor":16.0,"turns":8.0},{"damage":22.0,"enemies":"Shell Parasite","floor":18.0,"turns":4.0},{"damage":0.0,"enemies":"3 Byrds","floor":19.0,"turns":3.0},{"damage":18.0,"enemies":"Slavers","floor":23.0,"turns":6.0},{"damage":21.0,"enemies":"Gremlin Leader","floor":25.0,"turns":5.0},{"damage":2.0,"enemies":"Centurion and Healer","floor":29.0,"turns":5.0},{"damage":19.0,"enemies":"Book of Stabbing","floor":30.0,"turns":4.0},{"damage":23.0,"enemies":"Shelled Parasite and Fungi","floor":31.0,"turns":5.0},{"damage":10.0,"enemies":"Champ","floor":33.0,"turns":10.0},{"damage":42.0,"enemies":"3 Shapes","floor":35.0,"turns":2.0},{"damage":10.0,"enemies":"Orb Walker","floor":36.0,"turns":3.0},{"damage":16,"enemies":"3 Darklings","floor":37,"turns":3}],"seed_played":"8193347752522594585","potions_obtained":[{"floor":1.0,"key":"SpeedPotion"},{"floor":4.0,"key":"FearPotion"},{"floor":14.0,"key":"EntropicBrew"},{"floor":18.0,"key":"SkillPotion"},{"floor":29.0,"key":"ColorlessPotion"},{"floor":30.0,"key":"EssenceOfSteel"}],"is_trial":false,"path_per_floor":["M","M","?","M","?","E","$","E","T","M","?","M","$","E","R","B",null,"M","M","?","?","?","E","R","E","T","R","?","M","E","M","R","B",null,"M","M","M"],"character_chosen":"IRONCLAD","items_purchased":["Sword Boomerang","Panacea"],"campfire_rested":4,"item_purchase_floors":[7,13],"current_hp_per_floor":[64,63,63,60,60,38,38,30,30,24,42,42,42,32,54,23,62,55,55,55,55,55,37,59,38,38,60,60,58,39,16,38,28,63,21,11,0,0],"gold":440,"neow_bonus":"BOSS_RELIC","is_daily":false,"chose_seed":false,"campfire_upgraded":0,"win_rate":0.0,"timestamp":1613367916,"path_taken":["M","M","?","?","?","E","$","E","T","M","?","M","$","E","R","BOSS","M","M","?","?","?","E","R","E","T","R","?","M","E","M","R","BOSS","M","M","?"],"items_purchased_type":["Card","Card"],"build_version":"2020-12-22","purchased_purges":1,"victory":false,"max_hp_per_floor":[75,75,75,75,75,75,75,75,75,75,75,75,75,75,75,75,75,75,75,75,75,75,75,75,75,75,75,75,75,75,75,75,75,75,75,75,75,75],"relic_stats":{"counters":[20,88],"Bronze Scales":[227],"Astrolabe":["Dark Embrace","Berserk","Power Through"],"Tiny Chest":0,"Pandora\u0027s Box":["Fiend Fire","Second Wind","Brutality","Ghostly Armor","Body Slam","Disarm"],"PreservedInsect":91,"Bag of Preparation":[30],"Kunai":[3],"Smiling Mask":0,"obtain_stats":[{"Astrolabe":17,"PreservedInsect":23,"Bag of Preparation":9,"Ancient Tea Set":8,"Smiling Mask":30,"Burning Blood":0,"WarpedTongs":3,"HornCleat":26,"Bronze Scales":6,"Tiny Chest":21,"Molten Egg 2":25,"Pandora\u0027s Box":34,"Fusion Hammer":0,"Kunai":14},{"Astrolabe":9,"PreservedInsect":12,"Bag of Preparation":5,"Ancient Tea Set":5,"Smiling Mask":15,"Burning Blood":0,"WarpedTongs":2,"HornCleat":13,"Bronze Scales":4,"Tiny Chest":11,"Molten Egg 2":13,"Pandora\u0027s Box":17,"Fusion Hammer":0,"Kunai":8},{"Astrolabe":38,"PreservedInsect":51,"Bag of Preparation":17,"Ancient Tea Set":17,"Smiling Mask":65,"Burning Blood":0,"WarpedTongs":7,"HornCleat":56,"Bronze Scales":14,"Tiny Chest":45,"Molten Egg 2":56,"Pandora\u0027s Box":80,"Fusion Hammer":0,"Kunai":30}],"WarpedTongs":[80]},"card_choices":[{"not_picked":["Thunderclap","Cleave"],"picked":"Spot Weakness","floor":1.0},{"not_picked":["Metallicize","Sword Boomerang"],"picked":"Armaments","floor":2.0},{"not_picked":["Havoc","Clash"],"picked":"Whirlwind","floor":4.0},{"not_picked":["Carnage","Anger"],"picked":"Shrug It Off","floor":6.0},{"not_picked":["Blood for Blood","Shrug It Off"],"picked":"Berserk","floor":8.0},{"not_picked":["Pummel","Hemokinesis"],"picked":"Uppercut","floor":10.0},{"not_picked":["Havoc","Headbutt"],"picked":"Shockwave","floor":12.0},{"not_picked":["Perfected Strike","Second Wind","Havoc"],"picked":"SKIP","floor":14.0},{"not_picked":["Juggernaut","Exhume"],"picked":"Barricade","floor":16.0},{"not_picked":["Heavy Blade","True Grit"],"picked":"Pommel Strike+1","floor":18.0},{"not_picked":["Clash","Havoc"],"picked":"True Grit","floor":19.0},{"not_picked":["Headbutt","Power Through"],"picked":"Spot Weakness","floor":23.0},{"not_picked":["Ghostly Armor","Wild Strike+1"],"picked":"Brutality","floor":25.0},{"not_picked":["Pummel+1","Headbutt+1"],"picked":"Heavy Blade+1","floor":29.0},{"not_picked":["Fire Breathing+1","Blood for Blood+1","Ghostly Armor"],"picked":"SKIP","floor":30.0},{"not_picked":["Infernal Blade","Entrench"],"picked":"Burning Pact","floor":31.0},{"not_picked":["Juggernaut","Double Tap"],"picked":"Limit Break","floor":33.0},{"not_picked":["Searing Blow+1","Wild Strike+1","Intimidate"],"picked":"SKIP","floor":35.0},{"not_picked":["Twin Strike+1","Pommel Strike+1","Cleave+1"],"picked":"SKIP","floor":36.0}],"player_experience":405603,"relics_obtained":[{"floor":6.0,"key":"Bronze Scales"},{"floor":8.0,"key":"Ancient Tea Set"},{"floor":9.0,"key":"Bag of Preparation"},{"floor":14.0,"key":"Kunai"},{"floor":23.0,"key":"PreservedInsect"},{"floor":25.0,"key":"Molten Egg 2"},{"floor":26.0,"key":"HornCleat"},{"floor":30.0,"key":"Smiling Mask"}],"event_choices":[{"damage_healed":0.0,"max_hp_gain":0.0,"max_hp_loss":0.0,"gold_gain":0.0,"event_name":"Accursed Blacksmith","player_choice":"Rummage","floor":3.0,"gold_loss":0.0,"damage_taken":0.0,"relics_obtained":["WarpedTongs"],"cards_obtained":["Pain"]},{"damage_healed":0.0,"max_hp_gain":0.0,"max_hp_loss":0.0,"gold_gain":0.0,"event_name":"Liars Game","player_choice":"Ignored","floor":5.0,"gold_loss":0.0,"damage_taken":0.0},{"damage_healed":18.0,"max_hp_gain":0.0,"max_hp_loss":0.0,"gold_gain":0.0,"event_name":"The Cleric","player_choice":"Healed","floor":11.0,"gold_loss":35.0,"damage_taken":0.0},{"damage_healed":0.0,"max_hp_gain":0.0,"max_hp_loss":0.0,"gold_gain":50.0,"event_name":"Nest","player_choice":"Stole From Cult","floor":20.0,"gold_loss":0.0,"damage_taken":0.0},{"damage_healed":0.0,"max_hp_gain":0.0,"max_hp_loss":0.0,"gold_gain":0.0,"event_name":"Addict","player_choice":"Obtained Relic","floor":21.0,"gold_loss":85.0,"damage_taken":0.0,"relics_obtained":["Tiny Chest"]},{"damage_healed":0.0,"max_hp_gain":0.0,"max_hp_loss":0.0,"gold_gain":0.0,"event_name":"Vampires","player_choice":"Ignored","floor":22.0,"gold_loss":0.0,"damage_taken":0.0},{"damage_healed":0.0,"max_hp_gain":0.0,"max_hp_loss":0.0,"gold_gain":0.0,"event_name":"Duplicator","player_choice":"Copied","floor":28.0,"gold_loss":0.0,"damage_taken":0.0,"cards_obtained":["Panacea"]}],"is_beta":false,"boss_relics":[{"not_picked":["SlaversCollar","Velvet Choker"],"picked":"Astrolabe"},{"not_picked":["Calling Bell","Sozu"],"picked":"Pandora\u0027s Box"}],"items_purged_floors":[7],"is_endless":false,"potions_floor_spawned":[1,4,14,16,18,29,30,33],"killed_by":"3 Darklings","ascension_level":18}}