{"host":"ul3z8ex5o8l5j7mh","time":1613415755,"event":{"mods":["AchievementEnabler","BaseMod","Bestiary","Colored Map","Colored Powertips","DeckTracker","Keyboard Shortcuts","Minty Spire (QoL Compilation)","Relic Sorter","Relic Stats","SuperFastMode"],"gold_per_floor":[114,127,127,52,52,84,95,95,120,139,139,139,158,192,192,192,192],"floor_reached":16,"language":"ENG","playtime":457,"items_purged":["Strike_R"],"score":169,"play_id":"d270e662-bcb7-4abf-accb-54412f53fa2f","local_time":"20210215200235","is_ascension_mode":true,"campfire_choices":[{"data":"Searing Blow+1","floor":8.0,"key":"SMITH"},{"data":"Searing Blow+2","floor":12.0,"key":"SMITH"},{"data":"Searing Blow+3","floor":15,"key":"SMITH"}],"circlet_count":0,"master_deck":["Strike_R","Strike_R","Strike_R","Strike_R","Defend_R","Defend_R","Defend_R","Defend_R","Bash","Clash","Searing Blow+4","Blood for Blood","Sentinel","Regret"],"relics":["Burning Blood","NeowsBlessing","Toy Ornithopter","Gremlin Horn","Art of War","Regal Pillow","Lantern"],"acts_visited":["Exordium"],"potions_floor_usage":[14,14,14],"damage_taken":[{"damage":0.0,"enemies":"Jaw Worm","floor":1.0,"turns":1.0},{"damage":0.0,"enemies":"2 Louse","floor":2.0,"turns":1.0},{"damage":0.0,"enemies":"Lagavulin","floor":6.0,"turns":2.0},{"damage":0.0,"enemies":"Small Slimes","floor":7.0,"turns":2.0},{"damage":0.0,"enemies":"Gremlin Gang","floor":10.0,"turns":1.0},{"damage":12.0,"enemies":"3 Louse","floor":13.0,"turns":3.0},{"damage":34,"enemies":"Gremlin Nob","floor":14,"turns":5},{"damage":65,"enemies":"Slime Boss","floor":16,"turns":10}],"seed_played":"8296253963992028387","potions_obtained":[{"floor":6.0,"key":"SkillPotion"},{"floor":7.0,"key":"Explosive Potion"},{"floor":10.0,"key":"LiquidBronze"},{"floor":13.0,"key":"Strength Potion"}],"is_trial":false,"path_per_floor":["M","M","?","$","?","E","M","R","T","M","?","R","M","E","R","B"],"character_chosen":"IRONCLAD","items_purchased":[],"campfire_rested":0,"item_purchase_floors":[],"current_hp_per_floor":[80,80,62,62,62,68,74,74,74,80,80,80,74,61,61,0,0],"gold":192,"neow_bonus":"THREE_ENEMY_KILL","is_daily":false,"chose_seed":false,"campfire_upgraded":3,"win_rate":0.0,"timestamp":1613415755,"path_taken":["M","M","?","$","?","E","M","R","T","M","?","R","M","E","R","BOSS"],"items_purchased_type":[],"build_version":"2020-12-22","purchased_purges":1,"victory":false,"max_hp_per_floor":[80,80,80,80,80,80,80,80,80,80,80,80,80,80,80,80,80],"relic_stats":{"Regal Pillow":0,"Gremlin Horn":[8,8],"counters":[8,25],"Art of War":[0],"obtain_stats":[{"Regal Pillow":11,"Lantern":14,"NeowsBlessing":0,"Gremlin Horn":6,"Art of War":9,"Burning Blood":0,"Toy Ornithopter":3},{"Regal Pillow":5,"Lantern":7,"NeowsBlessing":0,"Gremlin Horn":3,"Art of War":4,"Burning Blood":0,"Toy Ornithopter":2},{"Regal Pillow":7,"Lantern":15,"NeowsBlessing":0,"Gremlin Horn":4,"Art of War":6,"Burning Blood":0,"Toy Ornithopter":2}],"Burning Blood":25,"Toy Ornithopter":20},"card_choices":[{"not_picked":["Pummel","Flame Barrier"],"picked":"Clash","floor":1.0},{"not_picked":["Headbutt","Armaments"],"picked":"Searing Blow","floor":2.0},{"not_picked":["Sever Soul","Perfected Strike"],"picked":"Blood for Blood","floor":6.0},{"not_picked":["Warcry","Infernal Blade"],"picked":"Sentinel","floor":7.0},{"not_picked":["Body Slam","Thunderclap","Armaments"],"picked":"SKIP","floor":10.0},{"not_picked":["Iron Wave","Wild Strike","Power Through"],"picked":"SKIP","floor":13.0},{"not_picked":["Perfected Strike","Sword Boomerang","Blood for Blood"],"picked":"SKIP","floor":14}],"player_experience":384238,"relics_obtained":[{"floor":6.0,"key":"Gremlin Horn"},{"floor":9.0,"key":"Art of War"},{"floor":14,"key":"Lantern"}],"event_choices":[{"damage_healed":0.0,"max_hp_gain":0.0,"max_hp_loss":0.0,"gold_gain":0.0,"event_name":"Scrap Ooze","player_choice":"Success","floor":3.0,"gold_loss":0.0,"damage_taken":18.0,"relics_obtained":["Toy Ornithopter"]},{"damage_healed":0.0,"max_hp_gain":0.0,"max_hp_loss":0.0,"gold_gain":0.0,"event_name":"Living Wall","player_choice":"Grow","floor":5.0,"gold_loss":0.0,"damage_taken":0.0,"cards_upgraded":["Searing Blow"]},{"damage_healed":0.0,"max_hp_gain":0.0,"max_hp_loss":0.0,"gold_gain":0.0,"event_name":"Big Fish","player_choice":"Box","floor":11.0,"gold_loss":0.0,"damage_taken":0.0,"relics_obtained":["Regal Pillow"],"cards_obtained":["Regret"]}],"is_beta":false,"boss_relics":[],"items_purged_floors":[4],"is_endless":false,"potions_floor_spawned":[6,7,10,13],"killed_by":"Slime Boss","ascension_level":5}}