{"host":"u0qetpmu4y58k1tf","time":1613389254,"event":{"mods":["100% Spire Juice","AchievementEnabler","Act Like it!","BaseMod","CapriCore","Colored Map","Colored Powertips","Hermit","Koishi","Marisa£¨Ùöéë¡¡Øª×âÞÞ£©","Minty Spire (QoL Compilation)","Quick Restart","Reliquary","Replay The Spire","StSLib","Td1madao Mod","The Bug Knight","The Cursed","The Dragon Tamer","The Gatherer","The Hierophant","The Immortal","The Jungle","The Runesmith","WarShipGirlsR/??á´Ò³R mod"],"gold_per_floor":[114,132,132,152,30,30,59,59,105,133,143,175,188,7,7,108,108,127,127,143,163,181,181,206,206,283,318,330,361,374,177,177,177,177],"floor_reached":33,"language":"KOR","playtime":2249,"items_purged":["Strike_B","Strike_B","Defend_B"],"score":458,"play_id":"ad6babd5-0f40-4620-830a-def80f0bc1ca","local_time":"20210215204054","is_ascension_mode":true,"campfire_choices":[{"data":"Zap","floor":6.0,"key":"SMITH"},{"data":"Dualcast","floor":8.0,"key":"SMITH"},{"floor":15,"key":"REST"},{"data":"Coolheaded","floor":23,"key":"SMITH"},{"floor":32,"key":"REST"}],"circlet_count":0,"master_deck":["Strike_B","Defend_B","Defend_B","Zap+1","Dualcast+1","Blizzard","Skim","Coolheaded+1","ReplayTheSpireMod:Calculation Training","Cold Snap","ReplayTheSpireMod:GoodbyeWorld","Hello World","Echo Form","Leap+1","Turbo+1","Leap+1","Conserve Battery+1","Loop+1","Chill"],"relics":["Cracked Core","NeowsBlessing","reliquary:TuningFork","Dead Branch","Replay:Mystery Machine","Garlic","Orichalcum","Empty Cage","Replay:Bottled Snecko","Blood Vial","WingedGreaves","Kunai"],"acts_visited":["Exordium","Exordium"],"potions_floor_usage":[24,29,33,33],"damage_taken":[{"damage":0.0,"enemies":"Cultist","floor":1.0,"turns":1.0},{"damage":0.0,"enemies":"Jaw Worm","floor":2.0,"turns":1.0},{"damage":0.0,"enemies":"2 Louse","floor":4.0,"turns":1.0},{"damage":36.0,"enemies":"Gremlin Nob","floor":7.0,"turns":4.0},{"damage":10.0,"enemies":"3 Sentries","floor":10.0,"turns":4.0},{"damage":1.0,"enemies":"Blue Slaver","floor":11.0,"turns":3.0},{"damage":12.0,"enemies":"Lagavulin","floor":12.0,"turns":10.0},{"damage":4.0,"enemies":"Looter","floor":13.0,"turns":4.0},{"damage":33,"enemies":"Slime Boss","floor":16,"turns":8},{"damage":7,"enemies":"theJungle:GiantWrat","floor":18,"turns":9},{"damage":7,"enemies":"theJungle:Flameango_and_Byrd","floor":20,"turns":6},{"damage":3,"enemies":"Snake Plant","floor":21,"turns":5},{"damage":0,"enemies":"theJungle:JungleHuntersEncounter","floor":22,"turns":6},{"damage":48,"enemies":"theJungle:2_Phrogs","floor":24,"turns":10},{"damage":52,"enemies":"theJungle:MamaSnecko","floor":27,"turns":8},{"damage":9,"enemies":"theJungle:Snecko_Cultist_And_Trap","floor":28,"turns":6},{"damage":0,"enemies":"theJungle:Cassacara","floor":29,"turns":9},{"damage":4,"enemies":"Snake Plant","floor":30,"turns":5},{"damage":29,"enemies":"theJungle:FunGuy","floor":33,"turns":12}],"seed_played":"-1338945875088054359","potions_obtained":[{"floor":1.0,"key":"Explosive Potion"},{"floor":7.0,"key":"DistilledChaos"},{"floor":11.0,"key":"Ancient Potion"},{"floor":13.0,"key":"Toxic Potion"},{"floor":20,"key":"Ancient Potion"},{"floor":28,"key":"GamblersBrew"},{"floor":29,"key":"SpeedPotion"},{"floor":30,"key":"Fire Potion"}],"is_trial":false,"path_per_floor":["M","M","?","M","$","R","E","R","T","E","M","E","M","$","R","B",null,"M","?","M","M","M","R","E","?","T","E","M","E","M","$","R","B"],"character_chosen":"DEFECT","items_purchased":["Coolheaded","Hello World","Chill"],"campfire_rested":2,"item_purchase_floors":[5,14,31],"current_hp_per_floor":[68,68,68,68,68,68,32,32,32,22,21,9,12,12,34,1,57,57,57,50,54,61,61,20,75,75,23,16,18,16,16,38,11,11],"gold":177,"neow_bonus":"THREE_ENEMY_KILL","is_daily":false,"chose_seed":false,"campfire_upgraded":3,"win_rate":0.0,"timestamp":1613389254,"path_taken":["M","?","?","M","?","R","E","R","T","E","M","E","M","$","R_BF","BOSS","M","?","?","M","M","R","E","?","T","E","?","E","?","?","R","BOSS"],"items_purchased_type":["Card","Card","Card"],"build_version":"2020-12-22","purchased_purges":3,"victory":false,"max_hp_per_floor":[75,75,75,75,75,75,75,75,75,75,75,75,75,75,75,75,75,75,75,75,75,75,75,75,75,75,75,75,75,75,75,75,75,75],"card_choices":[{"not_picked":["Turbo","Go for the Eyes"],"picked":"Blizzard","floor":1.0},{"not_picked":["Turbo","Streamline"],"picked":"Skim","floor":2.0},{"not_picked":["Redo","Steam","Hologram"],"picked":"SKIP","floor":4.0},{"not_picked":["Gash","Creative AI"],"picked":"ReplayTheSpireMod:Calculation Training","floor":7.0},{"not_picked":["Storm","Go for the Eyes"],"picked":"Cold Snap","floor":10.0},{"not_picked":["Ball Lightning","Loop"],"picked":"ReplayTheSpireMod:GoodbyeWorld","floor":11.0},{"not_picked":["BasicCrystalCard","Go for the Eyes"],"picked":"Self Repair","floor":12.0},{"not_picked":["Rebound","Redo","Compile Driver"],"picked":"SKIP","floor":13.0},{"not_picked":["Amplify","Machine Learning"],"picked":"Echo Form","floor":16},{"not_picked":["FIFO Queue","Self Repair+1"],"picked":"Leap+1","floor":18},{"not_picked":["Barrage","Fusion","Stack"],"picked":"SKIP","floor":20},{"not_picked":["Steam","Stack"],"picked":"Turbo+1","floor":21},{"not_picked":["Coolheaded","Panic Button","Turbo"],"picked":"SKIP","floor":22},{"not_picked":["Multi-Cast","Static Discharge"],"picked":"Leap+1","floor":24},{"not_picked":["Doom and Gloom","Lockon+1"],"picked":"Conserve Battery+1","floor":27},{"not_picked":["Hello World","Stack"],"picked":"Loop+1","floor":28},{"not_picked":["Rebound","ReplayTheSpireMod:System Scan","Beam Cell"],"picked":"SKIP","floor":29},{"not_picked":["Auto Shields+1","Cold Snap","Compile Driver+1"],"picked":"SKIP","floor":30}],"player_experience":158405,"relics_obtained":[{"floor":7.0,"key":"Dead Branch"},{"floor":9.0,"key":"Replay:Mystery Machine"},{"floor":10.0,"key":"Garlic"},{"floor":12.0,"key":"Orichalcum"},{"floor":19,"key":"Replay:Bottled Snecko"},{"floor":24,"key":"Blood Vial"},{"floor":27,"key":"WingedGreaves"},{"floor":29,"key":"Kunai"}],"event_choices":[{"damage_healed":0.0,"max_hp_gain":0.0,"max_hp_loss":0.0,"gold_gain":0.0,"event_name":"WeMeetAgain","player_choice":"Gave Potion","floor":3.0,"gold_loss":0.0,"damage_taken":0.0,"relics_obtained":["reliquary:TuningFork"]},{"damage_healed":0,"gold_gain":0,"player_choice":"Relic","damage_taken":0,"max_hp_gain":0,"max_hp_loss":0,"event_name":"Wheel of Change","floor":19,"gold_loss":0},{"cards_removed":["Self Repair"],"damage_healed":55,"gold_gain":0,"player_choice":"Offered Uncommon","damage_taken":0,"max_hp_gain":0,"max_hp_loss":0,"event_name":"Bonfire Elementals","floor":25,"gold_loss":0}],"is_beta":false,"boss_relics":[{"not_picked":["Abe\u0027s Treasure","Painkiller Herb"],"picked":"Empty Cage"}],"items_purged_floors":[5,14,31],"is_endless":false,"potions_floor_spawned":[1,7,11,13,20,28,29,30],"killed_by":"theJungle:FunGuy","ascension_level":6}}