{"host":"y0i0tbisecj7yjyn","time":1613371273,"event":{"mods":["AchievementEnabler","AlwaysNeverKeys","BaseMod","BetterRewards","Colored Map","Colored Powertips","Curses Come First","Disable Question Mark Monsters","Displayed Cursed Tome","Highlight Path","Keyboard Shortcuts","Minty Spire (QoL Compilation)","Quick Restart","Random Character Button","Rare Cards Sparkle","StSLib","SuperFastMode","Transform Curses","Weighted Paths"],"gold_per_floor":[213,213,223,96,96,96,73,99,99,99,119,119,129,154,154,252,252,268,268,285,82,82,82],"floor_reached":22,"language":"ENG","playtime":1068,"items_purged":["Tools of the Trade"],"score":211,"play_id":"5640d5b2-5d0a-401a-bf10-3d9478787e6d","local_time":"20210215004113","is_ascension_mode":true,"campfire_choices":[{"data":"Finisher","floor":6,"key":"SMITH"},{"floor":12,"key":"REST"},{"floor":15,"key":"REST"}],"circlet_count":0,"master_deck":["Strike_G","Strike_G","Strike_G","Strike_G","Strike_G","Defend_G","Defend_G","Defend_G","Defend_G","Survivor","Neutralize","Finisher+1","Setup","Underhanded Strike","Regret","Cloak And Dagger","Dodge and Roll","Outmaneuver","Cloak And Dagger","Bullet Time+1","A Thousand Cuts+1","CurseOfTheBell","Heel Hook+1","PiercingWail+1","Cloak And Dagger"],"relics":["Ring of the Snake","Matryoshka","Ice Cream","Paper Crane","Ancient Tea Set","Frozen Egg 2","Calling Bell","Art of War","White Beast Statue","TungstenRod","Anchor"],"acts_visited":["Exordium","TheCity"],"potions_floor_usage":[14,16,16,20],"damage_taken":[{"damage":0,"enemies":"2 Louse","floor":1,"turns":5},{"damage":9,"enemies":"Jaw Worm","floor":3,"turns":2},{"damage":32,"enemies":"Lagavulin","floor":8,"turns":9},{"damage":6,"enemies":"Cultist","floor":11,"turns":5},{"damage":5,"enemies":"2 Fungi Beasts","floor":13,"turns":5},{"damage":10,"enemies":"Gremlin Nob","floor":14,"turns":3},{"damage":37,"enemies":"The Guardian","floor":16,"turns":13},{"damage":23,"enemies":"Spheric Guardian","floor":18,"turns":5},{"damage":25,"enemies":"Chosen","floor":20,"turns":6},{"damage":54,"enemies":"Snecko","floor":22,"turns":7}],"seed_played":"-8661527899342727007","potions_obtained":[{"floor":1,"key":"AttackPotion"},{"floor":11,"key":"CunningPotion"},{"floor":13,"key":"Strength Potion"},{"floor":18,"key":"ColorlessPotion"},{"floor":20,"key":"FairyPotion"}],"is_trial":false,"path_per_floor":["M","?","M","$","?","R","$","E","T","$","M","R","M","E","R","B",null,"M","?","M","$","M"],"character_chosen":"THE_SILENT","items_purchased":["Underhanded Strike","Cloak And Dagger","Anchor","Cloak And Dagger"],"campfire_rested":2,"item_purchase_floors":[4,7,21,21],"current_hp_per_floor":[70,70,61,61,61,61,61,29,29,29,23,44,39,29,50,13,70,47,47,22,22,0,0],"gold":82,"neow_bonus":"HUNDRED_GOLD","is_daily":false,"chose_seed":false,"campfire_upgraded":1,"win_rate":0.0,"timestamp":1613371273,"path_taken":["M","?","M","$","?","R","$","E","T","?","?","R","M","E","R","BOSS","M","?","M","?","?"],"items_purchased_type":["Card","Card","Relic","Card"],"build_version":"2020-12-22","purchased_purges":1,"victory":false,"max_hp_per_floor":[70,70,70,70,70,70,70,70,70,70,70,70,70,70,70,70,70,70,70,70,70,70,70],"card_choices":[{"not_picked":["Dash","Dagger Throw"],"picked":"Finisher","floor":1},{"not_picked":["Acrobatics","Deflect"],"picked":"Setup","floor":3},{"not_picked":["Setup","Flechettes"],"picked":"Dodge and Roll","floor":8},{"not_picked":["Noxious Fumes","Flechettes"],"picked":"Outmaneuver","floor":11},{"not_picked":["Outmaneuver","Sucker Punch"],"picked":"Cloak And Dagger","floor":13},{"not_picked":["Cloak And Dagger","Acrobatics"],"picked":"Bullet Time","floor":14},{"not_picked":["Malaise","Storm of Steel"],"picked":"A Thousand Cuts+1","floor":16},{"not_picked":["Well Laid Plans+1","Catalyst+1"],"picked":"Heel Hook+1","floor":18},{"not_picked":["Poisoned Stab+1","Masterful Stab"],"picked":"PiercingWail+1","floor":20}],"player_experience":464303,"relics_obtained":[{"floor":8,"key":"Ice Cream"},{"floor":9,"key":"Paper Crane"},{"floor":9,"key":"Ancient Tea Set"},{"floor":14,"key":"Frozen Egg 2"},{"floor":17,"key":"Art of War"},{"floor":17,"key":"White Beast Statue"},{"floor":17,"key":"TungstenRod"}],"event_choices":[{"damage_healed":0,"gold_gain":0,"cards_transformed":["Defend_G"],"player_choice":"Change","damage_taken":0,"max_hp_gain":0,"max_hp_loss":0,"event_name":"Living Wall","floor":2,"gold_loss":0,"cards_obtained":["Tools of the Trade"]},{"damage_healed":0,"gold_gain":0,"player_choice":"Box","damage_taken":0,"relics_obtained":["Matryoshka"],"max_hp_gain":0,"max_hp_loss":0,"event_name":"Big Fish","floor":5,"gold_loss":0,"cards_obtained":["Regret"]},{"damage_healed":0,"gold_gain":0,"player_choice":"Upgraded","damage_taken":0,"max_hp_gain":0,"max_hp_loss":0,"event_name":"Upgrade Shrine","floor":19,"gold_loss":0,"cards_upgraded":["Bullet Time"]}],"is_beta":false,"boss_relics":[{"not_picked":["SlaversCollar","Tiny House"],"picked":"Calling Bell"}],"items_purged_floors":[4],"is_endless":false,"potions_floor_spawned":[1,11,13,18,20],"killed_by":"Snecko","ascension_level":2}}