{"host":"ks2i9crt9nqqkbsp","time":1613384079,"event":{"mods":["100% Spire Juice","BaseMod","BetterRewards","Card Forge","Highlight Path","Marisa（F雨　魔理沙）","Minty Spire (QoL Compilation)","Red Circlet Mod","Reliquary","Shop Mod","Spicy Shops","StSLib","Uncapped","WarShipGirlsR/战舰少女R mod","残留之物","篝火指南"],"gold_per_floor":[131,131,176,214,251,288,314,314,338,378,431,431,481,516,516,642,642,682,682,723,766,783,838,838,873,873,96,147,147,192,231,231,361,361,404,443,443,513,555,610,327,362,387,439,514,550,612,662,736,736,736,258,62,120,120],"floor_reached":56,"language":"ZHS","playtime":7893,"items_purged":[],"score":1480,"play_id":"f9077f99-dc14-448d-b757-31bc67f7c346","local_time":"20210215181439","is_ascension_mode":false,"campfire_choices":[{"data":"PlaceholderMod:HardStrike","floor":8.0,"key":"SMITH"},{"floor":12.0,"key":"REST"},{"data":"PlaceholderMod:Eat","floor":15.0,"key":"SMITH"},{"floor":24.0,"key":"RECALL"},{"floor":32,"key":"REST"}],"circlet_count":0,"master_deck":["PlaceholderMod:Crystal+1","WitchOfGreed+1","TreasureHunter+1","EarthLightRay+1","PlaceholderMod:EvolutionSpray+1","PlaceholderMod:DiffusionPoison+1","PlaceholderMod:SelectReaction+1","PlaceholderMod:PoisonAbsorb+1","PlaceholderMod:Eat+1","PlaceholderMod:DiffusionPoison+1","PlaceholderMod:SelfCoupling+1","PlaceholderMod:Corrosion+1","PlaceholderMod:NearChange+1","PlaceholderMod:Colorful+1","PlaceholderMod:Hyperplasia+1","PlaceholderMod:Stable+1","PlaceholderMod:Package+1","PlaceholderMod:Crystallization+1","PlaceholderMod:NearChange+1","PlaceholderMod:EnergyAbsorb+1","Brutality+1","Moonworks:CrystalBarrier+1","Madness+1","Madness+1","PlaceholderMod:TriggerStrike+1","PlaceholderMod:GrowthForm+1","PlaceholderMod:HardStrike+1","PlaceholderMod:EnergyAbsorb+1"],"relics":["PlaceholderMod:Tancle","Hammer of Thor","Seething Fire","Anvil of the Gods","reliquary:SilkGlove","Akabeko","Black Star","reliquary:WeakTea","Blood Vial","Sundial","OrangePellets","reliquary:PartyBalloon","MerchantsRug","reliquary:Firecrackers","reliquary:SharkskinSheath","Philosopher\u0027s Stone","CatCart","Ancient Tea Set","PlaceholderMod:FlatBlood","ClockworkSouvenir","Vajra","PreservedInsect","reliquary:Aerogel","Pen Nib","Kunai","Lantern","reliquary:RosewoodLute","PlaceholderMod:DeVermisMysteriis","Toolbox","HandDrill","Mummified Hand","reliquary:Boomerang","reliquary:FerryPass","Happy Flower"],"acts_visited":["Exordium","TheCity","TheBeyond","TheEnding"],"potions_floor_usage":[38,38,40,41,44,47,55,55,55],"damage_taken":[{"damage":8.0,"enemies":"Jaw Worm","floor":1.0,"turns":6.0},{"damage":4.0,"enemies":"Cultist","floor":3.0,"turns":5.0},{"damage":0.0,"enemies":"2 Louse","floor":4.0,"turns":4.0},{"damage":25.0,"enemies":"Exordium Thugs","floor":5.0,"turns":7.0},{"damage":0.0,"enemies":"Large Slime","floor":6.0,"turns":6.0},{"damage":20.0,"enemies":"3 Sentries","floor":7.0,"turns":16.0},{"damage":8.0,"enemies":"Looter","floor":10.0,"turns":4.0},{"damage":25.0,"enemies":"Gremlin Nob","floor":11.0,"turns":4.0},{"damage":18.0,"enemies":"Lagavulin","floor":13.0,"turns":7.0},{"damage":0.0,"enemies":"Blue Slaver","floor":14.0,"turns":3.0},{"damage":34.0,"enemies":"Slime Boss","floor":16.0,"turns":7.0},{"damage":3.0,"enemies":"3 Byrds","floor":18.0,"turns":4.0},{"damage":0.0,"enemies":"Chosen","floor":20.0,"turns":3.0},{"damage":23.0,"enemies":"Centurion and Healer","floor":21.0,"turns":5.0},{"damage":0.0,"enemies":"Snake Plant","floor":22.0,"turns":2.0},{"damage":35.0,"enemies":"Slavers","floor":23.0,"turns":5.0},{"damage":5,"enemies":"3 Cultists","floor":25,"turns":3},{"damage":0,"enemies":"Gremlin Leader","floor":28,"turns":5},{"damage":1,"enemies":"Chosen and Byrds","floor":30,"turns":4},{"damage":8,"enemies":"Centurion and Healer","floor":31,"turns":5},{"damage":23,"enemies":"Champ","floor":33,"turns":8},{"damage":6,"enemies":"3 Shapes","floor":35,"turns":3},{"damage":20,"enemies":"3 Darklings","floor":36,"turns":3},{"damage":3,"enemies":"Orin","floor":38,"turns":4},{"damage":12,"enemies":"Sphere and 2 Shapes","floor":39,"turns":3},{"damage":13,"enemies":"Nemesis","floor":40,"turns":5},{"damage":6,"enemies":"Transient","floor":42,"turns":5},{"damage":5,"enemies":"Reptomancer","floor":44,"turns":2},{"damage":30,"enemies":"Mind Bloom Boss Battle","floor":45,"turns":3},{"damage":25,"enemies":"3 Darklings","floor":46,"turns":3},{"damage":4,"enemies":"Nemesis","floor":47,"turns":5},{"damage":4,"enemies":"Jaw Worm Horde","floor":48,"turns":3},{"damage":12,"enemies":"Awakened One","floor":50,"turns":6},{"damage":1,"enemies":"Shield and Spear","floor":54,"turns":2},{"damage":54,"enemies":"The Heart","floor":55,"turns":6}],"seed_played":"-5804376463554059194","potions_obtained":[{"floor":1.0,"key":"FearPotion"},{"floor":1.0,"key":"BlessingOfTheForge"},{"floor":3.0,"key":"SpeedPotion"},{"floor":4.0,"key":"Strength Potion"},{"floor":5.0,"key":"SmokeBomb"},{"floor":6.0,"key":"SpeedPotion"},{"floor":6.0,"key":"Block Potion"},{"floor":7.0,"key":"GamblersBrew"},{"floor":11.0,"key":"EssenceOfSteel"},{"floor":13.0,"key":"Dexterity Potion"},{"floor":13.0,"key":"PlaceholderMod:PlaceholderPotion"},{"floor":14.0,"key":"SteroidPotion"},{"floor":16.0,"key":"Dexterity Potion"},{"floor":18.0,"key":"LiquidBronze"},{"floor":18.0,"key":"EssenceOfSteel"},{"floor":20.0,"key":"SteroidPotion"},{"floor":20.0,"key":"EntropicBrew"},{"floor":21.0,"key":"FearPotion"},{"floor":25,"key":"AttackPotion"},{"floor":25,"key":"Dexterity Potion"},{"floor":28,"key":"SneckoOil"},{"floor":30,"key":"Strength Potion"},{"floor":30,"key":"SpeedPotion"},{"floor":31,"key":"Strength Potion"},{"floor":33,"key":"FearPotion"},{"floor":35,"key":"PowerPotion"},{"floor":36,"key":"LiquidMemories"},{"floor":38,"key":"Regen Potion"},{"floor":38,"key":"GamblersBrew"},{"floor":39,"key":"EntropicBrew"},{"floor":40,"key":"Strength Potion"},{"floor":42,"key":"Swift Potion"},{"floor":44,"key":"Explosive Potion"},{"floor":45,"key":"BlessingOfTheForge"},{"floor":45,"key":"Weak Potion"},{"floor":46,"key":"GamblersBrew"},{"floor":47,"key":"LiquidMemories"},{"floor":48,"key":"ColorlessPotion"},{"floor":54,"key":"Weak Potion"},{"floor":54,"key":"Explosive Potion"}],"is_trial":false,"path_per_floor":["M","?","M","M","M","M","E","R","T","M","E","R","E","M","R","B",null,"M","?","M","M","M","E","R","M","T","$","E","?","M","M","R","B",null,"M","M","?","?","M","E","R","M","T","E","?","M","E","M","R","B",null,"R","$","E","B",null],"character_chosen":"THE_PLACEHOLDER","items_purchased":["PlaceholderMod:Package+1","PlaceholderMod:Crystallization+1","PlaceholderMod:NearChange+1","OrangePellets","reliquary:PartyBalloon","PrismaticShard","MerchantsRug","Ancient Tea Set","PlaceholderMod:FlatBlood","ClockworkSouvenir","Vajra","Lantern","reliquary:RosewoodLute","PlaceholderMod:DeVermisMysteriis","Strawberry","Toolbox","HandDrill","Mummified Hand","reliquary:Boomerang"],"campfire_rested":2,"item_purchase_floors":[27,27,27,27,27,27,27,41,41,41,41,49,49,52,52,52,52,53,53],"current_hp_per_floor":[77,85,81,85,64,68,52,52,52,48,27,52,44,48,48,26,85,85,85,85,73,85,56,56,65,65,65,79,63,76,82,90,79,90,90,82,71,82,84,89,89,88,88,90,72,55,65,63,63,65,90,97,97,97,55],"gold":120,"neow_bonus":"TEN_PERCENT_HP_BONUS","is_daily":false,"chose_seed":false,"campfire_upgraded":2,"win_rate":0.0,"timestamp":1613384079,"path_taken":["M","?","M","M","M","M","E","R","T","?","E","R","E","M","R","BOSS","M","?","M","M","M","E","R","M","T","?","E","?","M","M","R","BOSS","M","M","?","?","M","E","R","M","T","E","?","M","E","M","R","BOSS","R","$","E","BOSS"],"items_purchased_type":["Card","Card","Card","Relic","Relic","Relic","Relic","Relic","Relic","Relic","Relic","Relic","Relic","Relic","Relic","Relic","Relic","Relic","Relic"],"build_version":"2020-12-22","purchased_purges":0,"victory":true,"max_hp_per_floor":[85,85,85,85,85,85,85,85,85,85,85,85,85,85,85,85,85,85,85,85,85,85,85,85,85,85,85,85,90,90,90,90,90,90,90,90,90,90,90,90,90,90,90,90,90,90,90,90,90,90,90,97,97,97,97],"card_choices":[{"not_picked":["PlaceholderMod:SelectReaction","PlaceholderMod:StressReaction"],"picked":"PlaceholderMod:ComplexForm","floor":1.0},{"not_picked":["PlaceholderMod:ConsolidateHit","PlaceholderMod:ProliferateStrike"],"picked":"PlaceholderMod:HardStrike","floor":3.0},{"not_picked":["PlaceholderMod:ChainPoly","PlaceholderMod:StressReaction"],"picked":"PlaceholderMod:EvolutionSpray","floor":4.0},{"not_picked":["PlaceholderMod:HighConcentration","PlaceholderMod:ChainPoly"],"picked":"PlaceholderMod:DiffusionPoison","floor":5.0},{"not_picked":["PlaceholderMod:Internalization","PlaceholderMod:DissolvingSpikes"],"picked":"PlaceholderMod:SelectReaction","floor":6.0},{"not_picked":["PlaceholderMod:UnpureUse","PlaceholderMod:ParasiteChange"],"picked":"PlaceholderMod:PoisonAbsorb","floor":7.0},{"not_picked":["PlaceholderMod:StrongAcid","PlaceholderMod:SpinBlade"],"picked":"PlaceholderMod:TriggerStrike","floor":10.0},{"not_picked":["PlaceholderMod:EvolutionSpray","PlaceholderMod:HealingAttack"],"picked":"PlaceholderMod:Eat","floor":11.0},{"not_picked":["PlaceholderMod:PoisonExcitation","PlaceholderMod:InnerStable+1"],"picked":"PlaceholderMod:HardStinger+1","floor":13.0},{"not_picked":["PlaceholderMod:HardStrike","PlaceholderMod:UnpureUse"],"picked":"PlaceholderMod:DiffusionPoison","floor":14.0},{"not_picked":["PlaceholderMod:DiffusionPoison","PlaceholderMod:DoublePoint+1"],"picked":"PlaceholderMod:SelfCoupling","floor":16.0},{"not_picked":["PlaceholderMod:Turn+1","PlaceholderMod:SprayAttack+1"],"picked":"PlaceholderMod:Corrosion+1","floor":18.0},{"not_picked":["PlaceholderMod:Turn+1","PlaceholderMod:CrystallizationStrike","PlaceholderMod:SprayAttack"],"picked":"SKIP","floor":20.0},{"not_picked":["PlaceholderMod:Turn+1","PlaceholderMod:PoisonAbsorb+1"],"picked":"PlaceholderMod:Colorful+1","floor":21.0},{"not_picked":["PlaceholderMod:HardStinger+1","PlaceholderMod:TriggerStrike"],"picked":"PlaceholderMod:Hyperplasia+1","floor":22.0},{"not_picked":["PlaceholderMod:UnpureUse+1","PlaceholderMod:AttackAsDefend"],"picked":"PlaceholderMod:Stable+1","floor":23.0},{"not_picked":["PlaceholderMod:StrongAcid+1","PlaceholderMod:SpinBlade"],"picked":"PlaceholderMod:HardStinger+1","floor":25},{"not_picked":["Spot Weakness+1","Expertise+1","Havoc+1"],"picked":"SKIP","floor":28},{"not_picked":["Moonworks:Poppoformation+1","Ball Lightning"],"picked":"PlaceholderMod:EnergyAbsorb+1","floor":30},{"not_picked":["PathToVictory+1","Sweeping Beam"],"picked":"Brutality+1","floor":31},{"not_picked":["Brutality+1","Berserk+1"],"picked":"Moonworks:CrystalBarrier+1","floor":33},{"not_picked":["EmptyBody+1","Heavy Blade","Darkness+1"],"picked":"SKIP","floor":35},{"not_picked":["All Out Attack","Sucker Punch","Rip and Tear+1"],"picked":"SKIP","floor":36},{"not_picked":["SpiritShield+1","Acrobatics+1"],"picked":"PlaceholderMod:TriggerStrike+1","floor":39},{"not_picked":["TreasureHunter","rmod:fletcherpendant","PlaceholderMod:Hyperplasia+1"],"picked":"SKIP","floor":40},{"not_picked":["PlaceholderMod:Hyperplasia+1","PlaceholderMod:UnpureUse+1","PlaceholderMod:Stable+1"],"picked":"SKIP","floor":42},{"not_picked":["PlaceholderMod:DissolvingSpikes+1","PlaceholderMod:DirectingGroup+1","PlaceholderMod:ParasiteChange+1"],"picked":"SKIP","floor":44},{"not_picked":["PlaceholderMod:NutritionAbsorb+1","PlaceholderMod:StrongAcid+1","PlaceholderMod:PoisonAbsorb+1"],"picked":"SKIP","floor":46},{"not_picked":["PlaceholderMod:ChainPoly+1","PlaceholderMod:RadicalHit"],"picked":"PlaceholderMod:GrowthForm+1","floor":47},{"not_picked":["PlaceholderMod:Turn+1","PlaceholderMod:PoisonAbsorb+1"],"picked":"PlaceholderMod:HardStrike","floor":48},{"not_picked":["PlaceholderMod:ComplexForm+1","PlaceholderMod:DirectingGroup+1"],"picked":"PlaceholderMod:EnergyAbsorb+1","floor":54}],"player_experience":500879,"relics_obtained":[{"floor":7.0,"key":"reliquary:TuningFork"},{"floor":7.0,"key":"StrikeDummy"},{"floor":11.0,"key":"reliquary:SilkGlove"},{"floor":13.0,"key":"Akabeko"},{"floor":13.0,"key":"Toxic Egg 2"},{"floor":16.0,"key":"Lizard Tail"},{"floor":23.0,"key":"reliquary:WeakTea"},{"floor":23.0,"key":"Frozen Egg 2"},{"floor":23.0,"key":"Blood Vial"},{"floor":26,"key":"Sundial"},{"floor":28,"key":"reliquary:Firecrackers"},{"floor":28,"key":"Regal Pillow"},{"floor":28,"key":"reliquary:SharkskinSheath"},{"floor":38,"key":"CatCart"},{"floor":40,"key":"Darkstone Periapt"},{"floor":40,"key":"Juzu Bracelet"},{"floor":40,"key":"War Paint"},{"floor":43,"key":"Orichalcum"},{"floor":44,"key":"PreservedInsect"},{"floor":44,"key":"CeramicFish"},{"floor":44,"key":"reliquary:Aerogel"},{"floor":45,"key":"Girya"},{"floor":45,"key":"Du-Vu Doll"},{"floor":47,"key":"Blue Candle"},{"floor":47,"key":"Pen Nib"},{"floor":47,"key":"Kunai"},{"floor":54,"key":"reliquary:FerryPass"},{"floor":54,"key":"Happy Flower"}],"event_choices":[{"damage_healed":8.0,"max_hp_gain":0.0,"max_hp_loss":0.0,"gold_gain":0.0,"event_name":"Wheel of Change","player_choice":"Full Heal","floor":2.0,"gold_loss":0.0,"damage_taken":0.0},{"damage_healed":0.0,"max_hp_gain":0.0,"max_hp_loss":0.0,"gold_gain":0.0,"event_name":"The Library","player_choice":"Read","floor":19.0,"gold_loss":0.0,"damage_taken":0.0,"cards_obtained":["PlaceholderMod:NearChange"]},{"damage_healed":0,"gold_gain":0,"player_choice":"Shed Blood","damage_taken":21,"max_hp_gain":5,"max_hp_loss":0,"event_name":"Forgotten Altar","floor":29,"gold_loss":0},{"damage_healed":0,"gold_gain":0,"player_choice":"Embrace Madness","damage_taken":11,"max_hp_gain":0,"max_hp_loss":0,"event_name":"Winding Halls","floor":37,"gold_loss":0,"cards_obtained":["Madness","Madness"]},{"damage_healed":0,"gold_gain":0,"player_choice":"Fight","damage_taken":0,"max_hp_gain":0,"max_hp_loss":0,"event_name":"OrinTheCat","floor":38,"gold_loss":0},{"damage_healed":0,"gold_gain":0,"player_choice":"Fight","damage_taken":0,"max_hp_gain":0,"max_hp_loss":0,"event_name":"MindBloom","floor":45,"gold_loss":0}],"is_beta":false,"boss_relics":[{"not_picked":["Cursed Key","PlaceholderMod:LiveLive"],"picked":"Black Star"},{"not_picked":["Calling Bell","SacredBark"],"picked":"Philosopher\u0027s Stone"}],"items_purged_floors":[],"is_endless":false,"potions_floor_spawned":[1,5,6,7,11,13,18,20,25,30,31,36,38,45,46,48,54],"ascension_level":0}}