{"host":"3r9u2c9oj5ro3nbj","time":1613387921,"event":{"mods":["BaseMod","Minty Spire (QoL Compilation)","The Druid","The Servant 0.9.4"],"gold_per_floor":[113,188,200,200,216,259,259,292,317,317,317,317,341,356,356,482,482,495,495,495,495,495,533,533,533],"floor_reached":24,"language":"ENG","playtime":485,"items_purged":[],"score":344,"play_id":"07f5b14c-8bf2-44db-a9bd-1ad8cfb7586a","local_time":"20210215111841","is_ascension_mode":true,"campfire_choices":[{"floor":7,"key":"REST"},{"floor":10,"key":"REST"},{"floor":12,"key":"REST"},{"floor":15,"key":"REST"}],"circlet_count":0,"master_deck":["AscendersBane","Strike_R","Strike_R+1","Strike_R","Strike_R+1","Strike_R","Defend_R","Defend_R","Defend_R","Defend_R","Bash","Armaments","Cleave","Second Wind","Perfected Strike","Demon Form","Bash","Searing Blow","Heavy Blade","Disarm","Berserk","Ghostly Armor+1","Pain","Shame","Headbutt+1"],"relics":["Burning Blood","NeowsBlessing","Golden Idol","Tiny Chest","Whetstone","Cursed Key","Centennial Puzzle","Pear","Letter Opener","PreservedInsect"],"acts_visited":["Exordium","TheCity"],"potions_floor_usage":[6,8,16,23],"damage_taken":[{"damage":0,"enemies":"2 Louse","floor":1,"turns":1},{"damage":0,"enemies":"Small Slimes","floor":3,"turns":1},{"damage":0,"enemies":"Cultist","floor":5,"turns":1},{"damage":36,"enemies":"Lagavulin","floor":6,"turns":7},{"damage":64,"enemies":"3 Sentries","floor":8,"turns":8},{"damage":6,"enemies":"3 Louse","floor":13,"turns":3},{"damage":16,"enemies":"Blue Slaver","floor":14,"turns":3},{"damage":35,"enemies":"Hexaghost","floor":16,"turns":7},{"damage":8,"enemies":"Chosen","floor":18,"turns":4},{"damage":78,"enemies":"Book of Stabbing","floor":23,"turns":6},{"damage":14,"enemies":"3 Byrds","floor":24,"turns":2}],"seed_played":"6197526320243931951","potions_obtained":[{"floor":3,"key":"AttackPotion"},{"floor":5,"key":"Swift Potion"},{"floor":8,"key":"LiquidMemories"},{"floor":13,"key":"CultistPotion"}],"is_trial":false,"path_per_floor":["M","?","M","?","M","E","R","E","T","R","?","R","M","M","R","B",null,"M","?","T","?","T","E","M"],"character_chosen":"IRONCLAD","items_purchased":[],"campfire_rested":4,"item_purchase_floors":[],"current_hp_per_floor":[78,67,73,73,74,44,66,8,8,30,30,52,52,42,64,35,64,62,62,72,84,84,12,0,0],"gold":533,"neow_bonus":"THREE_ENEMY_KILL","is_daily":false,"chose_seed":false,"campfire_upgraded":0,"win_rate":0.0,"timestamp":1613387921,"path_taken":["M","?","M","?","M","E","R","E","T","R","?","R","M","?","R","BOSS","M","?","?","?","?","E","M"],"items_purchased_type":[],"build_version":"2020-12-22","purchased_purges":0,"victory":false,"max_hp_per_floor":[80,80,80,74,74,74,74,74,74,74,74,74,74,74,74,74,74,74,74,84,84,84,84,84,84],"card_choices":[{"not_picked":["Heavy Blade","Sever Soul"],"picked":"Armaments","floor":1},{"not_picked":["Clash","Hemokinesis"],"picked":"Cleave","floor":3},{"not_picked":["Twin Strike","Anger"],"picked":"Second Wind","floor":5},{"not_picked":["Evolve","Blood for Blood"],"picked":"Perfected Strike","floor":6},{"not_picked":["Bloodletting","Seeing Red"],"picked":"Demon Form","floor":8},{"not_picked":["Blood for Blood","Cleave"],"picked":"Heavy Blade","floor":13},{"not_picked":["Flame Barrier","Combust"],"picked":"Disarm","floor":14},{"not_picked":["Juggernaut","Fiend Fire"],"picked":"Berserk","floor":16},{"not_picked":["Cleave","Iron Wave"],"picked":"Ghostly Armor+1","floor":18},{"not_picked":["Rage","Bloodletting"],"picked":"Headbutt+1","floor":23}],"player_experience":780202,"relics_obtained":[{"floor":6,"key":"Tiny Chest"},{"floor":8,"key":"Whetstone"},{"floor":20,"key":"Pear"},{"floor":22,"key":"Letter Opener"},{"floor":23,"key":"PreservedInsect"}],"event_choices":[{"damage_healed":0,"gold_gain":75,"player_choice":"Gather Gold","damage_taken":11,"max_hp_gain":0,"max_hp_loss":0,"event_name":"World of Goop","floor":2,"gold_loss":0},{"damage_healed":0,"gold_gain":0,"player_choice":"Lose Max HP","damage_taken":0,"relics_obtained":["Golden Idol"],"max_hp_gain":0,"max_hp_loss":6,"event_name":"Golden Idol","floor":4,"gold_loss":0},{"damage_healed":0,"gold_gain":0,"player_choice":"2 cards matched","damage_taken":0,"max_hp_gain":0,"max_hp_loss":0,"event_name":"Match and Keep!","floor":11,"gold_loss":0,"cards_obtained":["Bash","Searing Blow"]},{"damage_healed":0,"gold_gain":0,"player_choice":"Opened","damage_taken":0,"relics_obtained":["Centennial Puzzle"],"max_hp_gain":0,"max_hp_loss":0,"event_name":"The Mausoleum","floor":19,"gold_loss":0},{"damage_healed":28,"gold_gain":0,"player_choice":"Heal","damage_taken":0,"max_hp_gain":0,"max_hp_loss":0,"event_name":"The Library","floor":21,"gold_loss":0}],"is_beta":false,"boss_relics":[{"not_picked":["Fusion Hammer","Runic Dome"],"picked":"Cursed Key"}],"items_purged_floors":[],"is_endless":false,"potions_floor_spawned":[3,5,8,13],"killed_by":"3 Byrds","ascension_level":11}}