{"host":"0rxdudjy6rylha1k","time":1613415557,"event":{"mods":["Aspiration","BaseMod","Colored Map","Colored Powertips","Downfall","Highlight Path","Hubris","Minty Spire (QoL Compilation)","StSLib"],"gold_per_floor":[99,113,6,36,111,136,214,114,130,130,65,65,75,102,121,225,225,125,142,142,16,36,36,36,36],"floor_reached":23,"language":"ENG","playtime":2685,"items_purged":[],"score":290,"play_id":"9de27920-cef9-4975-bc12-45000f5df3d2","local_time":"20210215115917","is_ascension_mode":true,"campfire_choices":[{"floor":1.0,"key":"RECALL"},{"floor":8,"key":"REST"},{"floor":18,"key":"DIG"}],"circlet_count":0,"master_deck":["AscendersBane","Slimebound:Strike_Slimebound","Slimebound:Strike_Slimebound","Slimebound:Strike_Slimebound","Slimebound:Tackle","Slimebound:Defend_Slimebound","Slimebound:Defend_Slimebound","Slimebound:Defend_Slimebound","Slimebound:Defend_Slimebound","Slimebound:Split","Slimebound:CorrosiveSpit","Bandage Up","Slimebound:Recollect","Slimebound:ComboTackle","Slimebound:BestDefense","Slimebound:LevelUp","Slimebound:Grow","Slimebound:Equalize","Slimebound:GoopSpray","Slimebound:SplitSpecialist","Slimebound:Grow","Slimebound:MassRepurpose","Slimebound:HungryTackle","Slimebound:ProtectTheBoss","Slimebound:HungryTackle","Slimebound:SplitSpecialist","Slimebound:SlimeSpikes"],"relics":["Slimebound:AbsorbEndCombat","hubris:MedicalManual","hubris:BottledRain","downfall:HeartBlessingRed","Shovel","downfall:HeartBlessingBlue","Ancient Tea Set","Nloth\u0027s Gift"],"acts_visited":["Exordium","TheCity"],"potions_floor_usage":[16,16,22,23],"damage_taken":[{"damage":9.0,"enemies":"Jaw Worm","floor":2.0,"turns":5.0},{"damage":3.0,"enemies":"downfall:FleeingMerchant","floor":3.0,"turns":4.0},{"damage":53,"enemies":"3 Sentries","floor":6,"turns":15},{"damage":13,"enemies":"2 Louse","floor":9,"turns":5},{"damage":9,"enemies":"downfall:FleeingMerchant","floor":11,"turns":4},{"damage":4,"enemies":"Cultist","floor":13,"turns":4},{"damage":6,"enemies":"downfall:LooterAlt","floor":15,"turns":4},{"damage":58,"enemies":"WA_ARCHETYPE_RETAIN","floor":16,"turns":11},{"damage":54,"enemies":"Chosen","floor":19,"turns":8},{"damage":20,"enemies":"downfall:FleeingMerchant","floor":21,"turns":4},{"damage":48,"enemies":"Shell Parasite","floor":22,"turns":4},{"damage":44,"enemies":"Book of Stabbing","floor":23,"turns":3}],"seed_played":"-4071851912475021079","potions_obtained":[{"floor":6,"key":"Slimebound:SlimyTonguePotion"},{"floor":9,"key":"Dexterity Potion"},{"floor":15,"key":"Energy Potion"},{"floor":19,"key":"champ:CounterPotion"},{"floor":22,"key":"ColorlessPotion"}],"is_trial":false,"path_per_floor":["R","M","$","?","?","E","T","R","M","?","$","?","M","T","M","B",null,"R","M","?","$","M","E"],"character_chosen":"SLIMEBOUND","items_purchased":["Slimebound:ComboTackle","Slimebound:BestDefense","Slimebound:GoopSpray","Slimebound:HungryTackle","Slimebound:SplitSpecialist"],"campfire_rested":1,"item_purchase_floors":[3,3,11,21,21],"current_hp_per_floor":[59,62,65,65,65,36,36,55,60,63,67,67,68,68,68,43,62,72,42,42,46,22,0,0,0],"gold":36,"neow_bonus":"RANDOM_COLORLESS","is_daily":false,"chose_seed":false,"campfire_upgraded":0,"win_rate":0.0,"timestamp":1613415557,"path_taken":["R","M","$","?","?","E","T","R","M","?","$","?","M","?","M","BOSS","R","M","?","$","M","E"],"items_purchased_type":["Card","Card","Card","Card","Card"],"build_version":"2020-12-22","purchased_purges":0,"victory":false,"max_hp_per_floor":[65,65,65,65,65,65,65,65,65,68,68,68,68,68,68,68,68,78,78,78,78,78,78,78,78],"card_choices":[{"not_picked":["Panacea","Swift Strike"],"picked":"Bandage Up","floor":0.0},{"not_picked":["Slimebound:SlimeBrawl","Slimebound:LevelUp"],"picked":"Slimebound:Recollect","floor":2.0},{"not_picked":["Slimebound:SlimeBrawl","Slimebound:PressTheAttack","Slimebound:DivideAndConquer"],"picked":"SKIP","floor":3.0},{"not_picked":["Slimebound:PressTheAttack","Slimebound:MinionMaster"],"picked":"Slimebound:LevelUp","floor":6},{"not_picked":["Slimebound:Nibble","Slimebound:SamplingLick"],"picked":"Slimebound:Grow","floor":9},{"not_picked":["Slimebound:BestDefense","Slimebound:SplitLeeching"],"picked":"Slimebound:Equalize","floor":11},{"not_picked":["Slimebound:Repurpose","Slimebound:DivideAndConquer"],"picked":"Slimebound:SplitSpecialist","floor":13},{"not_picked":["Slimebound:Schlurp","Slimebound:HauntingLick"],"picked":"Slimebound:Grow","floor":15},{"not_picked":["Slimebound:SlimeSlap","Slimebound:WasteNot"],"picked":"Slimebound:MassRepurpose","floor":16},{"not_picked":["Slimebound:SplitAcid","Slimebound:Gluttony"],"picked":"Slimebound:HungryTackle","floor":19},{"not_picked":["Slimebound:MegaLick","Slimebound:Prepare"],"picked":"Slimebound:ProtectTheBoss","floor":21},{"not_picked":["Slimebound:Dissolve+1","Slimebound:WasteNot"],"picked":"Slimebound:SlimeSpikes","floor":22}],"player_experience":2964295,"relics_obtained":[{"floor":6,"key":"hubris:MedicalManual"},{"floor":7,"key":"hubris:BottledRain"},{"floor":18,"key":"Ancient Tea Set"}],"event_choices":[],"is_beta":false,"boss_relics":[{"not_picked":["Tiny House","Velvet Choker"],"picked":"hubris:Backtick"}],"items_purged_floors":[],"is_endless":false,"potions_floor_spawned":[6,9,15,19,22],"killed_by":"Book of Stabbing","ascension_level":11}}