{"host":"Tonhão","time":1613371153,"event":{"mods":["Aspiration","BaseMod","Better Third Choice","Conspire","Downfall","Friendly Minions","Halation","Hermit","Highlight Path","Hubris","Infinite Spire","Jedi Mod","Minty Spire (QoL Compilation)","Relic Sorter","Reliquary","Replay The Spire","Spicy Shops","StSLib","The Animator","The Construct","The Cursed","The Jester","The Senshi","The Servant 0.9.4"],"gold_per_floor":[111,111,111,35,51,84,84,103,103,28,28,57,57,50,50,50,50],"floor_reached":16,"language":"ENG","playtime":612,"items_purged":["Looming Evil"],"score":108,"play_id":"180ac74a-3178-4ecb-8cd6-9502bb71e023","local_time":"20210215033913","is_ascension_mode":true,"campfire_choices":[{"floor":7,"key":"REST"},{"data":"hermit:BigShot","floor":11,"key":"SMITH"},{"floor":13,"key":"REST"},{"floor":15,"key":"REST"}],"circlet_count":0,"master_deck":["hermit:Strike_Hermit","hermit:Strike_Hermit","hermit:Strike_Hermit","hermit:Strike_Hermit","hermit:Defend_Hermit","hermit:Defend_Hermit","hermit:Defend_Hermit","hermit:Defend_Hermit","hermit:Snapshot","hermit:Covet","hermit:Headshot","hermit:BigShot+1","hubris:NaturalOne","hermit:DeadOrAlive","hermit:Headshot","hermit:Showdown","hermit:Brawl"],"relics":["hermit:Momento","Replay:Multitool","hubris:Icosahedron","NlothsMask","conspire:TopHat","hubris:Metronome","ReplayTheSpireMod:CursedCoin","Simple Rune"],"acts_visited":["Exordium"],"potions_floor_usage":[5],"damage_taken":[{"damage":2,"enemies":"Jaw Worm","floor":1,"turns":3},{"damage":8,"enemies":"2 Louse","floor":5,"turns":2},{"damage":30,"enemies":"Lagavulin","floor":6,"turns":7},{"damage":6,"enemies":"Cultist","floor":8,"turns":3},{"damage":34,"enemies":"Exordium Thugs","floor":12,"turns":5},{"damage":55,"enemies":"The Guardian","floor":16,"turns":9}],"seed_played":"1372689650899087042","potions_obtained":[{"floor":1,"key":"infinitespire:BlackPotion"}],"is_trial":false,"path_per_floor":["M","?","?","$","M","E","R","M","T","$","R","M","R","$","R","B"],"character_chosen":"HERMIT","items_purchased":["conspire:TopHat","ReplayTheSpireMod:CursedCoin","Simple Rune","hermit:Brawl"],"campfire_rested":3,"item_purchase_floors":[4,10,10,14],"current_hp_per_floor":[66,66,66,66,58,28,48,42,42,42,42,8,28,28,48,0,0],"gold":50,"neow_bonus":"ONE_RARE_RELIC","is_daily":false,"chose_seed":false,"campfire_upgraded":1,"win_rate":0.0,"timestamp":1613371153,"path_taken":["M","?","?","$","?","E","R","M","T","$","R","M","R","?","R","BOSS"],"items_purchased_type":["Relic","Relic","Relic","Card"],"build_version":"2020-11-17","purchased_purges":1,"victory":false,"max_hp_per_floor":[68,68,68,68,68,68,68,68,68,68,68,68,68,68,68,68,68],"card_choices":[{"not_picked":["hermit:Glare","hermit:LowProfile"],"picked":"hermit:Headshot","floor":1},{"not_picked":["hermit:Feint","hermit:Desperado"],"picked":"hermit:BigShot","floor":5},{"not_picked":["hermit:TrackingShot","hermit:Manifest"],"picked":"hermit:DeadOrAlive","floor":6},{"not_picked":["hermit:Ricochet","hermit:TrackingShot"],"picked":"hermit:Headshot","floor":8},{"not_picked":["hermit:WideOpen","hermit:Headshot"],"picked":"hermit:Showdown","floor":12}],"player_experience":156065,"relics_obtained":[{"floor":6,"key":"hubris:Metronome"}],"event_choices":[{"damage_healed":0,"gold_gain":0,"player_choice":"Trade","damage_taken":0,"relics_obtained":["NlothsMask"],"max_hp_gain":0,"max_hp_loss":0,"event_name":"FaceTrader","floor":3,"gold_loss":0}],"is_beta":true,"boss_relics":[],"items_purged_floors":[10],"is_endless":false,"potions_floor_spawned":[1],"killed_by":"The Guardian","ascension_level":2}}