{"host":"pjgcdp3h1plnbocs","time":1613405542,"event":{"mods":["AchievementEnabler","BaseMod","Colored Map","Downfall","Highlight Path","Minty Spire (QoL Compilation)","StSLib"],"gold_per_floor":[114,134,145,161,176,204,216,251,274,306,306,306,306],"floor_reached":12,"language":"ENG","playtime":428,"items_purged":[],"score":203,"play_id":"242a2dfe-9234-4b88-9936-cfb3b918d6ab","local_time":"20210215171222","is_ascension_mode":true,"campfire_choices":[{"floor":11,"key":"REST"}],"circlet_count":0,"master_deck":["AscendersBane","Strike_G","Strike_G","Strike_G","Strike_G","Strike_G","Defend_G","Defend_G","Defend_G","Defend_G","Defend_G","Survivor","Neutralize","Poisoned Stab","Poisoned Stab","Flying Knee","Escape Plan","Footwork","Well Laid Plans"],"relics":["Ring of the Snake","NeowsBlessing","Ornamental Fan","Ice Cream","Happy Flower","Smiling Mask"],"acts_visited":["Exordium"],"potions_floor_usage":[6,8,10,10],"damage_taken":[{"damage":0,"enemies":"Cultist","floor":1,"turns":1},{"damage":0,"enemies":"Small Slimes","floor":2,"turns":1},{"damage":0,"enemies":"2 Louse","floor":3,"turns":1},{"damage":17,"enemies":"Exordium Thugs","floor":4,"turns":5},{"damage":8,"enemies":"Large Slime","floor":5,"turns":6},{"damage":26,"enemies":"Gremlin Nob","floor":6,"turns":4},{"damage":0,"enemies":"2 Fungi Beasts","floor":7,"turns":4},{"damage":0,"enemies":"Lagavulin","floor":8,"turns":6},{"damage":4,"enemies":"3 Sentries","floor":10,"turns":7},{"damage":48,"enemies":"Gremlin Nob","floor":12,"turns":4}],"seed_played":"-7011751996467285934","potions_obtained":[{"floor":1,"key":"SkillPotion"},{"floor":2,"key":"SkillPotion"},{"floor":6,"key":"Poison Potion"},{"floor":8,"key":"DistilledChaos"}],"is_trial":false,"path_per_floor":["M","M","M","M","M","E","M","E","T","E","R","E"],"character_chosen":"THE_SILENT","items_purchased":[],"campfire_rested":1,"item_purchase_floors":[],"current_hp_per_floor":[63,63,63,46,38,12,12,12,12,8,29,0,0],"gold":306,"neow_bonus":"THREE_ENEMY_KILL","is_daily":false,"chose_seed":false,"campfire_upgraded":0,"win_rate":0.0,"timestamp":1613405542,"path_taken":["M","M","M","M","M","E","M","E","T","E","R","E"],"items_purchased_type":[],"build_version":"2020-12-22","purchased_purges":0,"victory":false,"max_hp_per_floor":[70,70,70,70,70,70,70,70,70,70,70,70,70],"card_choices":[{"not_picked":["Concentrate","Heel Hook"],"picked":"Poisoned Stab","floor":1},{"not_picked":["Blur","Calculated Gamble"],"picked":"Poisoned Stab","floor":2},{"not_picked":["Bouncing Flask","Underhanded Strike"],"picked":"Flying Knee","floor":3},{"not_picked":["Outmaneuver","Dagger Spray"],"picked":"Escape Plan","floor":4},{"not_picked":["Prepared","Endless Agony","Sucker Punch"],"picked":"SKIP","floor":5},{"not_picked":["Cloak And Dagger","Escape Plan"],"picked":"Footwork","floor":6},{"not_picked":["Catalyst","Infinite Blades"],"picked":"Well Laid Plans","floor":7},{"not_picked":["Sucker Punch","Flying Knee","Calculated Gamble"],"picked":"SKIP","floor":8},{"not_picked":["Distraction","Poisoned Stab","Deflect"],"picked":"SKIP","floor":10}],"player_experience":240322,"relics_obtained":[{"floor":6,"key":"Ornamental Fan"},{"floor":8,"key":"Ice Cream"},{"floor":9,"key":"Happy Flower"},{"floor":10,"key":"Smiling Mask"}],"event_choices":[],"is_beta":false,"boss_relics":[],"items_purged_floors":[],"is_endless":false,"potions_floor_spawned":[1,2,6,8],"killed_by":"Gremlin Nob","ascension_level":12}}