{"host":"nlbr7nnijupf3yfg","time":1613361457,"event":{"mods":["AchievementEnabler","BaseMod","BetterRewards","Colored Powertips","DeckTracker","Downfall","Hermit","Hubris","Infinite Spire","Minty Spire (QoL Compilation)","Quick Restart","Replay The Spire","StSLib","SuperFastMode"],"gold_per_floor":[116,116,129,90,110,110,143,143,193,193,212,212,229,229,229],"floor_reached":14,"language":"ENG","playtime":210,"items_purged":[],"score":90,"play_id":"a9f507e7-25bb-4c47-a73a-9d19a18e7058","local_time":"20210214225737","is_ascension_mode":false,"campfire_choices":[{"data":"hermit:Snapshot","floor":6,"key":"SMITH"}],"circlet_count":0,"master_deck":["hermit:Strike_Hermit","hermit:Strike_Hermit","hermit:Strike_Hermit","hermit:Strike_Hermit","hermit:Defend_Hermit","hermit:Defend_Hermit","hermit:Defend_Hermit","hermit:Snapshot+1","hermit:Covet","hermit:Showdown","hermit:Manifest","hermit:Misfire+1","hermit:HoleUp","hermit:Desperado","hermit:Roulette","Delirium","hermit:Reprieve"],"relics":["hermit:Momento","hubris:Metronome","Blue Doll","Eternal Feather","hubris:DisguiseKit"],"acts_visited":["Exordium"],"potions_floor_usage":[14,14,14],"damage_taken":[{"damage":7,"enemies":"Jaw Worm","floor":1,"turns":4},{"damage":0,"enemies":"Cultist","floor":3,"turns":3},{"damage":0,"enemies":"2 Louse","floor":5,"turns":2},{"damage":28,"enemies":"Gremlin Nob","floor":7,"turns":5},{"damage":11,"enemies":"Looter","floor":11,"turns":3},{"damage":13,"enemies":"2 Fungi Beasts","floor":13,"turns":3},{"damage":15,"enemies":"Lagavulin","floor":14,"turns":2}],"seed_played":"-3644648768054802353","potions_obtained":[{"floor":1,"key":"SteroidPotion"},{"floor":5,"key":"Milkshake"},{"floor":13,"key":"hexamod:SoulburnPotion"}],"is_trial":false,"path_per_floor":["M","?","M","$","M","R","E","$","T","?","M","?","M","E"],"character_chosen":"HERMIT","items_purchased":["hermit:Misfire+1"],"campfire_rested":0,"item_purchase_floors":[4],"current_hp_per_floor":[75,75,75,75,75,75,47,47,47,35,24,24,11,0,0],"gold":229,"neow_bonus":"TEN_PERCENT_HP_BONUS","is_daily":false,"chose_seed":false,"campfire_upgraded":1,"win_rate":0.0,"timestamp":1613361457,"path_taken":["M","?","M","?","?","R","E","$","T","?","M","?","M","E"],"items_purchased_type":["Card"],"build_version":"2020-12-22","purchased_purges":0,"victory":false,"max_hp_per_floor":[82,82,82,82,82,82,82,82,82,82,82,82,82,82,82],"card_choices":[{"not_picked":["hermit:Midnight","hermit:Dive"],"picked":"hermit:Showdown","floor":1},{"not_picked":["hermit:BodyArmor","hermit:Snipe"],"picked":"hermit:Manifest","floor":3},{"not_picked":["hermit:Snipe","hermit:TrackingShot"],"picked":"hermit:HoleUp","floor":5},{"not_picked":["hermit:Snipe","hermit:Ricochet"],"picked":"hermit:Desperado","floor":7},{"not_picked":["hermit:WideOpen","hermit:BodyArmor"],"picked":"hermit:Roulette","floor":11},{"not_picked":["hermit:HoleUp","hermit:Determination","Slimebound:LeadByExample"],"picked":"hermit:Reprieve","floor":13}],"player_experience":63290,"relics_obtained":[{"floor":7,"key":"hubris:Metronome"},{"floor":9,"key":"Blue Doll"}],"event_choices":[{"cards_removed":["hermit:Defend_Hermit"],"damage_healed":0,"gold_gain":0,"player_choice":"Purged","damage_taken":0,"max_hp_gain":0,"max_hp_loss":0,"event_name":"Purifier","floor":2,"gold_loss":0},{"damage_healed":0,"gold_gain":0,"player_choice":"Success","damage_taken":12,"relics_obtained":["Eternal Feather"],"max_hp_gain":0,"max_hp_loss":0,"event_name":"Scrap Ooze","floor":10,"gold_loss":0}],"is_beta":false,"boss_relics":[],"items_purged_floors":[],"is_endless":false,"potions_floor_spawned":[1,5,13],"killed_by":"Lagavulin","ascension_level":0}}