{"host":"fdip6nj211smoxvi","time":1613412818,"event":{"mods":["BaseMod","BetterRewards","Colored Map","Downfall","Hermit","Minty Spire (QoL Compilation)","Shop Mod","StSLib","The Hierophant","The Servant 0.9.4"],"gold_per_floor":[160,160,180,180,180,180,205,170,197,197,217,247,247,266,266,266,266],"floor_reached":16,"language":"DEU","playtime":869,"items_purged":[],"score":146,"play_id":"5d26d4e0-357c-49c1-8d1f-cc80fc6e4824","local_time":"20210215191338","is_ascension_mode":true,"campfire_choices":[{"floor":6,"key":"REST"},{"floor":15,"key":"REST"}],"circlet_count":0,"master_deck":["Strike_R+1","Strike_R","Strike_R","Strike_R","Strike_R","Defend_R","Defend_R+1","Defend_R","Defend_R","Bash","Whirlwind+1","Sword Boomerang","Thunderclap","Flex","Impervious+1","Pommel Strike","Pummel","True Grit"],"relics":["Tiny House","White Beast Statue","Red Skull","Dream Catcher","Blue Candle","Mummified Hand"],"acts_visited":["Exordium"],"potions_floor_usage":[7,11,14,16,16,16],"damage_taken":[{"damage":5,"enemies":"Small Slimes","floor":1,"turns":3},{"damage":0,"enemies":"2 Louse","floor":3,"turns":2},{"damage":35,"enemies":"Lagavulin","floor":7,"turns":4},{"damage":12,"enemies":"Jaw Worm","floor":11,"turns":2},{"damage":18,"enemies":"Gremlin Nob","floor":12,"turns":3},{"damage":0,"enemies":"Large Slime","floor":14,"turns":2},{"damage":38,"enemies":"Hexaghost","floor":16,"turns":7}],"seed_played":"2548333413233412030","potions_obtained":[{"floor":0,"key":"SneckoOil"},{"floor":3,"key":"ElixirPotion"},{"floor":7,"key":"hexamod:SoulburnPotion"},{"floor":11,"key":"Explosive Potion"},{"floor":12,"key":"Slimebound:ThreeZeroPotion"},{"floor":14,"key":"Strength Potion"}],"is_trial":false,"path_per_floor":["M","?","M","?","?","R","E","?","T","?","M","E","?","M","R","B"],"character_chosen":"IRONCLAD","items_purchased":[],"campfire_rested":2,"item_purchase_floors":[],"current_hp_per_floor":[72,72,72,72,47,72,37,58,58,53,41,23,6,6,31,0,0],"gold":266,"neow_bonus":"BOSS_RELIC","is_daily":false,"chose_seed":false,"campfire_upgraded":0,"win_rate":0.0,"timestamp":1613412818,"path_taken":["M","?","M","?","?","R","E","?","T","?","M","E","?","M","R","BOSS"],"items_purchased_type":[],"build_version":"2020-12-22","purchased_purges":0,"victory":false,"max_hp_per_floor":[85,85,85,85,85,85,85,85,85,85,85,85,85,85,85,85,85],"card_choices":[{"not_picked":["Havoc","Warcry"],"picked":"Whirlwind","floor":0},{"not_picked":["Bloodletting","Dropkick"],"picked":"Sword Boomerang","floor":1},{"not_picked":["Twin Strike","Anger"],"picked":"Thunderclap","floor":3},{"not_picked":["Flame Barrier","Inflame"],"picked":"Flex","floor":7},{"not_picked":["Twin Strike","Perfected Strike"],"picked":"Impervious","floor":11},{"not_picked":["Burning Pact","Wild Strike"],"picked":"Pommel Strike","floor":12},{"not_picked":["Cleave","Body Slam"],"picked":"Pummel","floor":14},{"not_picked":["Havoc","Rupture"],"picked":"True Grit","floor":15}],"player_experience":270591,"relics_obtained":[{"floor":7,"key":"Red Skull"},{"floor":9,"key":"Dream Catcher"},{"floor":12,"key":"Mummified Hand"}],"event_choices":[{"damage_healed":0,"gold_gain":0,"player_choice":"Ignored","damage_taken":0,"max_hp_gain":0,"max_hp_loss":0,"event_name":"Liars Game","floor":2,"gold_loss":0},{"damage_healed":0,"gold_gain":0,"player_choice":"Grow","damage_taken":0,"max_hp_gain":0,"max_hp_loss":0,"event_name":"Living Wall","floor":4,"gold_loss":0,"cards_upgraded":["Whirlwind"]},{"damage_healed":0,"gold_gain":0,"player_choice":"Success","damage_taken":25,"relics_obtained":["White Beast Statue"],"max_hp_gain":0,"max_hp_loss":0,"event_name":"Scrap Ooze","floor":5,"gold_loss":0},{"damage_healed":21,"gold_gain":0,"player_choice":"Healed","damage_taken":0,"max_hp_gain":0,"max_hp_loss":0,"event_name":"The Cleric","floor":8,"gold_loss":35},{"damage_healed":0,"gold_gain":0,"player_choice":"Entered Light","damage_taken":17,"max_hp_gain":0,"max_hp_loss":0,"event_name":"Shining Light","floor":13,"gold_loss":0,"cards_upgraded":["Defend_R","Impervious"]}],"is_beta":false,"boss_relics":[],"items_purged_floors":[],"is_endless":false,"potions_floor_spawned":[3,7,11,12,14],"killed_by":"Hexaghost","ascension_level":7}}