{"host":"8d3fefv2347kqkpz","time":1613347507,"event":{"mods":["AchievementEnabler","BaseMod","Better Vampires","Colored Map","Colored Powertips","Downfall","Highlight Path","Minty Spire (QoL Compilation)","Quick Restart","Rare Cards Sparkle","Relic Stats","Spicy Shops","StSLib","Waifu the Spire"],"gold_per_floor":[99,114,131,131,149,149,149,160,160,172,189,99,118,3,16,116,116,116,136,150,174,192,92,116,127,143,159,159,19,19,19,32,133,133,133,148,158,182,182,53,103,125,125,152,178,198,198,198,198],"floor_reached":47,"language":"ZHS","playtime":3884,"items_purged":["hexamod:Strike","hexamod:Strike","hexamod:NecessarySacrifice","hexamod:Strike+1"],"score":532,"play_id":"411afa46-d774-47d7-a09a-00895dc161a2","local_time":"20210215080507","is_ascension_mode":false,"campfire_choices":[{"data":"hexamod:Float","floor":1.0,"key":"SMITH"},{"data":"hexamod:FastForward","floor":9.0,"key":"SMITH"},{"floor":18.0,"key":"RECALL"},{"floor":23.0,"key":"REST"},{"floor":28.0,"key":"REST"},{"floor":30.0,"key":"REST"},{"floor":35.0,"key":"REST"},{"floor":43.0,"key":"REST"}],"circlet_count":0,"master_deck":["hexamod:Strike+1","hexamod:Defend","hexamod:Defend+1","hexamod:Defend+1","hexamod:Defend","hexamod:Float+1","hexamod:FastForward+1","hexamod:HauntingEcho","hexamod:PowerFromBeyond","hexamod:GhostOfSpireFuture","hexamod:PhantomCloak","hexamod:TimeOfNeed","hexamod:HauntingEcho","hexamod:GiftsFromTheDead+1","hexamod:BacktrackSmack+1","hexamod:FastForward","hexamod:GhostOfSpireFuture+1","hexamod:GhostOfSpirePast","hexamod:FlameSwitch","hexamod:HexaLevel","hexamod:FifthSeal","hexamod:FirstSeal","hexamod:SecondSeal","hexamod:GhostOfSpirePast","hexamod:SixthSeal","hexamod:ThirdSeal","hexamod:GhostOfSpirePast+1"],"relics":["hexamod:SpiritBrand","Kunai","Fusion Hammer","hexamod:TheBrokenSeal","downfall:HeartBlessingRed","Oddly Smooth Stone","Runic Dome","Smiling Mask","Bag of Marbles","bronze:BronzeIdol"],"acts_visited":["Exordium","TheCity","TheBeyond"],"potions_floor_usage":[],"damage_taken":[{"damage":0.0,"enemies":"2 Louse","floor":2.0,"turns":3.0},{"damage":2.0,"enemies":"Cultist","floor":3.0,"turns":5.0},{"damage":0.0,"enemies":"Jaw Worm","floor":5.0,"turns":4.0},{"damage":3.0,"enemies":"Lots of Slimes","floor":8.0,"turns":5.0},{"damage":10.0,"enemies":"Large Slime","floor":10.0,"turns":7.0},{"damage":0.0,"enemies":"Red Slaver","floor":11.0,"turns":4.0},{"damage":0.0,"enemies":"downfall:FleeingMerchant","floor":12.0,"turns":4.0},{"damage":5.0,"enemies":"Exordium Wildlife","floor":13.0,"turns":4.0},{"damage":0.0,"enemies":"downfall:FleeingMerchant","floor":14.0,"turns":4.0},{"damage":6.0,"enemies":"Large Slime","floor":15.0,"turns":8.0},{"damage":22.0,"enemies":"SI_SHIV_ARCHETYPE","floor":16.0,"turns":16.0},{"damage":22.0,"enemies":"Chosen","floor":19.0,"turns":8.0},{"damage":13.0,"enemies":"Shell Parasite","floor":20.0,"turns":8.0},{"damage":12.0,"enemies":"Centurion and Healer","floor":21.0,"turns":8.0},{"damage":34.0,"enemies":"Snake Plant","floor":22.0,"turns":6.0},{"damage":7.0,"enemies":"3 Cultists","floor":25.0,"turns":5.0},{"damage":12.0,"enemies":"Shelled Parasite and Fungi","floor":26.0,"turns":5.0},{"damage":0.0,"enemies":"Snecko","floor":27.0,"turns":6.0},{"damage":0.0,"enemies":"downfall:FleeingMerchant","floor":29.0,"turns":4.0},{"damage":14.0,"enemies":"Snake Plant","floor":32.0,"turns":4.0},{"damage":0.0,"enemies":"WA_ARCHETYPE_CALM","floor":33.0,"turns":7.0},{"damage":8.0,"enemies":"Orb Walker","floor":36.0,"turns":5.0},{"damage":14.0,"enemies":"3 Darklings","floor":37.0,"turns":7.0},{"damage":6.0,"enemies":"downfall:FleeingMerchant","floor":40.0,"turns":4.0},{"damage":2.0,"enemies":"Maw","floor":42.0,"turns":9.0},{"damage":12.0,"enemies":"Writhing Mass","floor":44.0,"turns":6.0},{"damage":41.0,"enemies":"Nemesis","floor":45.0,"turns":9.0},{"damage":37.0,"enemies":"Transient","floor":46.0,"turns":5.0},{"damage":27,"enemies":"3 Darklings","floor":47,"turns":3}],"seed_played":"-7335461077003825216","potions_obtained":[{"floor":3.0,"key":"Strength Potion"},{"floor":5.0,"key":"Strength Potion"},{"floor":8.0,"key":"Weak Potion"},{"floor":15.0,"key":"EssenceOfSteel"},{"floor":20.0,"key":"Explosive Potion"},{"floor":25.0,"key":"Strength Potion"},{"floor":32.0,"key":"SkillPotion"},{"floor":37.0,"key":"PowerPotion"},{"floor":42.0,"key":"bronze:BurnAndBuffPotion"},{"floor":46.0,"key":"Energy Potion"}],"is_trial":false,"path_per_floor":["R","M","M","?","M","?","T","M","R","M","M","$","M","$","M","B",null,"R","M","M","M","M","R","T","M","M","M","R","$","R","?","M","B",null,"R","M","M","T","?","$","T","M","R","M","E","M","M"],"character_chosen":"THE_SPIRIT","items_purchased":["hexamod:ThirdSeal"],"campfire_rested":5,"item_purchase_floors":[40],"current_hp_per_floor":[77,77,75,75,75,80,80,77,77,67,67,67,62,62,56,34,82,82,60,47,42,92,92,92,85,73,73,92,92,92,92,78,78,92,92,84,77,77,77,78,78,83,92,87,53,23,0,0,0],"gold":198,"neow_bonus":"TEN_PERCENT_HP_BONUS","is_daily":false,"chose_seed":false,"campfire_upgraded":2,"win_rate":0.0,"timestamp":1613347507,"path_taken":["R","M","M","?","?","?","T","M","R","M","M","$","M","?","M","BOSS","R","M","M","M","M","R","T","M","M","?","R","$","R","?","M","BOSS","R","M","M","?","?","?","T","M","R","M","E","M","M"],"items_purchased_type":["Card"],"build_version":"2020-12-22","purchased_purges":4,"victory":false,"max_hp_per_floor":[77,77,77,77,77,82,82,82,82,82,82,82,82,82,82,82,82,82,82,82,82,92,92,92,92,92,92,92,92,92,92,92,92,92,92,92,92,92,92,92,92,92,92,92,92,92,92,92,92],"relic_stats":{"counters":[29,173],"Kunai":[18],"Smiling Mask":100,"obtain_stats":[{"Runic Dome":34,"downfall:HeartBlessingRed":23,"hexamod:TheBrokenSeal":22,"Oddly Smooth Stone":24,"Fusion Hammer":17,"Bag of Marbles":41,"Kunai":7,"Smiling Mask":38,"hexamod:SpiritBrand":0,"bronze:BronzeIdol":45},{"Runic Dome":21,"downfall:HeartBlessingRed":15,"hexamod:TheBrokenSeal":15,"Oddly Smooth Stone":15,"Fusion Hammer":11,"Bag of Marbles":24,"Kunai":3,"Smiling Mask":23,"hexamod:SpiritBrand":0,"bronze:BronzeIdol":27},{"Runic Dome":125,"downfall:HeartBlessingRed":94,"hexamod:TheBrokenSeal":92,"Oddly Smooth Stone":94,"Fusion Hammer":64,"Bag of Marbles":141,"Kunai":12,"Smiling Mask":137,"hexamod:SpiritBrand":0,"bronze:BronzeIdol":165}]},"card_choices":[{"not_picked":["hexamod:GhostShield","hexamod:InspiringFlames"],"picked":"hexamod:FastForward","floor":2.0},{"not_picked":["hexamod:SecondSeal","hexamod:SpectersWail"],"picked":"hexamod:HauntingEcho","floor":3.0},{"not_picked":["hexamod:GhostShield","hexamod:ThirdSeal","hexamod:Firestarter"],"picked":"SKIP","floor":5.0},{"not_picked":["hexamod:GhostShield","hexamod:Firestarter"],"picked":"hexamod:ThirdSeal","floor":5.0},{"not_picked":["hexamod:UnlimitedPower","hexamod:GhostLash","hexamod:SpectralSpark"],"picked":"SKIP","floor":8.0},{"not_picked":["hexamod:ShieldOfDarkness","hexamod:GhostShield"],"picked":"hexamod:PowerFromBeyond","floor":10.0},{"not_picked":["hexamod:SpectersWail","hexamod:ShieldOfDarkness"],"picked":"hexamod:NecessarySacrifice","floor":10.0},{"not_picked":["hexamod:ShieldOfDarkness","hexamod:ThermalTransfer"],"picked":"hexamod:GhostOfSpireFuture","floor":11.0},{"not_picked":["hexamod:FastForward","hexamod:RainOfEmbers"],"picked":"hexamod:PhantomCloak","floor":12.0},{"not_picked":["hexamod:SwordOfDarkness","hexamod:NightmareStrike","hexamod:PhantomFireball"],"picked":"SKIP","floor":12.0},{"not_picked":["hexamod:Hexaguard","hexamod:HauntingEcho"],"picked":"hexamod:TimeOfNeed","floor":13.0},{"not_picked":["hexamod:GhostShield","hexamod:GhostLash","hexamod:InspiringFlames"],"picked":"SKIP","floor":13.0},{"not_picked":["hexamod:SuperheatedStrike","hexamod:Incineration"],"picked":"hexamod:HauntingEcho","floor":14.0},{"not_picked":["hexamod:ChargedBarrage","hexamod:BacktrackSmack","hexamod:EtherealExpedition"],"picked":"SKIP","floor":14.0},{"not_picked":["hexamod:BacktrackSmack","hexamod:NightmareGuise"],"picked":"hexamod:FifthSeal","floor":15.0},{"not_picked":["hexamod:Hexaguard","hexamod:NightmareGuise","hexamod:BurningTouch"],"picked":"SKIP","floor":15.0},{"not_picked":["hexamod:FirstSeal","hexamod:FourthSeal"],"picked":"hexamod:SixthSeal","floor":16.0},{"not_picked":["hexamod:GhostflameInferno","hexamod:SixthSeal"],"picked":"hexamod:GiftsFromTheDead","floor":16.0},{"not_picked":["hexamod:ThirdSeal","hexamod:FourthSeal"],"picked":"hexamod:FirstSeal","floor":19.0},{"not_picked":["hexamod:Incineration+1","hexamod:RetreatToShadows"],"picked":"hexamod:BacktrackSmack+1","floor":19.0},{"not_picked":["hexamod:NightmareStrike+1","hexamod:NightmareGuise","hexamod:RetreatToShadows"],"picked":"SKIP","floor":19.0},{"not_picked":["hexamod:FirstSeal","hexamod:SixthSeal"],"picked":"hexamod:SecondSeal","floor":20.0},{"not_picked":["hexamod:HeatCrush","hexamod:SuperheatedStrike+1"],"picked":"hexamod:FastForward","floor":20.0},{"not_picked":["hexamod:ChargedBarrage","hexamod:NightmareStrike","hexamod:DynamicBlow"],"picked":"SKIP","floor":20.0},{"not_picked":["hexamod:ThirdSeal","hexamod:SecondSeal"],"picked":"hexamod:FourthSeal","floor":21.0},{"not_picked":["hexamod:SearingWound","hexamod:AdvancingGuard"],"picked":"hexamod:GhostOfSpireFuture","floor":21.0},{"not_picked":["hexamod:GhostShield+1","hexamod:PhantomCloak","hexamod:SpectersWail"],"picked":"SKIP","floor":21.0},{"not_picked":["hexamod:BacktrackSmack","hexamod:AdvancingGuard","hexamod:HauntingEcho"],"picked":"SKIP","floor":22.0},{"not_picked":["hexamod:Firestarter","hexamod:SwordOfDarkness","hexamod:FastForward"],"picked":"SKIP","floor":25.0},{"not_picked":["hexamod:RecurringNightmare","hexamod:GhostLash","hexamod:RetreatToShadows"],"picked":"SKIP","floor":26.0},{"not_picked":["hexamod:InspiringFlames","hexamod:SuperheatedStrike","hexamod:SwordOfDarkness"],"picked":"SKIP","floor":27.0},{"not_picked":["hexamod:AdvancingGuard","hexamod:PowerFromBeyond"],"picked":"hexamod:GhostOfSpirePast","floor":29.0},{"not_picked":["hexamod:GhostLash","hexamod:SpectralSpark"],"picked":"hexamod:HexaLevel","floor":32.0},{"not_picked":["hexamod:ParanormalForm","hexamod:TimeOfNeed"],"picked":"hexamod:FifthSeal","floor":33.0},{"not_picked":["hexamod:SecondSeal","hexamod:FourthSeal"],"picked":"hexamod:FirstSeal","floor":36.0},{"not_picked":["hexamod:RadiantFlame+1","hexamod:NightmareStrike","hexamod:HauntingEcho"],"picked":"SKIP","floor":36.0},{"not_picked":["hexamod:ThirdSeal","hexamod:FirstSeal"],"picked":"hexamod:SecondSeal","floor":37.0},{"not_picked":["hexamod:AdvancingGuard","hexamod:ThermalTransfer+1"],"picked":"hexamod:GhostOfSpirePast","floor":37.0},{"not_picked":["hexamod:SecondSeal","hexamod:FourthSeal"],"picked":"hexamod:SixthSeal","floor":40.0},{"not_picked":["hexamod:GiftsFromTheDead","hexamod:GhostLash+1","hexamod:SwordOfDarkness"],"picked":"SKIP","floor":40.0},{"not_picked":["hexamod:NightmareGuise","hexamod:Firestarter","hexamod:AdvancingGuard"],"picked":"SKIP","floor":42.0},{"not_picked":["hexamod:StepThrough+1","hexamod:SpectersWail","hexamod:SecondSeal"],"picked":"SKIP","floor":42.0},{"not_picked":["hexamod:Toasty","hexamod:BacktrackSmack+1"],"picked":"hexamod:GhostOfSpirePast+1","floor":44.0},{"not_picked":["hexamod:NightmareStrike","hexamod:ThirdSeal","hexamod:BurningTouch+1"],"picked":"SKIP","floor":44.0},{"not_picked":["hexamod:AdvancingGuard","hexamod:GhostflameBarrier+1","hexamod:WildfireWeapon"],"picked":"SKIP","floor":45.0},{"not_picked":["hexamod:FirstSeal","hexamod:GhostOfSpireFuture","hexamod:Hexaguard"],"picked":"SKIP","floor":45.0},{"not_picked":["hexamod:Again+1","hexamod:SpectersWail+1","hexamod:ThermalTransfer+1"],"picked":"SKIP","floor":46.0}],"player_experience":380005,"relics_obtained":[{"floor":7.0,"key":"Kunai"},{"floor":24.0,"key":"Oddly Smooth Stone"},{"floor":38.0,"key":"Smiling Mask"},{"floor":41.0,"key":"Bag of Marbles"},{"floor":45.0,"key":"bronze:BronzeIdol"}],"event_choices":[{"damage_healed":0.0,"max_hp_gain":5.0,"max_hp_loss":0.0,"gold_gain":0.0,"event_name":"Big Fish","player_choice":"Donut","floor":6.0,"gold_loss":0.0,"damage_taken":0.0}],"is_beta":false,"boss_relics":[{"not_picked":["SlaversCollar","Coffee Dripper"],"picked":"Fusion Hammer"},{"not_picked":["expansioncontent:StudyCardRelic","Cursed Key"],"picked":"Runic Dome"}],"items_purged_floors":[12,14,29,40],"is_endless":false,"potions_floor_spawned":[3,5,8,15,20,25,32,33,37,42,44,46],"killed_by":"3 Darklings","ascension_level":0}}