{"host":"zxkjcgzis4pm3za5","time":1613397960,"event":{"mods":["2.2 Compatiblity","AchievementEnabler","BaseMod","Colored Map","Colored Powertips","Minty Spire (QoL Compilation)","Quick Restart","Random Character Button","Relic Filter Mod","Relic Sorter","Relic Stats","StSLib"],"gold_per_floor":[369,349,53,70,81,116,116,150,150,150,60,60,60],"floor_reached":12,"language":"ENG","playtime":1160,"items_purged":[],"score":172,"play_id":"b72b64b2-fed9-4c59-8c23-57c0a16585a1","local_time":"20210215193600","is_ascension_mode":true,"campfire_choices":[{"floor":10,"key":"REST"}],"circlet_count":0,"master_deck":["AscendersBane","Strike_B","Strike_B","Strike_B","Strike_B","Defend_B","Defend_B","Defend_B","Defend_B","Zap","Dualcast","Compile Driver","Ball Lightning","Sweeping Beam","Fusion","Streamline","Biased Cognition"],"relics":["Cracked Core","Symbiotic Virus","Gremlin Horn","Cables","Molten Egg 2"],"acts_visited":[],"potions_floor_usage":[6,8],"damage_taken":[{"damage":1,"enemies":"2 Louse","floor":1,"turns":2},{"damage":1,"enemies":"Cultist","floor":4,"turns":3},{"damage":7,"enemies":"Jaw Worm","floor":5,"turns":2},{"damage":8,"enemies":"Gremlin Nob","floor":6,"turns":3},{"damage":20,"enemies":"3 Sentries","floor":8,"turns":5},{"damage":40,"enemies":"Lagavulin","floor":12,"turns":4}],"seed_played":"-8726016038444390365","potions_obtained":[{"floor":1,"key":"SneckoOil"},{"floor":2,"key":"Fire Potion"}],"is_trial":false,"path_per_floor":["M","?","$","M","M","E","?","E","T","R","$","E"],"character_chosen":"DEFECT","items_purchased":["Ball Lightning","Symbiotic Virus","Biased Cognition"],"campfire_rested":1,"item_purchase_floors":[3,3,11],"current_hp_per_floor":[45,45,45,44,37,29,24,4,4,25,25,0,0],"gold":60,"neow_bonus":"TWO_FIFTY_GOLD","is_daily":false,"chose_seed":false,"campfire_upgraded":0,"win_rate":0.0,"timestamp":1613397960,"path_taken":["M","?","$","?","M","E","?","E","T","R","?","E"],"items_purchased_type":["Card","Relic","Card"],"build_version":"2020-12-22","purchased_purges":0,"victory":false,"max_hp_per_floor":[71,71,71,71,71,71,71,71,71,71,71,71,71],"relic_stats":{"Gremlin Horn":[2,2],"counters":[6,19],"obtain_stats":[{"Gremlin Horn":6,"Molten Egg 2":9,"Cracked Core":0,"Symbiotic Virus":3,"Cables":8},{"Gremlin Horn":4,"Molten Egg 2":5,"Cracked Core":0,"Symbiotic Virus":1,"Cables":5},{"Gremlin Horn":10,"Molten Egg 2":15,"Cracked Core":0,"Symbiotic Virus":2,"Cables":15}],"Cables":[3,2,0,1,0]},"card_choices":[{"not_picked":["Conserve Battery","Force Field"],"picked":"Compile Driver","floor":1},{"not_picked":["Beam Cell","Conserve Battery"],"picked":"Sweeping Beam","floor":4},{"not_picked":["Sweeping Beam","Rebound","Force Field"],"picked":"SKIP","floor":5},{"not_picked":["Sweeping Beam","Rebound","Force Field"],"picked":"SKIP","floor":5},{"not_picked":["Scrape","Blizzard"],"picked":"Fusion","floor":6},{"not_picked":["Beam Cell","Barrage"],"picked":"Streamline","floor":8}],"player_experience":374768,"relics_obtained":[{"floor":6,"key":"Gremlin Horn"},{"floor":8,"key":"Cables"},{"floor":9,"key":"Molten Egg 2"}],"event_choices":[{"damage_healed":0,"gold_gain":0,"player_choice":"Bought 1 Potion","damage_taken":0,"max_hp_gain":0,"max_hp_loss":0,"event_name":"The Woman in Blue","floor":2,"gold_loss":0},{"damage_healed":0,"gold_gain":0,"player_choice":"Fled","damage_taken":5,"max_hp_gain":0,"max_hp_loss":0,"event_name":"Scrap Ooze","floor":7,"gold_loss":0}],"is_beta":false,"boss_relics":[],"items_purged_floors":[],"is_endless":false,"potions_floor_spawned":[1],"killed_by":"Lagavulin","ascension_level":20}}