{"host":"tr12w2fixbnujl15","time":1613350349,"event":{"mods":["100% Spire Juice","2.2 Compatiblity","A Penny For Your Troubles","BaseMod","Better Skull","Better Vampires","BetterRewards","Bossed Relics","CapriCore","Clockwork Mod","Colored Powertips","Evolution","Gremlin Skip","Hermit","Hubris","Infinite Spire","JesterMod","Jorbs\u0027s Wanderer Trilogy","Kalas","KinomotoSakuraMod(????)","Koishi","Mad Scientist","Magitek Elite","Mathematician","Minty Spire (QoL Compilation)","Permanent Neow","Quick Restart","Reimu??????","Relic Filter","Reliquary","Remilia_Scarlet Moed?????·?????3.3.5","Replay The Spire","SOS???????","Shade Mod","Shop Mod","StSLib","SuperFastMode","The Accelerator","The Bug Knight","The Construct","The Cursed","The Hayseed","The Hierophant","The Immortal","The Mystic","The Necromancer","The Runesmith","The Sage","The Senshi","The Servant 0.9.4","The Spell Scribe","The Valiant","The Vixen","The Wild Card","TheFirefly","TheSwordswoman","TheVelvet","Transform Curses","WarShipGirlsR/????R mod","Yakumo Yukari mod","[IsaacMod]????"],"gold_per_floor":[136,149,162,181,8,8,40,52,52,88,165,185,185,199,199,314,314,324,343,354,45,57,57,57,94,94,111,111,111,111,211,211,319,319,338,340,96,115,115,148,148,181,181,181,231,247,247,258,258,269,280,2,302,314,314,365,406,406,419,451,461,475,475,475,634],"floor_reached":51,"language":"ENG","playtime":3688,"items_purged":[],"score":1118,"play_id":"09a82aaa-e8d9-4e11-9dbf-ab49f0fcdff0","local_time":"20210214195229","is_ascension_mode":false,"campfire_choices":[{"data":"Yakumo_Ran_purple","floor":6,"key":"SMITH"},{"floor":13,"key":"REST"},{"floor":15,"key":"REST"},{"data":"ContainerChange_purple","floor":23,"key":"SMITH"},{"floor":28,"key":"REST"},{"floor":32,"key":"REST"},{"data":"BarrageBoundary_PipeDream_purple","floor":32,"key":"SMITH"},{"floor":41,"key":"RECALL"},{"floor":49,"key":"REST"},{"data":"ReplayTheSpireMod:Black Plague","floor":49,"key":"SMITH"},{"data":"BettingIsNotGood","floor":40,"key":"SMITH"},{"data":"DoctorFetus","floor":49,"key":"SMITH"}],"circlet_count":0,"master_deck":["OmniscientAndOmnipotent_Monster_purple","OmniscientAndOmnipotent_Monster_purple","OmniscientAndOmnipotent_Monster_purple","AT_purpleEX","Defend_purpleEX","Defend_purpleEX","Defend_purpleEX","Defend_purpleEX","Observe_purple_1","Observe_purple_2","BettingIsNotGood+1","ExistenceContinue_purple","DimensionStaggered_purple","Anti_communist_purple","StateErode_purple","Yakumo_Ran_purple+1","Boundary_of_Extermination_purpleEX","Worldmountain_purple","ContainerChange_purple+1","StretchesForeverDream_purple","AdvanceAttack_purple","Shallow_ocean_purpleEX","Shallow_ocean_purpleEX","GluttonyofRealm_purpleEX","Boundary_ObjectiveBoundary_purple","WatchEChange_purple","Boundary_DreamRealityDamnation_purple","Shallow_ocean_purpleEX","SharpContractionReality_purple","OmniscientAndOmnipotent_Monster_purple","BarrageBoundary_PipeDream_purple+1","Mirror_TwoAndThreeElementRealm_purple","DimensionStaggered_purple+1","Enlightenment","DoctorFetus+1","ExistenceContinue_purple","Nest_LightFlightworm_purple+1","Umbrella_purple","StateDuplicate_purple","RealityDreamConfluencek_purple","ReplayTheSpireMod:Black Plague+1","Shallow_ocean_purpleEX+1","Shallow_ocean_purpleEX","Erosivefilter_purple+1","Shallow_ocean_purpleEX","Boundary_LightAndDark_purple+1","EighthInstrument_OneDividesIntoTwo_purple+1"],"relics":["Boundary_crack","Memoryfragments_purpleEX","EVO:Axolotl","HushsDoor","DoctorsRemote","MerchantsRug","Chemical X","Turnip","Simple Rune","reliquary:Firecrackers","infinitespire:Midas Blood","ThegodofHakurei_purpleEX","Gem_Box","reliquary:PartyBalloon","HowToJump","TheEssenceOfRealm","reliquary:RedPaperclip","infinitespire:Magic Flask","reliquary:TridentHead","Honey Jar","infinitespire:ShieldingShard","Ancient Tea Set","hubris:TenFootPole","hubris:Potato","hubris:Towel","YumHeart","TentaclePot:ReiMu","SalivaCoin","Replay:Towering Pillar of Hats","reliquary:Sideboard","Lizard Tail"],"acts_visited":["Exordium","TheCity","TheBeyond"],"potions_floor_usage":[7,31,31,33,33,33,45,45,41,42,50,50],"damage_taken":[{"damage":11,"enemies":"Jaw Worm","floor":1,"turns":4},{"damage":5,"enemies":"Small Slimes","floor":2,"turns":3},{"damage":3,"enemies":"Cultist","floor":3,"turns":3},{"damage":11,"enemies":"2 Fungi Beasts","floor":4,"turns":3},{"damage":23,"enemies":"Lagavulin","floor":7,"turns":3},{"damage":5,"enemies":"Lots of Slimes","floor":8,"turns":3},{"damage":14,"enemies":"3 Sentries","floor":10,"turns":2},{"damage":7,"enemies":"Exordium Thugs","floor":12,"turns":4},{"damage":0,"enemies":"2 Fungi Beasts","floor":14,"turns":2},{"damage":18,"enemies":"Fading Forest","floor":16,"turns":11},{"damage":0,"enemies":"Chosen","floor":18,"turns":4},{"damage":0,"enemies":"Spheric Guardian","floor":19,"turns":1},{"damage":0,"enemies":"Snake Plant","floor":20,"turns":1},{"damage":12,"enemies":"Centurion and Healer","floor":22,"turns":2},{"damage":14,"enemies":"Chosen and Byrds","floor":25,"turns":3},{"damage":21,"enemies":"Snake Plant","floor":27,"turns":3},{"damage":0,"enemies":"Colosseum Slavers","floor":31,"turns":1},{"damage":0,"enemies":"Colosseum Nobs","floor":31,"turns":3},{"damage":18,"enemies":"hubris:MusketHawk","floor":33,"turns":4},{"damage":0,"enemies":"Orb Walker","floor":35,"turns":3},{"damage":0,"enemies":"3 Shapes","floor":38,"turns":1},{"damage":19,"enemies":"HollowMod:StalkingDevout","floor":40,"turns":3},{"damage":14,"enemies":"Nightmare","floor":42,"turns":2},{"damage":0,"enemies":"Mind Bloom Boss Battle","floor":45,"turns":5},{"damage":0,"enemies":"Jaw Worm Horde","floor":46,"turns":1},{"damage":0,"enemies":"3 Darklings","floor":48,"turns":1},{"damage":0,"enemies":"3 Shapes","floor":35,"turns":1},{"damage":0,"enemies":"Orb Walker","floor":36,"turns":1},{"damage":0,"enemies":"3 Darklings","floor":39,"turns":1},{"damage":0,"enemies":"Giant Head","floor":41,"turns":3},{"damage":0,"enemies":"Transient","floor":42,"turns":5},{"damage":0,"enemies":"4 Shapes","floor":44,"turns":1},{"damage":0,"enemies":"Reptomancer","floor":45,"turns":1},{"damage":0,"enemies":"Jaw Worm Horde","floor":46,"turns":1},{"damage":0,"enemies":"Transient","floor":47,"turns":5},{"damage":38,"enemies":"hubris:GrandSnecko","floor":50,"turns":4}],"seed_played":"-4288305553873939925","potions_obtained":[{"floor":4,"key":"AttackPotion"},{"floor":7,"key":"Strength Potion"},{"floor":14,"key":"sagemod:Wine"},{"floor":16,"key":"ZuzhouPotion:ReiMu"},{"floor":18,"key":"MagicPotion:ReiMu"},{"floor":22,"key":"EntropicBrew"},{"floor":27,"key":"SkillPotion"},{"floor":33,"key":"Explosive Potion"},{"floor":42,"key":"ZuzhouPotion:ReiMu"},{"floor":45,"key":"Fire Potion"},{"floor":46,"key":"Adrenaline Potion"},{"floor":35,"key":"AttackPotion"},{"floor":41,"key":"ZuzhouPotion:ReiMu"},{"floor":45,"key":"SkillPotion"},{"floor":47,"key":"SteroidPotion"}],"is_trial":false,"path_per_floor":["M","M","M","M","$","R","E","M","T","E","?","M","R","M","R","B",null,"M","M","M","$","M","R","?","M","T","M","R","?","AVR","?","R","B",null,"M","?","$","M","?","E","R","NM","T","?","?","M","AVR","M","R","M","M","$","?","M","R","E","M","T","M","E","M","M","$","R","B",null],"character_chosen":"Youkari","items_purchased":["MerchantsRug","Chemical X","MealTicket","CommonSense_AntiCommonSense_purple","Simple Rune","Yakumo_Ran_purple","Boundary_of_Extermination_purpleEX","Worldmountain_purple","Antimatter_spacedebris","AttackPotion","reliquary:PartyBalloon","infinitespire:ShieldingShard","TentaclePot:ReiMu","SalivaCoin"],"campfire_rested":5,"item_purchase_floors":[0,0,0,0,0,5,5,5,21,21,21,37,37,37],"current_hp_per_floor":[64,61,63,61,70,70,52,48,48,35,24,26,47,47,68,55,70,73,73,73,73,62,62,62,50,50,34,55,55,55,58,73,60,73,73,63,63,64,64,45,45,36,36,36,40,41,66,67,73,73,73,73,73,73,73,73,73,73,73,73,73,73,73,73,44],"gold":634,"neow_bonus":"","is_daily":false,"chose_seed":false,"campfire_upgraded":6,"win_rate":0.0,"timestamp":1613350349,"path_taken":["M","M","M","M","$","R","E","M","T","E","?","M","R","M","R","BOSS","M","M","M","?","?","R","?","M","T","M","R","?","AVR","?","R","BOSS","M","?","$","M","?","E","R","NM","T","?","?","?","AVR","M","R","M","M","?","?","M","R","E","M","T","?","E","M","M","?","R","BOSS"],"items_purchased_type":["Relic","Relic","Relic","Card","Relic","Card","Card","Card","Relic","Potion","Relic","Relic","Relic","Relic"],"build_version":"2020-12-22","purchased_purges":0,"victory":true,"max_hp_per_floor":[70,70,70,70,70,70,70,70,70,70,70,70,70,70,70,70,70,73,73,73,73,73,73,73,73,73,73,73,73,73,73,73,73,73,73,73,73,73,73,73,73,73,73,73,73,73,73,73,73,73,73,73,73,73,73,73,73,73,73,73,73,73,73,73,73],"card_choices":[{"not_picked":[],"picked":"BettingIsNotGood","floor":0},{"not_picked":["SfantasyHide_purple","WingOfChimera_purple"],"picked":"ExistenceContinue_purple","floor":1},{"not_picked":["OmniscientAndOmnipotent_Monster_purple","Realm_recovery_purpleEX"],"picked":"DimensionStaggered_purple","floor":2},{"not_picked":["AdvanceAttack_purple","ExistenceContinue_purple"],"picked":"Anti_communist_purple","floor":3},{"not_picked":["Bomb","Mirror_FourBoundary_purple"],"picked":"StateErode_purple","floor":4},{"not_picked":["PositiveMatter_Antimatter_Universe_purple","StateErode_purple"],"picked":"ContainerChange_purple","floor":7},{"not_picked":["SfantasyHide_purple","OmniscientAndOmnipotent_Monster_purple"],"picked":"StretchesForeverDream_purple","floor":8},{"not_picked":["Line_surface_state_purple","WingOfChimera_purple"],"picked":"AdvanceAttack_purple","floor":10},{"not_picked":["Fantasy_PerpetualMotionMachine_purple","DimensionStaggered_purple"],"picked":"Shallow_ocean_purpleEX","floor":12},{"not_picked":["MNeedle_purple","Yakumo_Ran_purple"],"picked":"Shallow_ocean_purpleEX","floor":14},{"not_picked":["Monsters_DoubleDeathButterfly_purple","UniverseChoice_purple"],"picked":"GluttonyofRealm_purpleEX","floor":16},{"not_picked":["Realm_recovery_purpleEX","StretchesForeverDream_purple"],"picked":"Boundary_ObjectiveBoundary_purple","floor":18},{"not_picked":["ExistenceContinue_purple","PurpleNeedle_purple"],"picked":"WatchEChange_purple","floor":19},{"not_picked":["MeetDecomposer_purple","ButterflyHabitatTemple_purple"],"picked":"Boundary_DreamRealityDamnation_purple","floor":20},{"not_picked":["MNeedle_purple","Nest_LightFlightworm_purple+1"],"picked":"Shallow_ocean_purpleEX","floor":22},{"not_picked":["WorldDissolvedintheRealm_purple","WatchEChange_purple+1"],"picked":"SharpContractionReality_purple","floor":25},{"not_picked":["Line_surface_state_purple","StateErode_purple"],"picked":"OmniscientAndOmnipotent_Monster_purple","floor":27},{"not_picked":["StateErode_purple","RealityDreamConfluencek_purple"],"picked":"BarrageBoundary_PipeDream_purple","floor":31},{"not_picked":["MagicEyes_LaplaceDemon_purple","D_absorption_purple"],"picked":"Mirror_TwoAndThreeElementRealm_purple","floor":33},{"not_picked":["SharpContractionReality_purple+1","Bait_Toxicbait_purple+1","Boundary_DreamRealityDamnation_purple+1"],"picked":"DimensionStaggered_purple+1","floor":35},{"not_picked":["Mayhem","Metamorphosis","sagemod:Refine"],"picked":"Enlightenment","floor":36},{"not_picked":["Forethought","Chrysalis","Finesse"],"picked":"ChaosCard","floor":36},{"not_picked":["Specialist","Jack Of All Trades","Enlightenment"],"picked":"DoctorFetus","floor":36},{"not_picked":["SharpContractionReality_purple+1","Mirror_FormAndEmptin_purple","Worldmountain_purple"],"picked":"ExistenceContinue_purple","floor":38},{"not_picked":["Erosivefilter_purple","SfantasyHide_purple","Mirror_FormAndEmptin_purple"],"picked":"Nest_LightFlightworm_purple+1","floor":40},{"not_picked":["Realm_recovery_purpleEX+1","Mirror_TwoAndThreeElementRealm_purple","Mirror_FormAndEmptin_purple+1"],"picked":"Umbrella_purple","floor":42},{"not_picked":["StateErode_purple","Line_surface_state_purple","Boundary_of_Extermination_purpleEX+1"],"picked":"StateDuplicate_purple","floor":45},{"not_picked":["AdvanceAttack_purple","OmniscientAndOmnipotent_Monster_purple","MetroBOOM_purple"],"picked":"RealityDreamConfluencek_purple","floor":46},{"not_picked":["DimensionStaggered_purple","Yakumo_Ran_purple","ExistenceContinue_purple+1"],"picked":"Shallow_ocean_purpleEX+1","floor":48},{"not_picked":["Mirror_FormAndEmptin_purple","StateErode_purple","PositiveMatter_Antimatter_Universe_purple+1"],"picked":"Shallow_ocean_purpleEX","floor":35},{"not_picked":["WorldDissolvedintheRealm_purple","SfantasyHide_purple+1","Realm_recovery_purpleEX"],"picked":"Erosivefilter_purple+1","floor":36},{"not_picked":["Boundary_DynamicStaticEquilibrium_purple+1","StateErode_purple+1","DarkRealmRedLine_purple"],"picked":"Shallow_ocean_purpleEX","floor":39},{"not_picked":["AdvanceAttack_purple+1","SharpContractionReality_purple","StateDuplicate_purple"],"picked":"Boundary_LightAndDark_purple+1","floor":41},{"not_picked":["Mirror_FormAndEmptin_purple","Charmbait_purple+1","WatchEChange_purple+1"],"picked":"EighthInstrument_OneDividesIntoTwo_purple+1","floor":42},{"not_picked":["ExistenceContinue_purple+1","EighthInstrument_OneDividesIntoTwo_purple","Mirror_Drifter_purple"],"picked":"Worldmountain_purple+1","floor":44},{"not_picked":["StateDuplicate_purple+1","DimensionStaggered_purple","OmniscientAndOmnipotent_Monster_purple"],"picked":"RuptureOfTimeAndSpace_purple","floor":45},{"not_picked":["Mirror_WaveAndshot_purple","WorldDissolvedintheRealm_purple","Line_surface_state_purple+1"],"picked":"Boundary_ObjectiveBoundary_purple+1","floor":46},{"not_picked":["StateErode_purple","ExternalForce_HighSpeedFlying_purple","Boundary_LightAndDark_purple"],"picked":"WasteWire_Metro_purple","floor":47}],"player_experience":114667,"relics_obtained":[{"floor":7,"key":"reliquary:Firecrackers"},{"floor":9,"key":"infinitespire:Midas Blood"},{"floor":10,"key":"ThegodofHakurei_purpleEX"},{"floor":26,"key":"HowToJump"},{"floor":31,"key":"infinitespire:Magic Flask"},{"floor":31,"key":"reliquary:TridentHead"},{"floor":40,"key":"Ancient Tea Set"},{"floor":42,"key":"hubris:TenFootPole"},{"floor":43,"key":"hubris:Potato"},{"floor":45,"key":"ForgetMeNow"},{"floor":41,"key":"Replay:Towering Pillar of Hats"},{"floor":43,"key":"reliquary:Sideboard"},{"floor":45,"key":"Lizard Tail"}],"event_choices":[{"damage_healed":0,"gold_gain":75,"player_choice":"Gather Gold","damage_taken":11,"max_hp_gain":0,"max_hp_loss":0,"event_name":"World of Goop","floor":11,"gold_loss":0},{"damage_healed":0,"gold_gain":0,"player_choice":"Ignored","damage_taken":0,"max_hp_gain":0,"max_hp_loss":0,"event_name":"Cursed Tome","floor":24,"gold_loss":0},{"damage_healed":0,"gold_gain":0,"player_choice":"Ignored","damage_taken":0,"max_hp_gain":0,"max_hp_loss":0,"event_name":"Beggar","floor":29,"gold_loss":0},{"damage_healed":0,"gold_gain":0,"player_choice":"Fight","damage_taken":0,"max_hp_gain":0,"max_hp_loss":0,"event_name":"Colosseum","floor":31,"gold_loss":0},{"damage_healed":0,"gold_gain":0,"player_choice":"Fought Nobs","damage_taken":0,"max_hp_gain":0,"max_hp_loss":0,"event_name":"Colosseum","floor":31,"gold_loss":0},{"damage_healed":0,"gold_gain":0,"player_choice":"Memory 3","damage_taken":10,"max_hp_gain":0,"max_hp_loss":0,"event_name":"SensoryStone","floor":36,"gold_loss":0},{"cards_removed":["CommonSense_AntiCommonSense_purple"],"damage_healed":0,"gold_gain":0,"player_choice":"Removed Power","damage_taken":0,"max_hp_gain":0,"max_hp_loss":0,"event_name":"Falling","floor":39,"gold_loss":0},{"damage_healed":0,"gold_gain":0,"player_choice":"Fight","damage_taken":0,"max_hp_gain":0,"max_hp_loss":0,"event_name":"MindBloom","floor":45,"gold_loss":0}],"is_beta":false,"boss_relics":[{"not_picked":["Empty Cage","construct:ClawGrip"],"picked":"Gem_Box"},{"not_picked":[]},{"not_picked":["reliquary:KinkedSpring","reliquary:Ember"],"picked":"Honey Jar"},{"not_picked":[]}],"items_purged_floors":[],"is_endless":false,"potions_floor_spawned":[4,7,14,16,18,22,27,33,42,45,46,35,41,45,47],"ascension_level":0}}