{"host":"c35j6tsoy7cxzn43","time":1613390756,"event":{"mods":["BaseMod","Better Third Choice","BetterRewards","Colored Map","Colored Powertips","Conspire","Highlight Path","Hubris","Infinite Spire","Minty Spire (QoL Compilation)","Quick Restart","Replay The Spire","Shop Mod","StSLib"],"gold_per_floor":[118,118,118,132,147,180,80,123,123,123,156,8,8,8,8,139,139,162,162,186,199,217,217,316,330,330,368,368,386,422,441,441,569,569,624,624,689,382,423,423,485,485,509,585,642,700,771,837,837,837,837,837,112,154,154],"floor_reached":56,"language":"ENG","playtime":3637,"items_purged":["Defend_G","Strike_G","Strike_G"],"score":1569,"play_id":"a448d3a2-4e86-4527-bdea-1a4b63bfb1cd","local_time":"20210215130556","is_ascension_mode":false,"campfire_choices":[{"data":"Noxious Fumes","floor":10,"key":"SMITH"},{"floor":13,"key":"REST"},{"data":"Strike_G","floor":15,"key":"SMITH"},{"data":"infinitespire:Neurotoxin","floor":23,"key":"SMITH"},{"data":"Blur","floor":28,"key":"SMITH"},{"floor":40,"key":"RECALL"},{"data":"1","floor":42,"key":"LIFT"},{"data":"Noxious Fumes","floor":49,"key":"SMITH"},{"data":"2","floor":52,"key":"LIFT"}],"circlet_count":0,"master_deck":["Strike_G+1","Strike_G","Strike_G","Defend_G","Defend_G","Defend_G","Defend_G","Survivor","Neutralize","Noxious Fumes+1","Bane","Ghostly","Poisoned Stab","infinitespire:Neurotoxin+1","Blur+1","Noxious Fumes+1","Blur+1","Noxious Fumes+1","Burst","Backstab+1","Noxious Fumes+1","Footwork+1","Bane+1","Footwork+1"],"relics":["Ring of the Snake","NeowsBlessing","Golden Idol","Ancient Tea Set","Akabeko","Replay:Rubber Ducky","Replay:Baseball","Anchor","conspire:Flyswatter","conspire:RunicOctahedron","hubris:HerbalPaste","Blue Candle","Frozen Egg 2","Replay:Multitool","infinitespire:EvilPickle","Snecko Scales","hubris:EmptyBottle","Girya","Omamori","Orichalcum","Replay:Wax Seal","StrikeDummy","TheAbacus","Boot"],"acts_visited":["Exordium","TheCity","TheBeyond","TheEnding"],"potions_floor_usage":[8,8,11,27,30,41,50,50,50,50,55,55,55,55,55,55],"damage_taken":[{"damage":0,"enemies":"Cultist","floor":1,"turns":1},{"damage":0,"enemies":"Small Slimes","floor":4,"turns":1},{"damage":0,"enemies":"Jaw Worm","floor":5,"turns":1},{"damage":27,"enemies":"3 Sentries","floor":6,"turns":10},{"damage":1,"enemies":"Gremlin Nob","floor":8,"turns":4},{"damage":16,"enemies":"Lagavulin","floor":11,"turns":7},{"damage":6,"enemies":"Hexaghost","floor":16,"turns":9},{"damage":0,"enemies":"Chosen","floor":18,"turns":4},{"damage":28,"enemies":"conspire:FuzzyDice","floor":20,"turns":5},{"damage":27,"enemies":"Snake Plant","floor":21,"turns":5},{"damage":14,"enemies":"3 Cultists","floor":22,"turns":4},{"damage":8,"enemies":"Cultist and Chosen","floor":25,"turns":5},{"damage":13,"enemies":"Gremlin Leader","floor":27,"turns":6},{"damage":13,"enemies":"Snecko","floor":29,"turns":5},{"damage":13,"enemies":"Slavers","floor":30,"turns":4},{"damage":3,"enemies":"Snake Plant","floor":31,"turns":4},{"damage":33,"enemies":"Pondfish","floor":33,"turns":12},{"damage":1,"enemies":"3 Darklings","floor":35,"turns":5},{"damage":0,"enemies":"3 Shapes","floor":37,"turns":4},{"damage":1,"enemies":"Transient","floor":39,"turns":5},{"damage":3,"enemies":"Giant Head","floor":41,"turns":7},{"damage":6,"enemies":"Reptomancer","floor":44,"turns":5},{"damage":2,"enemies":"Maw","floor":45,"turns":5},{"damage":5,"enemies":"4 Shapes","floor":46,"turns":3},{"damage":4,"enemies":"3 Darklings","floor":47,"turns":5},{"damage":28,"enemies":"Sphere and 2 Shapes","floor":48,"turns":4},{"damage":39,"enemies":"Donu and Deca","floor":50,"turns":8},{"damage":1,"enemies":"Shield and Spear","floor":54,"turns":6},{"damage":44,"enemies":"The Heart","floor":55,"turns":8}],"seed_played":"-650612659876344001","potions_obtained":[{"floor":1,"key":"infinitespire:BlackPotion"},{"floor":6,"key":"Toxic Potion"},{"floor":8,"key":"SteroidPotion"},{"floor":16,"key":"ColorlessPotion"},{"floor":21,"key":"FairyPotion"},{"floor":25,"key":"BlessingOfTheForge"},{"floor":29,"key":"ColorlessPotion"},{"floor":30,"key":"AttackPotion"},{"floor":31,"key":"PowerPotion"},{"floor":45,"key":"Flashbang"},{"floor":54,"key":"Strength Potion"}],"is_trial":false,"path_per_floor":["M","?","?","M","M","E","?","E","T","R","E","$","R","?","R","B",null,"M","AVR","M","M","M","R","?","M","T","E","R","M","E","M","R","B",null,"M","?","M","$","M","R","E","R","T","E","M","M","M","M","R","B",null,"R","$","E","B",null],"character_chosen":"THE_SILENT","items_purchased":["Anchor","Noxious Fumes+1","hubris:EmptyBottle","Replay:Wax Seal","StrikeDummy","TheAbacus","Footwork+1","SkillPotion","Venom Potion","Bane+1"],"campfire_rested":1,"item_purchase_floors":[12,38,38,53,53,53,53,53,53,53],"current_hp_per_floor":[70,53,41,41,41,14,14,23,23,23,7,7,28,28,28,22,70,70,70,43,22,14,14,14,12,12,5,5,37,30,33,54,27,70,69,69,70,70,69,69,67,67,67,64,68,68,67,42,42,9,70,70,70,69,27],"gold":154,"neow_bonus":"THREE_ENEMY_KILL","is_daily":false,"chose_seed":false,"campfire_upgraded":5,"win_rate":0.0,"timestamp":1613390756,"path_taken":["M","?","?","M","M","E","?","E","T","R","E","?","R","?","R","BOSS","M","AVR","M","M","M","R","?","M","T","E","R","M","E","M","R","BOSS","M","?","M","?","M","R","E","R","T","E","?","M","M","M","R","BOSS","R","$","E","BOSS"],"items_purchased_type":["Relic","Card","Relic","Relic","Relic","Relic","Card","Potion","Potion","Card"],"build_version":"2020-12-22","purchased_purges":3,"victory":true,"max_hp_per_floor":[70,70,70,70,70,70,70,70,70,70,70,70,70,70,70,70,70,70,70,70,70,70,70,70,70,70,70,70,70,70,70,70,70,70,70,70,70,70,70,70,70,70,70,70,70,70,70,70,70,70,70,70,70,70,70],"card_choices":[{"not_picked":["hubris:SlightOfHand","Prepared","Masterful Stab"],"picked":"SKIP","floor":1},{"not_picked":["PiercingWail","ReplayTheSpireMod:Exploit Weakness","Flechettes"],"picked":"SKIP","floor":4},{"not_picked":["Eviscerate","ReplayTheSpireMod:Exploit Weakness"],"picked":"Noxious Fumes","floor":5},{"not_picked":["Blade Dance","Dagger Spray"],"picked":"Bane","floor":6},{"not_picked":["Outmaneuver","Fluid Movement","Slice"],"picked":"SKIP","floor":8},{"not_picked":["Hidden Blade","Slice"],"picked":"Poisoned Stab","floor":11},{"not_picked":["Grand Finale","A Thousand Cuts"],"picked":"infinitespire:Neurotoxin","floor":16},{"not_picked":["Cloak And Dagger","Blade Dance","Dagger Throw+1"],"picked":"SKIP","floor":18},{"not_picked":["Blade Dance","Outmaneuver"],"picked":"Blur","floor":20},{"not_picked":["Hidden Blade","Flying Knee"],"picked":"Noxious Fumes","floor":21},{"not_picked":["Calculated Gamble+1","Slice","conspire:PoisonWeapons"],"picked":"SKIP","floor":22},{"not_picked":["Underhanded Strike","Poisoned Stab","Deadly Poison"],"picked":"SKIP","floor":25},{"not_picked":["Bane","Prepared"],"picked":"Blur","floor":27},{"not_picked":["Blade Dance","PiercingWail","Heel Hook"],"picked":"SKIP","floor":29},{"not_picked":["Skewer","Slice"],"picked":"Noxious Fumes+1","floor":30},{"not_picked":["Blade Dance","Sucker Punch+1","hubris:TrickCloak"],"picked":"SKIP","floor":31},{"not_picked":["Doppelganger","After Image+1"],"picked":"Burst","floor":33},{"not_picked":["hubris:SlightOfHand","Poisoned Stab","Deadly Poison+1"],"picked":"SKIP","floor":35},{"not_picked":["Hidden Blade","Deflect"],"picked":"Backstab+1","floor":37},{"not_picked":["Endless Agony+1","Backflip","Cloak And Dagger+1"],"picked":"SKIP","floor":39},{"not_picked":["Dodge and Roll","ReplayTheSpireMod:From All Sides","Hidden Blade+1"],"picked":"SKIP","floor":41},{"not_picked":["Underhanded Strike+1","ReplayTheSpireMod:The Works+1","hubris:Counter+1"],"picked":"SKIP","floor":44},{"not_picked":["Slice+1","Dodge and Roll+1","Skewer"],"picked":"SKIP","floor":45},{"not_picked":["infinitespire:Neurotoxin","Dagger Throw+1","Finisher"],"picked":"SKIP","floor":46},{"not_picked":["Endless Agony+1","Hidden Blade","Sneak Up"],"picked":"SKIP","floor":47},{"not_picked":["Dagger Spray","PiercingWail","Acrobatics"],"picked":"SKIP","floor":48},{"not_picked":["PiercingWail","Draining Mist"],"picked":"Footwork+1","floor":54}],"player_experience":472321,"relics_obtained":[{"floor":6,"key":"Akabeko"},{"floor":8,"key":"Replay:Rubber Ducky"},{"floor":11,"key":"Replay:Baseball"},{"floor":14,"key":"conspire:Flyswatter"},{"floor":26,"key":"Blue Candle"},{"floor":27,"key":"Frozen Egg 2"},{"floor":30,"key":"Replay:Multitool"},{"floor":41,"key":"Girya"},{"floor":43,"key":"Omamori"},{"floor":44,"key":"Orichalcum"},{"floor":54,"key":"Boot"}],"event_choices":[{"damage_healed":0,"gold_gain":0,"player_choice":"Take Damage","damage_taken":17,"relics_obtained":["Golden Idol"],"max_hp_gain":0,"max_hp_loss":0,"event_name":"Golden Idol","floor":2,"gold_loss":0},{"damage_healed":0,"gold_gain":0,"player_choice":"Relic ","damage_taken":12,"max_hp_gain":0,"max_hp_loss":0,"event_name":"betterThird:BetterScrap","floor":3,"gold_loss":0,"cards_obtained":["Evolve"]},{"damage_healed":0,"gold_gain":0,"player_choice":"Argue","damage_taken":0,"max_hp_gain":0,"max_hp_loss":0,"event_name":"conspire:LoneGhost","floor":7,"gold_loss":0},{"damage_healed":0,"gold_gain":99,"player_choice":"Steal","damage_taken":0,"max_hp_gain":0,"max_hp_loss":0,"event_name":"betterThird:BetterNest","floor":24,"gold_loss":0},{"damage_healed":0,"gold_gain":0,"player_choice":"Ignored","damage_taken":0,"max_hp_gain":0,"max_hp_loss":0,"event_name":"NoteForYourself","floor":36,"gold_loss":0}],"is_beta":false,"boss_relics":[{"not_picked":["Replay:Grab Bag","conspire:SeveredTorchhead"],"picked":"conspire:RunicOctahedron"},{"not_picked":["hubris:HollowSoul","Philosopher\u0027s Stone"],"picked":"Snecko Scales"}],"items_purged_floors":[19,38,53],"is_endless":false,"potions_floor_spawned":[1,6,8,16,21,25,29,30,31,37,45,47,54],"ascension_level":0}}