{"host":"19r1ww88x2tc73i0","time":1613412072,"event":{"mods":["BaseMod","BetterRewards","Colored Map","Minty Spire (QoL Compilation)","Relic Stats","StSLib","SuperFastMode","slay the spire mod where everything is the same but ironclad has a cowboy hat"],"gold_per_floor":[110,123,137,155,155,155,183,183,183,183,218,232,261,106,106,179,179,199,218,231,194,194,228,228,228,228,259,174,187,213,231,231,306,306,319,319,319,319,319,319,344,150,150,161,189,203,203,231,231,271,271,271,24,54,54,54],"floor_reached":55,"language":"ENG","playtime":2186,"items_purged":["Defend_P","Strike_P","Strike_P"],"score":2229,"play_id":"1f61312f-7ce6-4c25-a421-029725560ed6","local_time":"25640216010112","is_ascension_mode":true,"campfire_choices":[{"data":"FlyingSleeves","floor":6.0,"key":"SMITH"},{"data":"Prostrate","floor":8.0,"key":"SMITH"},{"data":"Prostrate","floor":10.0,"key":"SMITH"},{"data":"CutThroughFate","floor":15.0,"key":"SMITH"},{"data":"Fasting2","floor":24.0,"key":"SMITH"},{"data":"MasterReality","floor":32.0,"key":"SMITH"},{"data":"Wallop","floor":40.0,"key":"SMITH"},{"floor":49.0,"key":"RECALL"},{"data":"FlyingSleeves","floor":52.0,"key":"SMITH"}],"circlet_count":0,"master_deck":["AscendersBane","Strike_P","Defend_P","Defend_P","Eruption","Vigilance","Prostrate+1","CutThroughFate+1","FlyingSleeves+1","Evaluate+1","ThirdEye+1","Prostrate+1","Perseverance+1","Worship+1","BowlingBash","DeusExMachina+1","CrushJoints+1","Prostrate+1","Sanctity+1","Fasting2+1","FlyingSleeves+1","MasterReality+1","SpiritShield+1","Wallop+1","Trip+1","Bandage Up+1","Evaluate+1","Sanctity+1","SashWhip+1","Prostrate+1"],"relics":["HolyWater","Damaru","Pen Nib","Sling","Oddly Smooth Stone","Art of War","PreservedInsect","Vajra","Bag of Marbles","Toxic Egg 2","Happy Flower","Strange Spoon","Coffee Dripper","Juzu Bracelet","Smiling Mask","CaptainsWheel","Lantern","Mummified Hand","FossilizedHelix","White Beast Statue","Singing Bowl","ClockworkSouvenir","Anchor","InkBottle","HornCleat","War Paint"],"acts_visited":["Exordium","TheCity","TheBeyond","TheEnding"],"potions_floor_usage":[55],"damage_taken":[{"damage":0.0,"enemies":"Cultist","floor":1.0,"turns":4.0},{"damage":7.0,"enemies":"2 Louse","floor":2.0,"turns":3.0},{"damage":0.0,"enemies":"Small Slimes","floor":3.0,"turns":4.0},{"damage":0.0,"enemies":"2 Fungi Beasts","floor":4.0,"turns":3.0},{"damage":0.0,"enemies":"Lagavulin","floor":7.0,"turns":2.0},{"damage":5.0,"enemies":"3 Sentries","floor":11.0,"turns":5.0},{"damage":0.0,"enemies":"Exordium Thugs","floor":12.0,"turns":4.0},{"damage":0.0,"enemies":"Gremlin Nob","floor":13.0,"turns":2.0},{"damage":0.0,"enemies":"Slime Boss","floor":16.0,"turns":6.0},{"damage":0.0,"enemies":"Spheric Guardian","floor":18.0,"turns":3.0},{"damage":0.0,"enemies":"Shell Parasite","floor":19.0,"turns":1.0},{"damage":0.0,"enemies":"Snake Plant","floor":20.0,"turns":1.0},{"damage":0.0,"enemies":"Gremlin Leader","floor":23.0,"turns":2.0},{"damage":13.0,"enemies":"Book of Stabbing","floor":27.0,"turns":2.0},{"damage":0.0,"enemies":"Chosen and Byrds","floor":29.0,"turns":3.0},{"damage":0.0,"enemies":"Gremlin Leader","floor":30.0,"turns":2.0},{"damage":0.0,"enemies":"3 Cultists","floor":31.0,"turns":1.0},{"damage":5.0,"enemies":"Automaton","floor":33.0,"turns":8.0},{"damage":5.0,"enemies":"3 Darklings","floor":35.0,"turns":4.0},{"damage":0.0,"enemies":"Giant Head","floor":41.0,"turns":2.0},{"damage":0.0,"enemies":"3 Shapes","floor":44.0,"turns":5.0},{"damage":0.0,"enemies":"Reptomancer","floor":45.0,"turns":2.0},{"damage":0.0,"enemies":"Transient","floor":46.0,"turns":5.0},{"damage":0.0,"enemies":"Giant Head","floor":48.0,"turns":4.0},{"damage":15.0,"enemies":"Donu and Deca","floor":50.0,"turns":6.0},{"damage":1.0,"enemies":"Shield and Spear","floor":54.0,"turns":5.0},{"damage":89,"enemies":"The Heart","floor":55,"turns":8}],"seed_played":"7176432599874793115","potions_obtained":[{"floor":3.0,"key":"DistilledChaos"},{"floor":11.0,"key":"Ancient Potion"},{"floor":13.0,"key":"Strength Potion"},{"floor":16.0,"key":"LiquidMemories"},{"floor":29.0,"key":"ColorlessPotion"},{"floor":31.0,"key":"EssenceOfSteel"},{"floor":33.0,"key":"Block Potion"},{"floor":35.0,"key":"FearPotion"},{"floor":41.0,"key":"Strength Potion"},{"floor":45.0,"key":"BlessingOfTheForge"},{"floor":46.0,"key":"ColorlessPotion"},{"floor":54.0,"key":"Dexterity Potion"}],"is_trial":false,"path_per_floor":["M","M","M","M","?","R","E","R","T","R","E","M","E","$","R","B",null,"M","M","M","$","?","E","R","?","T","E","?","M","E","M","R","B",null,"M","?","?","?","T","R","E","$","T","M","E","M","?","E","R","B",null,"R","$","E","B"],"character_chosen":"WATCHER","items_purchased":["Damaru","Pen Nib","Sling","Oddly Smooth Stone","Art of War","PreservedInsect","Prostrate","Strange Spoon","Sanctity+1","ClockworkSouvenir","HornCleat"],"campfire_rested":0,"item_purchase_floors":[0,0,0,0,0,0,0,14,21,42,53],"current_hp_per_floor":[61,54,54,54,54,54,54,54,54,54,49,49,49,49,49,49,63,63,63,63,63,63,63,63,63,63,50,50,50,50,50,50,45,62,57,52,52,52,52,52,60,60,60,66,72,72,68,68,68,59,66,66,66,67,0,0],"gold":54,"neow_bonus":"","is_daily":false,"chose_seed":false,"campfire_upgraded":8,"win_rate":0.0,"timestamp":1613412072,"path_taken":["M","M","?","M","?","R","E","R","T","R","E","M","E","$","R","BOSS","M","?","M","?","?","E","R","?","T","E","?","M","E","M","R","BOSS","M","?","?","?","?","R","E","$","T","M","E","M","?","E","R","BOSS","R","$","E","BOSS"],"items_purchased_type":["Relic","Relic","Relic","Relic","Relic","Relic","Card","Relic","Card","Relic","Relic"],"build_version":"2020-12-22","purchased_purges":3,"victory":false,"max_hp_per_floor":[68,68,68,68,68,68,68,68,68,68,68,68,68,68,68,68,68,68,68,68,68,68,68,68,68,68,68,68,68,68,68,68,68,68,68,68,68,68,68,68,70,70,70,70,72,72,68,68,68,68,68,68,68,68,68,68],"relic_stats":{"Happy Flower":[26],"Singing Bowl":4,"counters":[56,224],"Pen Nib":[17],"PreservedInsect":1179,"Juzu Bracelet":3,"War Paint":["ThirdEye","Evaluate"],"Smiling Mask":75,"Strange Spoon":[35],"Mummified Hand":[19],"Art of War":[13],"obtain_stats":[{"CeramicFish":10,"Vajra":7,"Sling":0,"Sozu":34,"Centennial Puzzle":25,"HornCleat":53,"Sundial":54,"Philosopher\u0027s Stone":0,"MealTicket":30,"Kunai":53,"Toxic Egg 2":11,"Happy Flower":53,"Blue Candle":45,"Oddly Smooth Stone":0,"Pen Nib":0,"Letter Opener":25,"War Paint":54,"Du-Vu Doll":40,"Shuriken":6,"Bronze Scales":42,"Bird Faced Urn":45,"Black Star":17,"Lantern":28,"Torii":26,"Singing Bowl":41,"CloakClasp":20,"Juzu Bracelet":23,"Ancient Tea Set":48,"PrismaticShard":53,"Smiling Mask":26,"ClockworkSouvenir":42,"Dream Catcher":11,"Mummified Hand":30,"Gambling Chip":30,"Pantograph":54,"InkBottle":48,"Lee\u0027s Waffle":20,"Golden Idol":12,"Damaru":0,"PreservedInsect":9,"MawBank":8,"White Beast Statue":40,"Strange Spoon":14,"CaptainsWheel":27,"Anchor":45,"HolyWater":34,"Art of War":0,"Bag of Marbles":9,"Coffee Dripper":17,"Bottled Lightning":42,"PureWater":0,"FossilizedHelix":37},{"CeramicFish":5,"Vajra":34,"Sling":29,"Sozu":15,"Centennial Puzzle":12,"HornCleat":54,"Sundial":28,"Philosopher\u0027s Stone":0,"MealTicket":13,"Kunai":27,"Toxic Egg 2":35,"Happy Flower":27,"Blue Candle":23,"Oddly Smooth Stone":29,"Pen Nib":29,"Letter Opener":12,"War Paint":55,"Du-Vu Doll":20,"Shuriken":4,"Bronze Scales":22,"Bird Faced Urn":23,"Black Star":9,"Lantern":43,"Torii":12,"Singing Bowl":49,"CloakClasp":10,"Juzu Bracelet":42,"Ancient Tea Set":26,"PrismaticShard":27,"Smiling Mask":42,"ClockworkSouvenir":49,"Dream Catcher":6,"Mummified Hand":45,"Gambling Chip":13,"Pantograph":28,"InkBottle":26,"Lee\u0027s Waffle":10,"Golden Idol":6,"Damaru":29,"PreservedInsect":5,"MawBank":5,"White Beast Statue":20,"Strange Spoon":37,"CaptainsWheel":43,"Anchor":51,"HolyWater":47,"Art of War":29,"Bag of Marbles":34,"Coffee Dripper":38,"Bottled Lightning":22,"PureWater":0,"FossilizedHelix":48},{"CeramicFish":17,"Vajra":143,"Sling":127,"Sozu":63,"Centennial Puzzle":47,"HornCleat":211,"Sundial":121,"Philosopher\u0027s Stone":0,"MealTicket":51,"Kunai":116,"Toxic Egg 2":148,"Happy Flower":116,"Blue Candle":97,"Oddly Smooth Stone":127,"Pen Nib":127,"Letter Opener":47,"War Paint":216,"Du-Vu Doll":85,"Shuriken":14,"Bronze Scales":94,"Bird Faced Urn":97,"Black Star":34,"Lantern":169,"Torii":47,"Singing Bowl":189,"CloakClasp":41,"Juzu Bracelet":167,"Ancient Tea Set":112,"PrismaticShard":116,"Smiling Mask":167,"ClockworkSouvenir":189,"Dream Catcher":22,"Mummified Hand":174,"Gambling Chip":51,"Pantograph":121,"InkBottle":112,"Lee\u0027s Waffle":41,"Golden Idol":22,"Damaru":127,"PreservedInsect":17,"MawBank":17,"White Beast Statue":85,"Strange Spoon":154,"CaptainsWheel":169,"Anchor":196,"HolyWater":183,"Art of War":127,"Bag of Marbles":143,"Coffee Dripper":160,"Bottled Lightning":94,"PureWater":0,"FossilizedHelix":187}],"InkBottle":[16]},"card_choices":[{"not_picked":["FlurryOfBlows","EmptyBody"],"picked":"CutThroughFate","floor":1.0},{"not_picked":["SashWhip","FollowUp"],"picked":"FlyingSleeves","floor":2.0},{"not_picked":["JustLucky","InnerPeace"],"picked":"Evaluate","floor":3.0},{"not_picked":["Crescendo","Conclude"],"picked":"ThirdEye","floor":4.0},{"not_picked":["LikeWater","CrushJoints"],"picked":"Prostrate","floor":7.0},{"not_picked":["Evaluate+1","MentalFortress"],"picked":"Perseverance+1","floor":11.0},{"not_picked":["BowlingBash","WheelKick"],"picked":"Worship+1","floor":12.0},{"not_picked":["Nirvana","PathToVictory+1"],"picked":"BowlingBash","floor":13.0},{"not_picked":["Wish+1","Alpha+1"],"picked":"DeusExMachina+1","floor":16.0},{"not_picked":["SashWhip","SandsOfTime"],"picked":"CrushJoints+1","floor":18.0},{"not_picked":["Swivel+1","EmptyBody+1"],"picked":"Prostrate+1","floor":19.0},{"not_picked":["Pray+1","Crescendo+1","FlurryOfBlows"],"picked":"SKIP","floor":20.0},{"not_picked":["ClearTheMind+1","EmptyBody+1","Perseverance+1"],"picked":"SKIP","floor":23.0},{"not_picked":["FlyingSleeves","JustLucky","FearNoEvil"],"picked":"SKIP","floor":27.0},{"not_picked":["FollowUp","Study","Crescendo+1"],"picked":"SKIP","floor":29.0},{"not_picked":["FlyingSleeves","Evaluate+1"],"picked":"MasterReality","floor":30.0},{"not_picked":["SashWhip","Consecrate","Crescendo+1"],"picked":"SKIP","floor":31.0},{"not_picked":["Judgement+1","Wish+1"],"picked":"SpiritShield+1","floor":33.0},{"not_picked":["ClearTheMind+1","Worship+1"],"picked":"Wallop","floor":35.0},{"not_picked":["Good Instincts+1","Metamorphosis+1"],"picked":"Trip+1","floor":36.0},{"not_picked":["Mind Blast","Panache"],"picked":"Bandage Up+1","floor":36.0},{"not_picked":["Perseverance+1","Establishment","Weave"],"picked":"Singing Bowl","floor":41.0},{"not_picked":["Consecrate","Worship+1"],"picked":"Evaluate+1","floor":44.0},{"not_picked":["EmptyFist","EmptyBody+1","MentalFortress"],"picked":"Singing Bowl","floor":45.0},{"not_picked":["FlurryOfBlows","Conclude+1"],"picked":"Sanctity+1","floor":46.0},{"not_picked":["Conclude","BowlingBash"],"picked":"SashWhip+1","floor":48.0},{"not_picked":["Evaluate+1","PathToVictory+1"],"picked":"Prostrate+1","floor":54.0}],"player_experience":1098889,"relics_obtained":[{"floor":7.0,"key":"Vajra"},{"floor":9.0,"key":"Bag of Marbles"},{"floor":11.0,"key":"Toxic Egg 2"},{"floor":13.0,"key":"Happy Flower"},{"floor":23.0,"key":"Juzu Bracelet"},{"floor":26.0,"key":"Smiling Mask"},{"floor":27.0,"key":"CaptainsWheel"},{"floor":30.0,"key":"Mummified Hand"},{"floor":39.0,"key":"White Beast Statue"},{"floor":41.0,"key":"Singing Bowl"},{"floor":45.0,"key":"Anchor"},{"floor":48.0,"key":"InkBottle"},{"floor":54.0,"key":"War Paint"}],"event_choices":[{"cards_removed":["Defend_P"],"damage_healed":0.0,"max_hp_gain":0.0,"max_hp_loss":0.0,"gold_gain":0.0,"event_name":"Wheel of Change","player_choice":"Card Removal","floor":5.0,"gold_loss":0.0,"damage_taken":0.0},{"damage_healed":0.0,"max_hp_gain":0.0,"max_hp_loss":0.0,"gold_gain":0.0,"event_name":"Match and Keep!","player_choice":"2 cards matched","floor":22.0,"gold_loss":0.0,"damage_taken":0.0,"cards_obtained":["Fasting2","FlyingSleeves"]},{"damage_healed":0.0,"max_hp_gain":0.0,"max_hp_loss":0.0,"gold_gain":0.0,"event_name":"The Mausoleum","player_choice":"Ignored","floor":25.0,"gold_loss":0.0,"damage_taken":0.0},{"damage_healed":0.0,"max_hp_gain":0.0,"max_hp_loss":0.0,"gold_gain":0.0,"event_name":"Addict","player_choice":"Obtained Relic","floor":28.0,"gold_loss":85.0,"damage_taken":0.0,"relics_obtained":["Lantern"]},{"damage_healed":0.0,"max_hp_gain":0.0,"max_hp_loss":0.0,"gold_gain":0.0,"event_name":"SensoryStone","player_choice":"Memory 2","floor":36.0,"gold_loss":0.0,"damage_taken":5.0},{"damage_healed":0.0,"max_hp_gain":0.0,"max_hp_loss":0.0,"gold_gain":0.0,"event_name":"WeMeetAgain","player_choice":"Gave Potion","floor":37.0,"gold_loss":0.0,"damage_taken":0.0,"relics_obtained":["FossilizedHelix"]},{"cards_removed":["Strike_P"],"damage_healed":0.0,"max_hp_gain":0.0,"max_hp_loss":0.0,"gold_gain":0.0,"event_name":"Purifier","player_choice":"Purged","floor":38.0,"gold_loss":0.0,"damage_taken":0.0},{"damage_healed":0.0,"max_hp_gain":0.0,"max_hp_loss":4.0,"gold_gain":0.0,"event_name":"Winding Halls","player_choice":"Max HP","floor":47.0,"gold_loss":0.0,"damage_taken":0.0}],"is_beta":false,"boss_relics":[{"not_picked":["Philosopher\u0027s Stone","Cursed Key"],"picked":"Coffee Dripper"},{"not_picked":["VioletLotus","Tiny House"],"picked":"HolyWater"}],"items_purged_floors":[0,0,42],"is_endless":false,"potions_floor_spawned":[3,11,13,16,29,31,33,35,41,44,45,46,48,54],"killed_by":"The Heart","ascension_level":15}}