{"host":"ndpbn7fqb3wjbd7p","time":1613351335,"event":{"mods":["AchievementEnabler","Act Like it!","AlwaysNeverKeys","BaseMod","Better Vampires","Block Reminder","Colored Powertips","DeckTracker","Defuse TimeMaze Blight","Friendly Minions","Highlight Path","MarisaÅiñ∂âJÅ@ñÇóùçπÅj","Minty Spire (QoL Compilation)","Permanent Neow","Shade Mod","StSLib","SuperFastMode","Synergy Search","The Mystic","Unceasing Turn Reminder","Wandering Minibosses"],"gold_per_floor":[111,124,124,137,137,172,172,29,29,29,64,84,84,84,84,161,161,181,81,91,91,106,106,138,153,221,221,221,221],"floor_reached":28,"language":"ENG","playtime":1229,"items_purged":["Strike_B","Coolheaded"],"score":406,"play_id":"49ad80f2-c48d-4c73-85f4-97e9d1ca2b9f","local_time":"20210215020855","is_ascension_mode":true,"campfire_choices":[{"data":"Zap","floor":7,"key":"SMITH"},{"floor":10,"key":"REST"},{"data":"Redo","floor":15,"key":"SMITH"},{"floor":23,"key":"REST"},{"data":"Dualcast","floor":27,"key":"SMITH"}],"circlet_count":0,"master_deck":["AscendersBane","Zap+1","Dualcast+1","Redo+1","Auto Shields","Static Discharge","Go for the Eyes","Defragment","Reboot","Scrape","Double Energy","Loop","Electrodynamics"],"relics":["SacredBark","Emotion Chip","Unceasing Top","Lizard Tail","Cables","Pandora\u0027s Box","Nunchaku","White Beast Statue"],"acts_visited":["Exordium","TheCity"],"potions_floor_usage":[11,24,24,28,28],"damage_taken":[{"damage":12,"enemies":"Small Slimes","floor":1,"turns":3},{"damage":11,"enemies":"Cultist","floor":2,"turns":4},{"damage":0,"enemies":"2 Louse","floor":4,"turns":3},{"damage":32,"enemies":"Lagavulin","floor":6,"turns":8},{"damage":31,"enemies":"3 Sentries","floor":11,"turns":7},{"damage":5,"enemies":"Exordium Wildlife","floor":12,"turns":3},{"damage":5,"enemies":"The Guardian","floor":16,"turns":9},{"damage":1,"enemies":"3 Byrds","floor":18,"turns":2},{"damage":1,"enemies":"Chosen","floor":20,"turns":4},{"damage":43,"enemies":"Sentry and Sphere","floor":22,"turns":4},{"damage":1,"enemies":"Gremlin Leader","floor":24,"turns":4},{"damage":18,"enemies":"Snake Plant","floor":25,"turns":2},{"damage":26,"enemies":"Slavers","floor":28,"turns":1}],"seed_played":"7034680166979805814","potions_obtained":[{"floor":2,"key":"Dexterity Potion"},{"floor":16,"key":"Weak Potion"},{"floor":18,"key":"Explosive Potion"},{"floor":24,"key":"FocusPotion"},{"floor":25,"key":"Weak Potion"}],"is_trial":false,"path_per_floor":["M","M","?","M","?","E","R","$","T","R","E","M","?","?","R","B",null,"M","$","M","?","M","R","E","M","T","R","E"],"character_chosen":"DEFECT","items_purchased":["Defragment"],"campfire_rested":2,"item_purchase_floors":[8],"current_hp_per_floor":[56,45,45,45,38,6,6,6,6,28,37,32,32,32,32,27,63,62,62,61,61,18,40,39,21,21,21,0,0],"gold":221,"neow_bonus":"BOSS_RELIC","is_daily":false,"chose_seed":false,"campfire_upgraded":3,"win_rate":0.0,"timestamp":1613351335,"path_taken":["M","M","?","?","?","E","R","?","T","R","E","?","?","?","R","BOSS","M","$","M","?","M","R","E","M","T","R","E"],"items_purchased_type":["Card"],"build_version":"2020-12-22","purchased_purges":2,"victory":false,"max_hp_per_floor":[75,75,75,75,75,75,75,75,75,75,75,75,75,75,75,75,75,75,75,75,75,75,75,75,75,75,75,75,75],"card_choices":[{"not_picked":["Hologram","Chill"],"picked":"Redo","floor":1},{"not_picked":["Hologram","Sweeping Beam"],"picked":"Auto Shields","floor":2},{"not_picked":["Glacier","Force Field"],"picked":"Static Discharge","floor":4},{"not_picked":["Barrage","Scrape"],"picked":"Go for the Eyes","floor":6},{"not_picked":["Genetic Algorithm","Consume","Turbo"],"picked":"SKIP","floor":11},{"not_picked":["Turbo","Glacier"],"picked":"Reboot","floor":12},{"not_picked":["Amplify","Multi-Cast"],"picked":"Electrodynamics","floor":16},{"not_picked":["Steam Power","Storm","Streamline"],"picked":"SKIP","floor":18},{"not_picked":["Ball Lightning","Conserve Battery","Redo"],"picked":"SKIP","floor":20},{"not_picked":["Hello World+1","Coolheaded","Ball Lightning"],"picked":"SKIP","floor":22},{"not_picked":["Auto Shields","Conserve Battery+1","Darkness"],"picked":"SKIP","floor":24},{"not_picked":["Aggregate","Compile Driver","Stack"],"picked":"SKIP","floor":25}],"player_experience":1217962,"relics_obtained":[{"floor":6,"key":"Unceasing Top"},{"floor":9,"key":"Lizard Tail"},{"floor":11,"key":"Cables"},{"floor":24,"key":"Nunchaku"},{"floor":26,"key":"White Beast Statue"}],"event_choices":[{"cards_removed":["Defend_B"],"damage_healed":0,"gold_gain":0,"player_choice":"Purged","damage_taken":0,"max_hp_gain":0,"max_hp_loss":0,"event_name":"Purifier","floor":3,"gold_loss":0},{"damage_healed":0,"gold_gain":0,"player_choice":"Success","damage_taken":7,"relics_obtained":["Emotion Chip"],"max_hp_gain":0,"max_hp_loss":0,"event_name":"Scrap Ooze","floor":5,"gold_loss":0},{"damage_healed":0,"gold_gain":0,"player_choice":"Ignored","damage_taken":0,"max_hp_gain":0,"max_hp_loss":0,"event_name":"Liars Game","floor":13,"gold_loss":0},{"cards_removed":["Strike_B"],"damage_healed":0,"gold_gain":0,"player_choice":"Forget","damage_taken":0,"max_hp_gain":0,"max_hp_loss":0,"event_name":"Living Wall","floor":14,"gold_loss":0},{"cards_removed":["Electrodynamics"],"damage_healed":0,"gold_gain":0,"player_choice":"Elegance","damage_taken":0,"max_hp_gain":0,"max_hp_loss":0,"event_name":"Back to Basics","floor":21,"gold_loss":0}],"is_beta":false,"boss_relics":[{"not_picked":["Snecko Eye","Runic Pyramid"],"picked":"Pandora\u0027s Box"}],"items_purged_floors":[8,19],"is_endless":false,"potions_floor_spawned":[2,16,18,24,25],"killed_by":"Slavers","ascension_level":13}}