{"host":"f8krwbl1oysf3v6f","time":1613392811,"event":{"mods":["AchievementEnabler","BaseMod","Colored Map","DeckTracker","Minty Spire (QoL Compilation)","Permanent Neow","READ ME - Snecko Mod","StSLib","SuperFastMode","Td1madao Mod"],"gold_per_floor":[319,337,412,191,203,203,203,203,203,203,228,253,253,269,269,371,371,389,415,429,31,31,59,70,95,149,149,163,189,104,117,117,214,214,226,226,240,257,257,257,288,288,288,288,288,312,312,331,331,331],"floor_reached":51,"language":"KOR","playtime":1662,"items_purged":["Strike_R","Strike_R+1"],"score":1087,"play_id":"fa2182f3-a088-45ec-b664-854b8cbe6806","local_time":"20210215214011","is_ascension_mode":true,"campfire_choices":[{"data":"Armaments","floor":6,"key":"SMITH"},{"data":"Searing Blow+3","floor":10,"key":"SMITH"},{"data":"Searing Blow+4","floor":13,"key":"SMITH"},{"floor":15,"key":"REST"},{"data":"Searing Blow+6","floor":27,"key":"SMITH"},{"data":"Searing Blow+7","floor":32,"key":"SMITH"},{"data":"Searing Blow+8","floor":40,"key":"SMITH"},{"data":"Searing Blow+9","floor":42,"key":"SMITH"},{"data":"Searing Blow+11","floor":47,"key":"SMITH"},{"data":"Searing Blow+12","floor":49,"key":"SMITH"}],"circlet_count":0,"master_deck":["Strike_R+1","Defend_R+1","Defend_R+1","Defend_R+1","Defend_R+1","Bash+1","Searing Blow+13","Armaments+1","Battle Trance+1","Shrug It Off+1","Shrug It Off+1","Offering+1","Seeing Red+1","Impervious+1","Bloodletting+1","Second Wind+1"],"relics":["Burning Blood","Old Coin","Tiny Chest","HornCleat","Oddly Smooth Stone","Odd Mushroom","Sozu","Whetstone","Mango","Art of War","Strawberry","Blood Vial","Vajra","War Paint","InkBottle","Pen Nib","Darkstone Periapt","Toxic Egg 2","Mark of the Bloom","Nunchaku"],"acts_visited":["Exordium","TheCity","TheBeyond"],"potions_floor_usage":[50],"damage_taken":[{"damage":3,"enemies":"2 Louse","floor":1,"turns":3},{"damage":0,"enemies":"Small Slimes","floor":2,"turns":4},{"damage":0,"enemies":"Cultist","floor":5,"turns":2},{"damage":7,"enemies":"3 Sentries","floor":11,"turns":4},{"damage":12,"enemies":"The Mushroom Lair","floor":12,"turns":5},{"damage":14,"enemies":"Exordium Wildlife","floor":14,"turns":3},{"damage":28,"enemies":"The Guardian","floor":16,"turns":8},{"damage":6,"enemies":"Shell Parasite","floor":18,"turns":3},{"damage":0,"enemies":"Chosen","floor":20,"turns":2},{"damage":7,"enemies":"Gremlin Leader","floor":23,"turns":3},{"damage":6,"enemies":"Snake Plant","floor":24,"turns":1},{"damage":12,"enemies":"Book of Stabbing","floor":25,"turns":3},{"damage":6,"enemies":"Cultist and Chosen","floor":28,"turns":5},{"damage":27,"enemies":"Gremlin Leader","floor":29,"turns":3},{"damage":6,"enemies":"Centurion and Healer","floor":31,"turns":2},{"damage":9,"enemies":"Champ","floor":33,"turns":6},{"damage":8,"enemies":"3 Shapes","floor":35,"turns":4},{"damage":0,"enemies":"Orb Walker","floor":37,"turns":2},{"damage":6,"enemies":"Jaw Worm Horde","floor":38,"turns":4},{"damage":6,"enemies":"Reptomancer","floor":41,"turns":2},{"damage":9,"enemies":"Sphere and 2 Shapes","floor":48,"turns":3},{"damage":12,"enemies":"Donu and Deca","floor":50,"turns":6}],"seed_played":"-1632887318562562396","potions_obtained":[{"floor":2,"key":"FearPotion"},{"floor":12,"key":"FearPotion"}],"is_trial":false,"path_per_floor":["M","M","?","$","M","R","?","?","T","R","E","?","R","M","R","B",null,"M","T","M","$","?","E","M","E","T","R","M","E","?","M","R","B",null,"M","T","M","M","T","R","E","R","T","?","?","T","R","M","R","B",null],"character_chosen":"IRONCLAD","items_purchased":["Tiny Chest","Mango"],"campfire_rested":1,"item_purchase_floors":[4,21],"current_hp_per_floor":[75,80,69,69,75,75,68,52,52,52,51,45,45,37,61,39,70,70,70,76,90,90,89,89,90,90,90,92,73,73,75,75,74,94,94,94,101,101,101,101,101,101,101,101,101,101,101,92,92,80],"gold":331,"neow_bonus":"ONE_RARE_RELIC","is_daily":false,"chose_seed":false,"campfire_upgraded":9,"win_rate":0.0,"timestamp":1613392811,"path_taken":["M","M","?","$","M","R","?","?","T","R","E","?","R","M","R","BOSS","M","?","M","$","?","E","?","E","T","R","M","E","?","M","R","BOSS","M","?","M","M","?","R","E","R","T","?","?","?","R","M","R","BOSS"],"items_purchased_type":["Relic","Relic"],"build_version":"2020-12-22","purchased_purges":2,"victory":true,"max_hp_per_floor":[80,80,80,80,80,80,80,80,80,80,80,80,80,80,80,80,80,80,80,80,94,94,94,94,101,101,101,101,101,101,101,101,101,101,101,101,101,101,101,101,101,101,101,101,101,101,101,101,101,101],"card_choices":[{"not_picked":["Shrug It Off","Flame Barrier"],"picked":"Armaments","floor":1},{"not_picked":["Heavy Blade","Thunderclap","True Grit"],"picked":"SKIP","floor":2},{"not_picked":["Flex","Body Slam"],"picked":"Battle Trance","floor":5},{"not_picked":["Perfected Strike","Armaments"],"picked":"Shrug It Off","floor":11},{"not_picked":["Combust","Wild Strike"],"picked":"Shrug It Off","floor":14},{"not_picked":["Exhume","Feed"],"picked":"Offering","floor":16},{"not_picked":["Body Slam","Ghostly Armor","Sentinel"],"picked":"SKIP","floor":18},{"not_picked":["Reckless Charge","Anger"],"picked":"Seeing Red+1","floor":20},{"not_picked":["Sword Boomerang","Wild Strike"],"picked":"Impervious","floor":23},{"not_picked":["Anger","Inflame","Shrug It Off"],"picked":"SKIP","floor":24},{"not_picked":["Shockwave","Sword Boomerang+1","Headbutt"],"picked":"SKIP","floor":25},{"not_picked":["Shockwave+1","Body Slam","Dropkick"],"picked":"SKIP","floor":28},{"not_picked":["Corruption","Shockwave","Dropkick"],"picked":"SKIP","floor":29},{"not_picked":["Sword Boomerang","Havoc","Warcry+1"],"picked":"SKIP","floor":31},{"not_picked":["Perfected Strike","Burning Pact","Clothesline"],"picked":"SKIP","floor":35},{"not_picked":["Twin Strike","Clothesline","Clash"],"picked":"SKIP","floor":37},{"not_picked":["Clash","Searing Blow+1"],"picked":"Bloodletting+1","floor":38},{"not_picked":["Havoc+1","Cleave+1"],"picked":"Second Wind","floor":41},{"not_picked":["Havoc+1","Twin Strike+1","Thunderclap"],"picked":"SKIP","floor":48}],"player_experience":224855,"relics_obtained":[{"floor":9,"key":"HornCleat"},{"floor":11,"key":"Oddly Smooth Stone"},{"floor":12,"key":"Odd Mushroom"},{"floor":19,"key":"Whetstone"},{"floor":23,"key":"Art of War"},{"floor":25,"key":"Strawberry"},{"floor":26,"key":"Blood Vial"},{"floor":29,"key":"Vajra"},{"floor":36,"key":"InkBottle"},{"floor":39,"key":"Pen Nib"},{"floor":41,"key":"Darkstone Periapt"},{"floor":43,"key":"Toxic Egg 2"},{"floor":46,"key":"Nunchaku"}],"event_choices":[{"damage_healed":0,"gold_gain":75,"player_choice":"Gather Gold","damage_taken":11,"max_hp_gain":0,"max_hp_loss":0,"event_name":"World of Goop","floor":3,"gold_loss":0},{"cards_removed":["Strike_R"],"damage_healed":0,"gold_gain":0,"player_choice":"Card Removal","damage_taken":7,"max_hp_gain":0,"max_hp_loss":0,"event_name":"Golden Wing","floor":7,"gold_loss":0},{"damage_healed":0,"gold_gain":0,"player_choice":"Entered Light","damage_taken":16,"max_hp_gain":0,"max_hp_loss":0,"event_name":"Shining Light","floor":8,"gold_loss":0,"cards_upgraded":["Strike_R","Bash"]},{"damage_healed":0,"gold_gain":0,"player_choice":"Fought Mushrooms","damage_taken":0,"max_hp_gain":0,"max_hp_loss":0,"event_name":"Mushrooms","floor":12,"gold_loss":0},{"damage_healed":0,"gold_gain":0,"player_choice":"0 cards matched","damage_taken":0,"max_hp_gain":0,"max_hp_loss":0,"event_name":"Match and Keep!","floor":22,"gold_loss":0,"cards_obtained":[]},{"damage_healed":0,"gold_gain":0,"player_choice":"Obtained Relic","damage_taken":0,"relics_obtained":["War Paint"],"max_hp_gain":0,"max_hp_loss":0,"event_name":"Addict","floor":30,"gold_loss":85},{"damage_healed":0,"gold_gain":0,"player_choice":"Upgrade","damage_taken":0,"relics_obtained":["Mark of the Bloom"],"max_hp_gain":0,"max_hp_loss":0,"event_name":"MindBloom","floor":44,"gold_loss":0,"cards_upgraded":["Defend_R","Defend_R","Defend_R","Searing Blow","Battle Trance","Shrug It Off","Offering","Impervious","Second Wind"]},{"damage_healed":0,"gold_gain":0,"player_choice":"Memory 1","damage_taken":0,"max_hp_gain":0,"max_hp_loss":0,"event_name":"SensoryStone","floor":45,"gold_loss":0}],"is_beta":false,"boss_relics":[{"not_picked":["Snecko Eye","Fusion Hammer"],"picked":"Sozu"},{"not_picked":["Black Star","Mark of Pain","Astrolabe"]}],"items_purged_floors":[4,21],"is_endless":false,"potions_floor_spawned":[2,12,23,28,33,41],"ascension_level":7}}