{"host":"d5i1qeb9dejicw1z","time":1613352179,"event":{"mods":["AchievementEnabler","BaseMod","Better Note","BetterRewards","Evolution","Gold Saver","Minty Spire (QoL Compilation)","Permanent Neow","Relic Filter Mod","Reliquary","StSLib"],"gold_per_floor":[224,224,299,310,327,327,339,339,391,410,424,424,424,196,196,196,196],"floor_reached":16,"language":"ENG","playtime":458,"items_purged":["Defend_G"],"score":204,"play_id":"af31fd74-a900-4341-85ae-ccf875bf3193","local_time":"20210214172259","is_ascension_mode":true,"campfire_choices":[{"floor":6,"key":"REST"},{"data":"Dagger Spray","floor":8,"key":"SMITH"},{"data":"Dagger Spray","floor":12,"key":"SMITH"},{"floor":15,"key":"REST"}],"circlet_count":0,"master_deck":["AscendersBane","Dagger Spray+1","Dagger Spray+1","Dagger Spray","Dagger Spray","Defend_G","Defend_G","Defend_G","Defend_G","Survivor","Neutralize","Blur","Blur"],"relics":["Ring of the Snake","EVO:Axolotl","reliquary:TuningFork","Blood Vial"],"acts_visited":["Exordium"],"potions_floor_usage":[11,15,16],"damage_taken":[{"damage":1,"enemies":"Jaw Worm","floor":1,"turns":2},{"damage":6,"enemies":"2 Louse","floor":4,"turns":3},{"damage":1,"enemies":"Small Slimes","floor":5,"turns":3},{"damage":0,"enemies":"Looter","floor":7,"turns":4},{"damage":0,"enemies":"Exordium Wildlife","floor":10,"turns":2},{"damage":12,"enemies":"Large Slime","floor":11,"turns":5},{"damage":80,"enemies":"Slime Boss","floor":16,"turns":9}],"seed_played":"-2228023224862016346","potions_obtained":[{"floor":1,"key":"GhostInAJar"},{"floor":5,"key":"Ancient Potion"}],"is_trial":false,"path_per_floor":["M","?","?","M","M","R","M","R","T","M","M","R","?","$","R","B"],"character_chosen":"THE_SILENT","items_purchased":["Blur","Fruit Juice"],"campfire_rested":2,"item_purchase_floors":[14,14],"current_hp_per_floor":[58,51,40,34,33,52,52,52,52,54,44,44,44,44,70,0,0],"gold":196,"neow_bonus":"RANDOM_COMMON_RELIC","is_daily":false,"chose_seed":false,"campfire_upgraded":2,"win_rate":0.0,"timestamp":1613352179,"path_taken":["M","?","?","M","?","R","M","R","T","M","M","R","?","$","R","BOSS"],"items_purchased_type":["Card","Potion"],"build_version":"2020-12-22","purchased_purges":1,"victory":false,"max_hp_per_floor":[66,66,66,66,66,66,66,66,66,66,66,66,66,66,71,71,71],"card_choices":[{"not_picked":["Distraction","Outmaneuver","Bane"],"picked":"SKIP","floor":1},{"not_picked":["PiercingWail","Leg Sweep","Dodge and Roll"],"picked":"SKIP","floor":4},{"not_picked":["Tactician","Deadly Poison","Doppelganger"],"picked":"SKIP","floor":5},{"not_picked":["Setup","Cloak And Dagger","Outmaneuver"],"picked":"SKIP","floor":7},{"not_picked":["Prepared","All Out Attack","Tactician"],"picked":"SKIP","floor":10},{"not_picked":["Slice","Deflect"],"picked":"Blur","floor":11}],"player_experience":1262970,"relics_obtained":[{"floor":9,"key":"Blood Vial"}],"event_choices":[{"cards_removed":["Dagger Spray"],"damage_healed":0,"gold_gain":0,"player_choice":"Card Removal","damage_taken":7,"max_hp_gain":0,"max_hp_loss":0,"event_name":"Golden Wing","floor":2,"gold_loss":0},{"damage_healed":0,"gold_gain":75,"player_choice":"Gather Gold","damage_taken":11,"max_hp_gain":0,"max_hp_loss":0,"event_name":"World of Goop","floor":3,"gold_loss":0},{"damage_healed":0,"gold_gain":0,"player_choice":"Ignored","damage_taken":0,"max_hp_gain":0,"max_hp_loss":0,"event_name":"Golden Idol","floor":13,"gold_loss":0}],"is_beta":false,"boss_relics":[],"items_purged_floors":[14],"is_endless":false,"potions_floor_spawned":[1,5,7],"killed_by":"Slime Boss","ascension_level":19}}