{"host":"qrt7o4dq2qslzw13","time":1613413433,"event":{"mods":["AchievementEnabler","BaseMod","Colored Map","Colored Powertips","Minty Spire (QoL Compilation)","Quick Restart","StSLib","SuperFastMode"],"gold_per_floor":[110,110,120,76,76,76,76,76,149,165,200,22,70,90,90,186,186,186,186],"floor_reached":18,"language":"ENG","playtime":233,"items_purged":[],"score":316,"play_id":"638b531b-dc7f-4953-9880-c13c6dc1c09c","local_time":"20210215132353","is_ascension_mode":true,"campfire_choices":[{"data":"Spot Weakness","floor":6.0,"key":"SMITH"},{"data":"Bash","floor":8.0,"key":"SMITH"},{"floor":15.0,"key":"REST"}],"circlet_count":0,"master_deck":["AscendersBane","Strike_R","Strike_R","Strike_R","Strike_R","Strike_R","Defend_R","Defend_R","Defend_R","Defend_R","Bash+1","Rupture","Battle Trance","Spot Weakness+1","Injury","True Grit","Feel No Pain","Feed","Rupture","Feed"],"relics":["Burning Blood","NeowsBlessing","White Beast Statue","Golden Idol","StrikeDummy","Blood Vial","Happy Flower","SlaversCollar"],"acts_visited":["Exordium","TheCity"],"potions_floor_usage":[16],"damage_taken":[{"damage":0.0,"enemies":"Cultist","floor":1.0,"turns":1.0},{"damage":0.0,"enemies":"Small Slimes","floor":3.0,"turns":1.0},{"damage":0.0,"enemies":"Jaw Worm","floor":10.0,"turns":1.0},{"damage":31.0,"enemies":"3 Sentries","floor":11.0,"turns":8.0},{"damage":22.0,"enemies":"Red Slaver","floor":14.0,"turns":4.0},{"damage":46,"enemies":"The Guardian","floor":16,"turns":13},{"damage":68,"enemies":"Chosen","floor":18,"turns":8}],"seed_played":"2453155129406271865","potions_obtained":[{"floor":1.0,"key":"Strength Potion"},{"floor":3.0,"key":"SneckoOil"},{"floor":11.0,"key":"DuplicationPotion"},{"floor":14.0,"key":"PowerPotion"},{"floor":16,"key":"Fire Potion"}],"is_trial":false,"path_per_floor":["M","T","M","$","?","R","?","R","T","M","E","$","T","M","R","B",null,"M"],"character_chosen":"IRONCLAD","items_purchased":["Spot Weakness","Feed"],"campfire_rested":1,"item_purchase_floors":[4,12],"current_hp_per_floor":[74,74,75,75,75,75,75,75,75,75,50,50,50,39,62,24,65,0,0],"gold":186,"neow_bonus":"THREE_ENEMY_KILL","is_daily":false,"chose_seed":false,"campfire_upgraded":2,"win_rate":0.0,"timestamp":1613413433,"path_taken":["M","?","M","$","?","R","?","R","T","?","E","$","?","?","R","BOSS","M"],"items_purchased_type":["Card","Card"],"build_version":"2020-12-22","purchased_purges":0,"victory":false,"max_hp_per_floor":[75,75,75,75,75,75,75,75,75,75,75,75,75,78,78,78,78,78,78],"card_choices":[{"not_picked":["Body Slam","Flex"],"picked":"Rupture","floor":1.0},{"not_picked":["Havoc","Combust"],"picked":"Battle Trance","floor":3.0},{"not_picked":["Body Slam","Disarm"],"picked":"True Grit","floor":10.0},{"not_picked":["Spot Weakness","Body Slam"],"picked":"Feel No Pain","floor":11.0},{"not_picked":["Shrug It Off","Armaments"],"picked":"Rupture","floor":14.0},{"not_picked":["Demon Form","Brutality"],"picked":"Feed","floor":16}],"player_experience":639594,"relics_obtained":[{"floor":2.0,"key":"White Beast Statue"},{"floor":9.0,"key":"StrikeDummy"},{"floor":11.0,"key":"Blood Vial"},{"floor":13.0,"key":"Happy Flower"}],"event_choices":[{"damage_healed":0.0,"max_hp_gain":0.0,"max_hp_loss":0.0,"gold_gain":0.0,"event_name":"Golden Idol","player_choice":"Take Wound","floor":5.0,"gold_loss":0.0,"damage_taken":0.0,"relics_obtained":["Golden Idol"],"cards_obtained":["Injury"]},{"damage_healed":0.0,"max_hp_gain":0.0,"max_hp_loss":0.0,"gold_gain":0.0,"event_name":"The Cleric","player_choice":"Leave","floor":7.0,"gold_loss":0.0,"damage_taken":0.0}],"is_beta":false,"boss_relics":[{"not_picked":["Runic Cube","SacredBark"],"picked":"SlaversCollar"}],"items_purged_floors":[],"is_endless":false,"potions_floor_spawned":[1,3,10,11,14,16],"killed_by":"Chosen","ascension_level":20}}