{"host":"4lch21uqe3ag08cj","time":1613353579,"event":{"mods":["AchievementEnabler","BaseMod","Block Reminder","Colored Map","Colored Powertips","Minty Spire (QoL Compilation)","Permanent Neow","Relic Stats"],"gold_per_floor":[119,134,146,146,164,191,204,204,204,231,241,269,279,304,304,409,409,419,435,435,205,217,217,228,259,259,291,206,221,221,253,253,357,384,404,413,441,454,205,243,268,303,378,415,432,432,9,23,23,23,23,23,23,65,65],"floor_reached":56,"language":"ENG","playtime":4194,"items_purged":["Strike_G","Pain","Parasite"],"score":1704,"play_id":"92f0e95d-54f5-4689-a40e-cf4b3bf6f559","local_time":"20210214224619","is_ascension_mode":true,"campfire_choices":[{"floor":8.0,"key":"REST"},{"data":"Cloak And Dagger","floor":15.0,"key":"SMITH"},{"data":"Malaise","floor":23.0,"key":"SMITH"},{"data":"Malaise","floor":30,"key":"SMITH"},{"data":"Malaise","floor":32,"key":"SMITH"},{"floor":46,"key":"REST"},{"floor":49,"key":"RECALL"},{"data":"Accuracy","floor":52,"key":"SMITH"}],"circlet_count":0,"master_deck":["Strike_G","Strike_G","Defend_G","Defend_G","Survivor","Neutralize","Acrobatics","Masterful Stab","Skewer","Noxious Fumes","Malaise+1","Endless Agony","PiercingWail","Cloak And Dagger+1","Accuracy+1","Malaise+1","Blade Dance","Malaise+1","Accuracy","Adrenaline","Skewer+1","Flying Knee+1","Corpse Explosion+1","Backflip+1","Expertise+1","Bullet Time","Caltrops+1","Backflip+1","Accuracy+1"],"relics":["Ring of the Snake","Ornamental Fan","Question Card","Gambling Chip","Ninja Scroll","Mercury Hourglass","Black Star","DollysMirror","CeramicFish","Bottled Flame","Thread and Needle","Strawberry","Centennial Puzzle","Toy Ornithopter","MealTicket","Happy Flower","Astrolabe","WarpedTongs","OrangePellets","Lantern","Dead Branch","Du-Vu Doll","Lizard Tail","Paper Crane","Eternal Feather","Pear"],"acts_visited":["Exordium","TheCity","TheBeyond","TheEnding"],"potions_floor_usage":[27,33,33,33,44,50,54,55],"damage_taken":[{"damage":0.0,"enemies":"Jaw Worm","floor":1.0,"turns":6.0},{"damage":0.0,"enemies":"Small Slimes","floor":2.0,"turns":2.0},{"damage":0.0,"enemies":"2 Louse","floor":3.0,"turns":2.0},{"damage":1.0,"enemies":"Looter","floor":5.0,"turns":3.0},{"damage":32.0,"enemies":"3 Sentries","floor":6.0,"turns":9.0},{"damage":12.0,"enemies":"Lots of Slimes","floor":7.0,"turns":7.0},{"damage":5.0,"enemies":"Lagavulin","floor":10.0,"turns":8.0},{"damage":0.0,"enemies":"Large Slime","floor":11.0,"turns":5.0},{"damage":14.0,"enemies":"Gremlin Nob","floor":12.0,"turns":4.0},{"damage":0.0,"enemies":"2 Fungi Beasts","floor":13.0,"turns":1.0},{"damage":0.0,"enemies":"3 Sentries","floor":14.0,"turns":7.0},{"damage":0.0,"enemies":"Slime Boss","floor":16.0,"turns":4.0},{"damage":0.0,"enemies":"2 Thieves","floor":18.0,"turns":3.0},{"damage":0.0,"enemies":"Chosen","floor":19.0,"turns":3.0},{"damage":3.0,"enemies":"Snake Plant","floor":22.0,"turns":5.0},{"damage":0,"enemies":"Snecko","floor":24,"turns":2},{"damage":9,"enemies":"Book of Stabbing","floor":25,"turns":6},{"damage":0,"enemies":"Gremlin Leader","floor":27,"turns":7},{"damage":0,"enemies":"Shelled Parasite and Fungi","floor":29,"turns":2},{"damage":0,"enemies":"Book of Stabbing","floor":31,"turns":6},{"damage":20,"enemies":"Collector","floor":33,"turns":10},{"damage":2,"enemies":"3 Darklings","floor":35,"turns":4},{"damage":0,"enemies":"Orb Walker","floor":37,"turns":2},{"damage":8,"enemies":"Sphere and 2 Shapes","floor":38,"turns":3},{"damage":15,"enemies":"Reptomancer","floor":40,"turns":5},{"damage":31,"enemies":"Transient","floor":41,"turns":5},{"damage":32,"enemies":"Nemesis","floor":42,"turns":7},{"damage":0,"enemies":"Writhing Mass","floor":44,"turns":7},{"damage":3,"enemies":"Maw","floor":45,"turns":5},{"damage":0,"enemies":"4 Shapes","floor":48,"turns":1},{"damage":3,"enemies":"Time Eater","floor":50,"turns":13},{"damage":20,"enemies":"Shield and Spear","floor":54,"turns":4},{"damage":95,"enemies":"The Heart","floor":55,"turns":8}],"seed_played":"5542775004706673302","potions_obtained":[{"floor":1.0,"key":"Fruit Juice"},{"floor":2.0,"key":"SpeedPotion"},{"floor":12.0,"key":"ColorlessPotion"},{"floor":13.0,"key":"Explosive Potion"},{"floor":14.0,"key":"CunningPotion"},{"floor":16.0,"key":"Energy Potion"},{"floor":19.0,"key":"LiquidMemories"},{"floor":24,"key":"DistilledChaos"},{"floor":27,"key":"DuplicationPotion"},{"floor":35,"key":"BlessingOfTheForge"},{"floor":41,"key":"DuplicationPotion"},{"floor":42,"key":"AttackPotion"},{"floor":48,"key":"Poison Potion"}],"is_trial":false,"path_per_floor":["M","M","M","?","M","E","M","R","T","E","M","E","M","E","R","B",null,"M","M","?","$","M","R","M","E","T","E","?","M","R","E","R","B",null,"M","?","M","M","$","E","M","E","T","M","M","R","$","M","R","B",null,"R","$","E","B",null],"character_chosen":"THE_SILENT","items_purchased":["DollysMirror","OrangePellets","Paper Crane","SpeedPotion"],"campfire_rested":2,"item_purchase_floors":[21,39,47,47],"current_hp_per_floor":[70,70,70,63,62,30,23,45,45,40,40,26,26,26,26,26,75,75,75,61,61,58,58,58,49,49,56,56,56,56,56,56,51,87,85,85,85,77,87,72,41,9,9,14,11,37,52,52,52,54,84,84,84,79,38],"gold":65,"neow_bonus":"TRANSFORM_CARD","is_daily":false,"chose_seed":false,"campfire_upgraded":5,"win_rate":0.0,"timestamp":1613353579,"path_taken":["M","M","M","?","M","E","M","R","T","E","M","E","M","E","R","BOSS","M","M","?","$","M","R","M","E","T","E","?","M","R","E","R","BOSS","M","?","M","M","$","E","M","E","T","?","M","R","$","M","R","BOSS","R","$","E","BOSS"],"items_purchased_type":["Relic","Relic","Relic","Potion"],"build_version":"2020-12-22","purchased_purges":3,"victory":true,"max_hp_per_floor":[70,70,70,70,70,70,75,75,75,75,75,75,75,75,75,75,75,75,75,80,80,80,80,80,80,80,87,87,87,87,87,87,87,87,87,87,87,87,87,87,87,87,87,87,87,87,84,84,84,84,84,84,84,94,94],"relic_stats":{"Happy Flower":[24],"counters":[33,166],"CeramicFish":108,"Astrolabe":["Skewer","Flying Knee","Corpse Explosion"],"Dead Branch":[154],"Eternal Feather":0,"Question Card":25,"Mercury Hourglass":[405],"WarpedTongs":[60],"OrangePellets":[17],"Centennial Puzzle":[31],"Lizard Tail":47,"Ornamental Fan":[500],"Gambling Chip":[96],"MealTicket":25,"Black Star":6,"obtain_stats":[{"Lantern":40,"CeramicFish":25,"Centennial Puzzle":27,"Lizard Tail":42,"Ninja Scroll":12,"DollysMirror":21,"Gambling Chip":10,"Strawberry":27,"MealTicket":31,"Ring of the Snake":0,"Pear":54,"Happy Flower":31,"Astrolabe":34,"Dead Branch":40,"Thread and Needle":26,"Eternal Feather":54,"Paper Crane":47,"Question Card":9,"Mercury Hourglass":14,"WarpedTongs":36,"Du-Vu Doll":42,"OrangePellets":39,"Bottled Flame":25,"Ornamental Fan":6,"Black Star":17,"Toy Ornithopter":28},{"Lantern":25,"CeramicFish":17,"Centennial Puzzle":18,"Lizard Tail":27,"Ninja Scroll":9,"DollysMirror":14,"Gambling Chip":7,"Strawberry":18,"MealTicket":20,"Ring of the Snake":0,"Pear":32,"Happy Flower":20,"Astrolabe":21,"Dead Branch":25,"Thread and Needle":17,"Eternal Feather":32,"Paper Crane":29,"Question Card":6,"Mercury Hourglass":11,"WarpedTongs":22,"Du-Vu Doll":27,"OrangePellets":24,"Bottled Flame":17,"Ornamental Fan":5,"Black Star":12,"Toy Ornithopter":18},{"Lantern":116,"CeramicFish":77,"Centennial Puzzle":84,"Lizard Tail":128,"Ninja Scroll":46,"DollysMirror":64,"Gambling Chip":37,"Strawberry":84,"MealTicket":92,"Ring of the Snake":0,"Pear":158,"Happy Flower":92,"Astrolabe":102,"Dead Branch":116,"Thread and Needle":77,"Eternal Feather":158,"Paper Crane":140,"Question Card":29,"Mercury Hourglass":54,"WarpedTongs":106,"Du-Vu Doll":128,"OrangePellets":111,"Bottled Flame":77,"Ornamental Fan":22,"Black Star":58,"Toy Ornithopter":84}],"Toy Ornithopter":35,"Ring of the Snake":[64]},"card_choices":[{"not_picked":["Setup","Finisher"],"picked":"Masterful Stab","floor":1.0},{"not_picked":["PiercingWail","Deflect"],"picked":"Skewer","floor":2.0},{"not_picked":["Deadly Poison","Backflip","Deflect"],"picked":"SKIP","floor":3.0},{"not_picked":["Cloak And Dagger","Setup"],"picked":"Noxious Fumes","floor":5.0},{"not_picked":["Adrenaline","Choke"],"picked":"Malaise","floor":6.0},{"not_picked":["Skewer","Deadly Poison","Quick Slash"],"picked":"SKIP","floor":7.0},{"not_picked":["Bane","Quick Slash","Expertise"],"picked":"Endless Agony","floor":10.0},{"not_picked":["Setup","Underhanded Strike","Backstab"],"picked":"PiercingWail","floor":11.0},{"not_picked":["Prepared","Sucker Punch","Infinite Blades","Setup"],"picked":"SKIP","floor":12.0},{"not_picked":["Underhanded Strike","Deflect","Phantasmal Killer"],"picked":"Cloak And Dagger","floor":13.0},{"not_picked":["Dagger Spray","Outmaneuver","Backflip"],"picked":"Accuracy","floor":14.0},{"not_picked":["Burst","Adrenaline","Bullet Time"],"picked":"Malaise","floor":16.0},{"not_picked":["Distraction+1","Dagger Throw","Backflip+1"],"picked":"Blade Dance","floor":18.0},{"not_picked":["Acrobatics","Cloak And Dagger","Bane"],"picked":"Malaise","floor":19.0},{"not_picked":["Dodge and Roll+1","Sucker Punch","Flying Knee","Underhanded Strike+1"],"picked":"SKIP","floor":22.0},{"not_picked":["Bane","Dodge and Roll+1","Expertise","Slice+1"],"picked":"SKIP","floor":24},{"not_picked":["Poisoned Stab","Dagger Spray","Deflect+1","Tools of the Trade"],"picked":"SKIP","floor":25},{"not_picked":["Sucker Punch","Dagger Throw+1","Predator","All Out Attack"],"picked":"SKIP","floor":27},{"not_picked":["Sucker Punch","Dagger Throw+1","Predator","All Out Attack"],"picked":"SKIP","floor":27},{"not_picked":["Outmaneuver","Expertise","Flying Knee","Riddle With Holes"],"picked":"SKIP","floor":29},{"not_picked":["Flying Knee","Choke","Bane","Dagger Spray"],"picked":"SKIP","floor":31},{"not_picked":["Storm of Steel","Grand Finale","Bullet Time"],"picked":"Adrenaline","floor":33},{"not_picked":["Dagger Throw+1","Sucker Punch","Deflect"],"picked":"Backflip+1","floor":35},{"not_picked":["Dagger Spray","Sucker Punch","Grand Finale"],"picked":"Expertise+1","floor":37},{"not_picked":["Blur","Masterful Stab+1","Dagger Spray+1","Outmaneuver"],"picked":"SKIP","floor":38},{"not_picked":["Poisoned Stab+1","Reflex+1","Slice"],"picked":"Bullet Time","floor":40},{"not_picked":["Reflex","Prepared+1","Deadly Poison"],"picked":"Caltrops+1","floor":41},{"not_picked":["Noxious Fumes+1","Acrobatics+1","Dagger Throw","Underhanded Strike+1"],"picked":"SKIP","floor":42},{"not_picked":["Outmaneuver+1","Dagger Throw+1","Doppelganger"],"picked":"Backflip+1","floor":44},{"not_picked":["Slice+1","Leg Sweep+1","Blade Dance","Sucker Punch"],"picked":"SKIP","floor":45},{"not_picked":["Outmaneuver+1","Heel Hook+1","PiercingWail+1","Quick Slash"],"picked":"SKIP","floor":48},{"not_picked":["Bane+1","Leg Sweep+1","Quick Slash+1"],"picked":"Accuracy+1","floor":54}],"player_experience":77005,"relics_obtained":[{"floor":6.0,"key":"Ornamental Fan"},{"floor":9.0,"key":"Question Card"},{"floor":10.0,"key":"Gambling Chip"},{"floor":12.0,"key":"Ninja Scroll"},{"floor":14.0,"key":"Mercury Hourglass"},{"floor":25,"key":"CeramicFish"},{"floor":25,"key":"Bottled Flame"},{"floor":26,"key":"Thread and Needle"},{"floor":27,"key":"Strawberry"},{"floor":27,"key":"Centennial Puzzle"},{"floor":31,"key":"MealTicket"},{"floor":31,"key":"Happy Flower"},{"floor":40,"key":"Lantern"},{"floor":40,"key":"Dead Branch"},{"floor":42,"key":"Du-Vu Doll"},{"floor":42,"key":"Lizard Tail"},{"floor":54,"key":"Eternal Feather"},{"floor":54,"key":"Pear"}],"event_choices":[{"cards_removed":["Defend_G"],"damage_healed":0.0,"max_hp_gain":0.0,"max_hp_loss":0.0,"gold_gain":0.0,"event_name":"Golden Wing","player_choice":"Card Removal","floor":4.0,"gold_loss":0.0,"damage_taken":7.0},{"damage_healed":0.0,"max_hp_gain":5.0,"max_hp_loss":0.0,"gold_gain":0.0,"event_name":"Forgotten Altar","player_choice":"Shed Blood","floor":20.0,"gold_loss":0.0,"damage_taken":19.0},{"damage_healed":0,"gold_gain":0,"player_choice":"Obtained Relic","damage_taken":0,"relics_obtained":["Toy Ornithopter"],"max_hp_gain":0,"max_hp_loss":0,"event_name":"Addict","floor":28,"gold_loss":85},{"damage_healed":0,"gold_gain":0,"player_choice":"Rummage","damage_taken":0,"relics_obtained":["WarpedTongs"],"max_hp_gain":0,"max_hp_loss":0,"event_name":"Accursed Blacksmith","floor":36,"gold_loss":0,"cards_obtained":["Pain"]}],"is_beta":false,"boss_relics":[{"not_picked":["SacredBark","Calling Bell"],"picked":"Black Star"},{"not_picked":["Tiny House","Ring of the Serpent"],"picked":"Astrolabe"}],"items_purged_floors":[21,39,47],"is_endless":false,"potions_floor_spawned":[1,2,12,13,14,16,19,24,27,35,41,42,48],"ascension_level":4}}