{"host":"KYO","time":1613361577,"event":{"mods":["Act Like it!","Arknights","BaseMod","BetterRewards","Minty Spire (QoL Compilation)","Permanent Neow","Shop Mod","StSLib","SuperFastMode","TestMod","[IsaacMod]以撒尖塔"],"gold_per_floor":[115,115,135,135,193,211,242,254,279,279,306,323,333,346,346,444,444,463,474,493,527,537,572,572,572,648,662,703,703,628,628,628,728,728,751,801,819,876,1276,1276,1320,1320,1320,1348,1427,1460,1496,1513,1513,1516,1516,1516,1686,1726,1806],"floor_reached":56,"language":"ZHS","playtime":4001,"items_purged":["ats:Defend","ats:Defend","ats:Defend","ats:Defend+1","ats:Strike C","ats:Strike G","ats:Strike V+1"],"score":1764,"play_id":"cc2ea4d3-a354-4984-9510-62d29ab67121","local_time":"20210215115937","is_ascension_mode":false,"campfire_choices":[{"data":"ats:Emotion Absorption","floor":10.0,"key":"SMITH"},{"data":"Flash of Steel","floor":15.0,"key":"SMITH"},{"data":"ats:Armor Crushing Shot","floor":24.0,"key":"SMITH"},{"data":"ats:Assault Order","floor":29.0,"key":"SMITH"},{"data":"ats:Charging Defense","floor":32.0,"key":"SMITH"},{"data":"ats:Defend Order","floor":40,"key":"SMITH"},{"floor":42,"key":"RECALL"},{"data":"ats:Strike V","floor":49,"key":"SMITH"},{"floor":52,"key":"REST"}],"circlet_count":0,"master_deck":["ats:Strike S+1","ats:Armor Crushing Shot+1","ats:Emotion Absorption+1","Flash of Steel+1","ats:Charging Defense+1","ats:Song Of Battle+1","ats:Assault Order+1","ats:Defend Order+1","ats:Very Hot Blade+1","ats:Demon Strength+1"],"relics":["ats:Sanity","testmod-TestBox","SteamSale","testmod-HeartOfStrike","MerchantsRug","Gremlin Horn","ats:Assault","ats:Snipe","Pen Nib","SteamSale","ats:Attack","Toy Ornithopter","Boot","ats:Originium","ats:Hidden Killer","BelialBook","Bottled Flame","testmod-CardMagician","Medical Kit","Shuriken","testmod-Justice","testmod-Hope","Happy Flower","testmod-DeterminationOfClimber","testmod-Alchemist","TungstenRod","testmod-RainbowHikingShoes","TheBattery","GuppysPaw","Bronze Scales","Cauldron","Pantograph"],"acts_visited":["Exordium","TheCity","TheBeyond","TheEnding"],"potions_floor_usage":[33,36,53,55,55,55,55],"damage_taken":[{"damage":2.0,"enemies":"ats:Genji","floor":1.0,"turns":2.0},{"damage":0.0,"enemies":"Small Slimes","floor":3.0,"turns":1.0},{"damage":0.0,"enemies":"Cultist","floor":6.0,"turns":2.0},{"damage":0.0,"enemies":"3 Sentries","floor":7.0,"turns":2.0},{"damage":0.0,"enemies":"Large Slime","floor":8.0,"turns":3.0},{"damage":18.0,"enemies":"Lagavulin","floor":11.0,"turns":3.0},{"damage":4.0,"enemies":"Blue Slaver","floor":12.0,"turns":2.0},{"damage":0.0,"enemies":"Lots of Slimes","floor":13.0,"turns":1.0},{"damage":0.0,"enemies":"2 Fungi Beasts","floor":14.0,"turns":1.0},{"damage":0.0,"enemies":"Slime Boss","floor":16.0,"turns":6.0},{"damage":0.0,"enemies":"2 Thieves","floor":18.0,"turns":2.0},{"damage":2.0,"enemies":"Shell Parasite","floor":19.0,"turns":2.0},{"damage":0.0,"enemies":"Cultist and Chosen","floor":20.0,"turns":5.0},{"damage":4.0,"enemies":"Centurion and Healer","floor":22.0,"turns":3.0},{"damage":0.0,"enemies":"Gremlin Leader","floor":23.0,"turns":3.0},{"damage":0.0,"enemies":"Chosen and Byrds","floor":27.0,"turns":3.0},{"damage":0,"enemies":"Champ","floor":33,"turns":5},{"damage":0,"enemies":"Orb Walker","floor":35,"turns":1},{"damage":0,"enemies":"2 Orb Walkers","floor":36,"turns":2},{"damage":0,"enemies":"3 Darklings","floor":37,"turns":2},{"damage":0,"enemies":"Mind Bloom Boss Battle","floor":38,"turns":3},{"damage":0,"enemies":"Reptomancer","floor":41,"turns":1},{"damage":0,"enemies":"Jaw Worm Horde","floor":44,"turns":1},{"damage":0,"enemies":"Maw","floor":46,"turns":1},{"damage":0,"enemies":"Nemesis","floor":47,"turns":1},{"damage":0,"enemies":"3 Darklings","floor":48,"turns":1},{"damage":0,"enemies":"Time Eater","floor":50,"turns":3},{"damage":0,"enemies":"Shield and Spear","floor":54,"turns":1},{"damage":0,"enemies":"The Heart","floor":55,"turns":3}],"seed_played":"-5804385442905249545","potions_obtained":[{"floor":3.0,"key":"testmod-EscapePotion"},{"floor":6.0,"key":"LiquidBronze"},{"floor":11.0,"key":"Dexterity Potion"},{"floor":12.0,"key":"BlessingOfTheForge"},{"floor":22.0,"key":"Dexterity Potion"},{"floor":23.0,"key":"LiquidBronze"},{"floor":36,"key":"Fire Potion"},{"floor":38,"key":"LiquidBronze"},{"floor":46,"key":"Fire Potion"},{"floor":47,"key":"ats:Top Emergency Sanity Potion"},{"floor":53,"key":"ats:Burn Small Potion"},{"floor":53,"key":"Ancient Potion"},{"floor":53,"key":"Strength Potion"}],"is_trial":false,"path_per_floor":["M","?","M","?","$","M","E","M","T","R","E","M","M","M","R","B",null,"M","M","M","$","M","E","R","?","T","M","$","R","?","?","R","B",null,"M","?","M","?","?","R","E","R","T","M","$","M","E","M","R","B",null,"R","$","E","B",null],"character_chosen":"DOCTOR_CLASS","items_purchased":["MerchantsRug","Gremlin Horn","Flash of Steel","Orichalcum","ats:Assault","ats:Snipe","Pen Nib","ats:Attack","Toy Ornithopter","Boot","EssenceOfSteel","Fire Potion","Fire Potion","Medical Kit","Shuriken","Juzu Bracelet","testmod-Hope","testmod-TestPotion","ats:Emergency Sanity Potion","TheBattery","LiquidMemories","GuppysPaw","testmod-OneHitWonder","Bronze Scales","testmod-SpacePotion","Dexterity Potion","ats:Burn Big Potion","Cauldron"],"campfire_rested":1,"item_purchase_floors":[0,0,0,0,0,0,0,5,5,5,5,5,5,21,21,28,28,28,28,45,45,45,45,53,53,53,53,53],"current_hp_per_floor":[70,56,56,56,56,56,61,61,61,61,43,41,41,41,41,47,72,72,70,72,72,68,68,68,68,68,68,68,68,68,53,53,58,72,72,72,72,72,72,72,72,72,72,72,72,72,72,72,72,72,72,72,72,72,72],"gold":1806,"neow_bonus":"","is_daily":false,"chose_seed":false,"campfire_upgraded":7,"win_rate":0.0,"timestamp":1613361577,"path_taken":["M","?","M","?","$","M","E","M","T","R","E","M","?","M","R","BOSS","M","M","M","$","M","E","R","?","T","M","$","R","?","?","R","BOSS","M","?","M","?","?","R","E","R","T","M","$","M","E","M","R","BOSS","R","$","E","BOSS"],"items_purchased_type":["Relic","Relic","Card","Relic","Relic","Relic","Relic","Relic","Relic","Relic","Potion","Potion","Potion","Relic","Relic","Relic","Relic","Potion","Potion","Relic","Potion","Relic","Relic","Relic","Potion","Potion","Potion","Relic"],"build_version":"2020-12-18","purchased_purges":7,"victory":true,"max_hp_per_floor":[72,72,72,72,72,72,72,72,72,72,72,72,72,72,72,72,72,72,72,72,72,72,72,72,72,72,72,72,72,72,72,72,72,72,72,72,72,72,72,72,72,72,72,72,72,72,72,72,72,72,72,72,72,72,72],"card_choices":[{"not_picked":["ats:Cat Scratch","ats:Revitalization","ats:Shell Defense"],"picked":"SKIP","floor":1.0},{"not_picked":["ats:Beaten Up","ats:Ignite","ats:Encircling Forest"],"picked":"SKIP","floor":3.0},{"not_picked":["Bomb","ats:Leaping Hammer","ats:Closed Bolt Burst Fire"],"picked":"SKIP","floor":6.0},{"not_picked":["ats:Leaping Hammer","ats:Closed Bolt Burst Fire"],"picked":"Bomb","floor":6.0},{"not_picked":["ats:Dogmatic Field","ats:Apocalypse","ats:Thermite Blade"],"picked":"SKIP","floor":7.0},{"not_picked":["ats:Poison Spread","ats:Apocalypse","ats:Very Hot Blade"],"picked":"SKIP","floor":8.0},{"not_picked":["ats:Apocalypse","ats:Collapsing Strike"],"picked":"ats:Shell Defense","floor":11.0},{"not_picked":["ats:Composite Medical Shells","ats:Consecutive Shot Auto","ats:Hammer On"],"picked":"SKIP","floor":12.0},{"not_picked":["Bomb","ats:Magnetic Hammer","ats:Leaping Hammer"],"picked":"SKIP","floor":13.0},{"not_picked":["ats:Explosion Area Strengthen","ats:Steam Pump","ats:Phantom"],"picked":"SKIP","floor":14.0},{"not_picked":["ats:Powerful Strike+1","ats:Consecutive Shot Auto+1"],"picked":"ats:Charging Defense","floor":18.0},{"not_picked":["ats:Hammer On","ats:Powerful Strike"],"picked":"ats:Song Of Battle+1","floor":19.0},{"not_picked":["ats:Steam Pump","ats:Counter Healing Mode","ats:Defend Order"],"picked":"SKIP","floor":20.0},{"not_picked":["ats:Thorns","ats:Burning Ground","ats:Charging Defense"],"picked":"SKIP","floor":22.0},{"not_picked":["ats:Part Time Job","ats:Charging Defense","ats:Ignite"],"picked":"SKIP","floor":23.0},{"not_picked":["ats:Shell Defense","ats:Automatic Cover+1","ats:Counter Healing Mode+1"],"picked":"SKIP","floor":27.0},{"not_picked":["ats:Sword Rain+1","ats:Support Order+1"],"picked":"ats:Defend Order","floor":35},{"not_picked":["ats:Steam Pump","ats:Ignite"],"picked":"ats:Very Hot Blade+1","floor":37},{"not_picked":["ats:Hammer On","ats:LN2 Cannon","ats:Disruption Kick"],"picked":"SKIP","floor":41},{"not_picked":["ats:Leaping Hammer","ats:Ignite","ats:Shell Defense"],"picked":"SKIP","floor":44},{"not_picked":["ats:Very Hot Blade","ats:Blood Oath+1","ats:Thorns+1"],"picked":"SKIP","floor":46},{"not_picked":["ats:Hammer On","ats:Sunburst","ats:Burning Ground"],"picked":"SKIP","floor":47},{"not_picked":["ats:Sashimi Platter","ats:Hammer On+1","ats:Composite Medical Shells+1"],"picked":"SKIP","floor":48},{"not_picked":["ats:Apocalypse","ats:Disruption Kick"],"picked":"ats:Demon Strength+1","floor":54}],"player_experience":787743,"relics_obtained":[{"floor":7.0,"key":"ats:Originium"},{"floor":7.0,"key":"ats:Hidden Killer"},{"floor":9.0,"key":"BelialBook"},{"floor":11.0,"key":"ats:Originium"},{"floor":11.0,"key":"Bottled Flame"},{"floor":23.0,"key":"ats:Originium"},{"floor":23.0,"key":"testmod-Justice"},{"floor":36,"key":"testmod-Alchemist"},{"floor":38,"key":"TungstenRod"},{"floor":41,"key":"ats:Originium"},{"floor":41,"key":"testmod-RainbowHikingShoes"},{"floor":43,"key":"TuHaoJin"},{"floor":47,"key":"testmod-ThousandKnives"},{"floor":54,"key":"Pantograph"}],"event_choices":[{"damage_healed":0.0,"max_hp_gain":0.0,"max_hp_loss":0.0,"gold_gain":0.0,"event_name":"Shining Light","player_choice":"Entered Light","floor":2.0,"gold_loss":0.0,"damage_taken":14.0,"cards_upgraded":["ats:Strike S","ats:Defend"]},{"damage_healed":0.0,"max_hp_gain":0.0,"max_hp_loss":0.0,"gold_gain":0.0,"event_name":"给自己的盒子","player_choice":"Swap Relic","floor":4.0,"relics_lost":["Orichalcum"],"gold_loss":0.0,"damage_taken":0.0,"relics_obtained":["SteamSale"]},{"damage_healed":0.0,"max_hp_gain":0.0,"max_hp_loss":0.0,"gold_gain":0.0,"event_name":"The Library","player_choice":"Read","floor":25.0,"gold_loss":0.0,"damage_taken":0.0,"cards_obtained":["ats:Assault Order"]},{"cards_removed":["ats:Shell Defense"],"damage_healed":0.0,"max_hp_gain":0.0,"max_hp_loss":0.0,"gold_gain":0.0,"event_name":"Beggar","player_choice":"Gave Gold","floor":30.0,"gold_loss":75.0,"damage_taken":0.0},{"damage_healed":0,"gold_gain":0,"player_choice":"Fight","damage_taken":0,"max_hp_gain":0,"max_hp_loss":0,"event_name":"Mysterious Sphere","floor":36,"gold_loss":0},{"damage_healed":0,"gold_gain":0,"player_choice":"Fight","damage_taken":0,"max_hp_gain":0,"max_hp_loss":0,"event_name":"MindBloom","floor":38,"gold_loss":0},{"damage_healed":0,"gold_gain":400,"player_choice":"Sell","damage_taken":0,"max_hp_gain":0,"max_hp_loss":0,"event_name":"恩洛斯的盘子","floor":39,"relics_lost":["HushsDoor"],"gold_loss":0}],"is_beta":true,"boss_relics":[{"not_picked":["Ectoplasm","Calling Bell"],"picked":"testmod-CardMagician"},{"not_picked":[]},{"not_picked":["Black Star","ats:Sanity Plus"],"picked":"testmod-DeterminationOfClimber"},{"not_picked":[]}],"items_purged_floors":[0,0,5,21,28,45,53],"is_endless":false,"potions_floor_spawned":[3,6,11,12,14,18,22,23,36,38,46,47],"ascension_level":0}}