{"host":"vxxgntm1odai56nh","time":1613353905,"event":{"mods":["AchievementEnabler","BaseMod","Colored Map","Colored Powertips","Highlight Path","Minty Spire (QoL Compilation)","Permanent Neow","Rare Cards Sparkle","Relic Stats","StSLib"],"gold_per_floor":[115,130,35,52,18,18,52,52,102,102,112,92,123,136,136,233,233,248,248,248],"floor_reached":19,"language":"ENG","playtime":554,"items_purged":[],"score":212,"play_id":"19a43371-dc81-45f9-8c84-b31c0ffb0b29","local_time":"20210214205145","is_ascension_mode":true,"campfire_choices":[{"data":"Brilliance","floor":6,"key":"SMITH"},{"data":"Omniscience","floor":8,"key":"SMITH"},{"floor":15,"key":"REST"}],"circlet_count":0,"master_deck":["Strike_P","Strike_P","Strike_P","Defend_P","Defend_P","Defend_P","Defend_P","Eruption","Vigilance","Brilliance+1","Consecrate","InnerPeace","Adaptation","ClearTheMind","Conclude","Sanctity","Omniscience+1","Worship","Scrawl","Brilliance","Pray+1"],"relics":["PureWater","Regal Pillow","Orichalcum","Lizard Tail","Philosopher\u0027s Stone"],"acts_visited":["Exordium","TheCity"],"potions_floor_usage":[11,18,19],"damage_taken":[{"damage":0,"enemies":"Cultist","floor":1,"turns":2},{"damage":0,"enemies":"Jaw Worm","floor":2,"turns":3},{"damage":3,"enemies":"2 Louse","floor":4,"turns":3},{"damage":19,"enemies":"Lagavulin","floor":7,"turns":4},{"damage":25,"enemies":"Exordium Thugs","floor":11,"turns":5},{"damage":11,"enemies":"3 Sentries","floor":13,"turns":5},{"damage":4,"enemies":"3 Louse","floor":14,"turns":4},{"damage":22,"enemies":"Slime Boss","floor":16,"turns":6},{"damage":55,"enemies":"3 Byrds","floor":18,"turns":4},{"damage":0,"enemies":"Shell Parasite","floor":19,"turns":1}],"seed_played":"-8739242836689452695","potions_obtained":[{"floor":1,"key":"GamblersBrew"},{"floor":4,"key":"LiquidMemories"},{"floor":11,"key":"Weak Potion"},{"floor":12,"key":"DistilledChaos"},{"floor":16,"key":"Explosive Potion"},{"floor":18,"key":"AttackPotion"}],"is_trial":false,"path_per_floor":["M","M","$","M","$","R","E","R","T","?","M","?","E","M","R","B",null,"M","M"],"character_chosen":"WATCHER","items_purchased":["Adaptation","ClearTheMind","Sanctity"],"campfire_rested":1,"item_purchase_floors":[3,3,5],"current_hp_per_floor":[72,72,72,69,69,69,50,50,50,55,30,30,19,15,53,31,77,22,22,22],"gold":248,"neow_bonus":"TRANSFORM_CARD","is_daily":false,"chose_seed":false,"campfire_upgraded":2,"win_rate":0.0,"timestamp":1613353905,"path_taken":["M","M","$","?","?","R","E","R","T","?","M","?","E","M","R","BOSS","M","M"],"items_purchased_type":["Card","Card","Card"],"build_version":"2020-12-22","purchased_purges":0,"victory":false,"max_hp_per_floor":[72,72,72,72,72,72,72,72,72,77,77,77,77,77,77,77,77,77,77,77],"relic_stats":{"Regal Pillow":15,"Lizard Tail":0,"counters":[10,37],"Orichalcum":[36],"obtain_stats":[{"Regal Pillow":7,"Lizard Tail":13,"Philosopher\u0027s Stone":17,"PureWater":0,"Orichalcum":9},{"Regal Pillow":4,"Lizard Tail":6,"Philosopher\u0027s Stone":8,"PureWater":0,"Orichalcum":4},{"Regal Pillow":12,"Lizard Tail":22,"Philosopher\u0027s Stone":32,"PureWater":0,"Orichalcum":12}]},"card_choices":[{"not_picked":["WindmillStrike","JustLucky"],"picked":"Consecrate","floor":1},{"not_picked":["WreathOfFlame","EmptyFist"],"picked":"InnerPeace","floor":2},{"not_picked":["Pray","WreathOfFlame"],"picked":"Conclude","floor":4},{"not_picked":["PathToVictory","SashWhip"],"picked":"Omniscience","floor":7},{"not_picked":["JustLucky","Collect","EmptyMind"],"picked":"SKIP","floor":11},{"not_picked":["EmptyMind","EmptyBody"],"picked":"Worship","floor":13},{"not_picked":["ForeignInfluence","FlurryOfBlows"],"picked":"Scrawl","floor":14},{"not_picked":["Ragnarok","Devotion"],"picked":"Brilliance","floor":16},{"not_picked":["Meditate+1","JustLucky"],"picked":"Pray+1","floor":18}],"player_experience":154227,"relics_obtained":[{"floor":7,"key":"Regal Pillow"},{"floor":9,"key":"Orichalcum"},{"floor":13,"key":"Lizard Tail"}],"event_choices":[{"damage_healed":0,"gold_gain":0,"player_choice":"Donut","damage_taken":0,"max_hp_gain":5,"max_hp_loss":0,"event_name":"Big Fish","floor":10,"gold_loss":0},{"damage_healed":0,"gold_gain":0,"player_choice":"Bought 1 Potion","damage_taken":0,"max_hp_gain":0,"max_hp_loss":0,"event_name":"The Woman in Blue","floor":12,"gold_loss":0}],"is_beta":false,"boss_relics":[{"not_picked":["Coffee Dripper","Runic Dome"],"picked":"Philosopher\u0027s Stone"}],"items_purged_floors":[],"is_endless":false,"potions_floor_spawned":[1,4,11,16,18],"killed_by":"Shell Parasite","ascension_level":4}}