{"host":"yy1cu9q9bsxhflzi","time":1613411539,"event":{"mods":["BaseMod","DeckTracker","Minty Spire (QoL Compilation)","Quick Restart","StSLib","SuperFastMode","everything is the same but u backflip on backflip"],"gold_per_floor":[110,125,139,139,139,170,188,188,237,263,263,279,279,298,298,370,370,387,387,45,45,45,79,79,111,161,61,80,80,92,92,92],"floor_reached":31,"language":"KOR","playtime":517,"items_purged":["Strike_G","Shame"],"score":570,"play_id":"16fc10fc-4ce5-405b-8382-fa752f5583bf","local_time":"20210216025219","is_ascension_mode":true,"campfire_choices":[{"data":"Acrobatics","floor":8.0,"key":"SMITH"},{"data":"Prepared","floor":13.0,"key":"SMITH"},{"data":"Terror","floor":15.0,"key":"SMITH"},{"floor":24,"key":"REST"},{"data":"Tactician","floor":29,"key":"SMITH"}],"circlet_count":0,"master_deck":["AscendersBane","Strike_G","Strike_G","Strike_G","Defend_G","Defend_G","Defend_G","Defend_G","Survivor+1","Neutralize","Adrenaline+1","Leg Sweep","All Out Attack+1","Dagger Throw","Eviscerate","Acrobatics+1","Prepared+1","Terror+1","After Image","Tactician+1","All Out Attack","Endless Agony","Acrobatics+1","Envenom"],"relics":["Ring of the Snake","Mercury Hourglass","Ancient Tea Set","Nunchaku","Runic Pyramid","Paper Crane","Pen Nib","Snake Skull","Bronze Scales"],"acts_visited":["Exordium","TheCity"],"potions_floor_usage":[],"damage_taken":[{"damage":4.0,"enemies":"Small Slimes","floor":1.0,"turns":4.0},{"damage":1.0,"enemies":"2 Louse","floor":2.0,"turns":3.0},{"damage":1.0,"enemies":"Cultist","floor":3.0,"turns":5.0},{"damage":19.0,"enemies":"Lagavulin","floor":6.0,"turns":7.0},{"damage":0.0,"enemies":"Large Slime","floor":7.0,"turns":3.0},{"damage":0.0,"enemies":"Gremlin Nob","floor":10.0,"turns":3.0},{"damage":5.0,"enemies":"Exordium Wildlife","floor":12.0,"turns":3.0},{"damage":0.0,"enemies":"Looter","floor":14.0,"turns":2.0},{"damage":4.0,"enemies":"Hexaghost","floor":16.0,"turns":8.0},{"damage":0.0,"enemies":"Chosen","floor":18.0,"turns":5.0},{"damage":30.0,"enemies":"Slavers","floor":23.0,"turns":4.0},{"damage":2,"enemies":"Book of Stabbing","floor":25,"turns":4},{"damage":5,"enemies":"2 Thieves","floor":28,"turns":2},{"damage":16,"enemies":"Chosen and Byrds","floor":30,"turns":4},{"damage":0,"enemies":"Shelled Parasite and Fungi","floor":31,"turns":1}],"seed_played":"637094573234599860","potions_obtained":[{"floor":3.0,"key":"ColorlessPotion"},{"floor":5.0,"key":"Weak Potion"},{"floor":6.0,"key":"Fire Potion"},{"floor":10.0,"key":"DistilledChaos"},{"floor":14.0,"key":"Poison Potion"},{"floor":16.0,"key":"LiquidBronze"},{"floor":18.0,"key":"Poison Potion"}],"is_trial":false,"path_per_floor":["M","M","M","?","?","E","M","R","T","E","?","M","R","M","R","B",null,"M","?","$","?","?","E","R","E","T","$","M","R","M","M"],"character_chosen":"THE_SILENT","items_purchased":["Paper Crane"],"campfire_rested":1,"item_purchase_floors":[20],"current_hp_per_floor":[55,54,53,53,53,34,34,34,34,34,16,11,11,11,11,7,47,47,47,47,47,47,17,35,33,33,33,28,28,12,12,12],"gold":92,"neow_bonus":"THREE_RARE_CARDS","is_daily":false,"chose_seed":false,"campfire_upgraded":4,"win_rate":0.0,"timestamp":1613411539,"path_taken":["M","M","M","?","?","E","?","R","T","E","?","M","R","M","R","BOSS","M","?","$","?","?","E","R","E","T","?","M","R","M","M"],"items_purchased_type":["Relic"],"build_version":"2020-12-22","purchased_purges":2,"victory":false,"max_hp_per_floor":[60,60,60,60,60,60,60,60,60,60,60,60,60,60,60,60,60,60,60,60,60,60,60,60,60,60,60,60,60,60,60,60],"card_choices":[{"not_picked":["Phantasmal Killer","Tools of the Trade"],"picked":"Adrenaline","floor":0.0},{"not_picked":["Deflect","Acrobatics"],"picked":"Leg Sweep","floor":1.0},{"not_picked":["Dodge and Roll","Flying Knee"],"picked":"All Out Attack","floor":2.0},{"not_picked":["Concentrate","Malaise"],"picked":"Dagger Throw","floor":3.0},{"not_picked":["Backflip","Phantasmal Killer"],"picked":"Eviscerate","floor":6.0},{"not_picked":["Dagger Spray","Deadly Poison"],"picked":"Acrobatics","floor":7.0},{"not_picked":["Heel Hook","Dash","Catalyst"],"picked":"SKIP","floor":10.0},{"not_picked":["Quick Slash","Backflip"],"picked":"Prepared","floor":12.0},{"not_picked":["Bane","Quick Slash"],"picked":"Terror","floor":14.0},{"not_picked":["Grand Finale","Burst"],"picked":"After Image","floor":16.0},{"not_picked":["Cloak And Dagger","Sucker Punch","Flying Knee"],"picked":"SKIP","floor":18.0},{"not_picked":["Prepared","Outmaneuver","Blade Dance+1"],"picked":"SKIP","floor":23},{"not_picked":["Endless Agony+1","Eviscerate+1"],"picked":"Acrobatics+1","floor":25},{"not_picked":["Acrobatics","Riddle With Holes"],"picked":"Envenom","floor":28},{"not_picked":["Cloak And Dagger","Infinite Blades","Finisher"],"picked":"SKIP","floor":30}],"player_experience":3911977,"relics_obtained":[{"floor":6.0,"key":"Mercury Hourglass"},{"floor":9.0,"key":"Ancient Tea Set"},{"floor":10.0,"key":"Nunchaku"},{"floor":25,"key":"Snake Skull"},{"floor":26,"key":"Bronze Scales"}],"event_choices":[{"damage_healed":0.0,"max_hp_gain":0.0,"max_hp_loss":0.0,"gold_gain":0.0,"event_name":"Living Wall","player_choice":"Grow","floor":4.0,"gold_loss":0.0,"damage_taken":0.0,"cards_upgraded":["All Out Attack"]},{"damage_healed":0.0,"max_hp_gain":0.0,"max_hp_loss":0.0,"gold_gain":0.0,"event_name":"Lab","player_choice":"Got Potions","floor":5.0,"gold_loss":0.0,"damage_taken":0.0},{"damage_healed":0.0,"max_hp_gain":0.0,"max_hp_loss":0.0,"gold_gain":0.0,"event_name":"Shining Light","player_choice":"Entered Light","floor":11.0,"gold_loss":0.0,"damage_taken":18.0,"cards_upgraded":["Adrenaline","Survivor"]},{"damage_healed":0.0,"max_hp_gain":0.0,"max_hp_loss":0.0,"gold_gain":0.0,"event_name":"The Library","player_choice":"Read","floor":19.0,"gold_loss":0.0,"damage_taken":0.0,"cards_obtained":["Tactician"]},{"damage_healed":0.0,"max_hp_gain":0.0,"max_hp_loss":0.0,"gold_gain":0.0,"cards_transformed":["Defend_G","Strike_G"],"event_name":"Drug Dealer","player_choice":"Became Test Subject","floor":21.0,"gold_loss":0.0,"damage_taken":0.0,"cards_obtained":["All Out Attack","Endless Agony"]},{"damage_healed":0.0,"max_hp_gain":0.0,"max_hp_loss":0.0,"gold_gain":0.0,"event_name":"Addict","player_choice":"Stole Relic","floor":22.0,"gold_loss":0.0,"damage_taken":0.0,"relics_obtained":["Pen Nib"],"cards_obtained":["Shame"]}],"is_beta":false,"boss_relics":[{"not_picked":["SacredBark","Tiny House"],"picked":"Runic Pyramid"}],"items_purged_floors":[20,27],"is_endless":false,"potions_floor_spawned":[3,6,10,14,16,18,25],"killed_by":"Shelled Parasite and Fungi","ascension_level":17}}