{"host":"0utx1lcxgx5vu4k0","time":1613406763,"event":{"mods":["BaseMod","Colored Powertips","Minty Spire (QoL Compilation)","Permanent Neow","Relic Stats","StSLib"],"gold_per_floor":[110,41,57,57,72,101,101,133,133,161,436,436,65,77,77,172,172,190,202,202,202,249,261,198,237,249,292,304,346,371,212,212,317,317,337,337,337,352,363,394,616,635,635,105,119,135,170,26,26,26,26,26,26,52,52],"floor_reached":56,"language":"ENG","playtime":3281,"items_purged":["Regret","Bite+1","Consecrate"],"score":1627,"play_id":"05dd953e-7494-4f6f-ae2c-267601490be4","local_time":"20210215113243","is_ascension_mode":true,"campfire_choices":[{"data":"CrushJoints","floor":12.0,"key":"SMITH"},{"data":"Vigilance","floor":15.0,"key":"SMITH"},{"data":"Vault","floor":23,"key":"SMITH"},{"data":"MentalFortress","floor":28,"key":"SMITH"},{"data":"Wireheading","floor":32,"key":"SMITH"},{"floor":49,"key":"RECALL"},{"data":"Madness","floor":52,"key":"SMITH"}],"circlet_count":0,"master_deck":["Defend_P","Defend_P","Defend_P","Eruption","Vigilance+1","CrushJoints+1","BattleHymn","Consecrate+1","EmptyFist+1","Vengeance","Tantrum+1","FlurryOfBlows+1","Vault+1","Indignation+1","Swivel+1","Omniscience+1","ThirdEye+1","Adaptation+1","Bite+1","Bite+1","Bite+1","Bite+1","JustLucky+1","MentalFortress+1","ClearTheMind+1","Wireheading+1","CutThroughFate+1","FlurryOfBlows+1","SashWhip+1","Omniscience","EmptyBody","Madness+1","Madness","ThirdEye+1","FlurryOfBlows+1","TalkToTheHand+1","ThirdEye+1","Meditate","TalkToTheHand+1","MentalFortress+1","DeceiveReality+1","Tantrum+1"],"relics":["Coffee Dripper","Molten Egg 2","Juzu Bracelet","Toy Ornithopter","Gremlin Horn","Tiny Chest","Ice Cream","Astrolabe","MawBank","Red Mask","Bottled Lightning","Bird Faced Urn","Prayer Wheel","SacredBark","Meat on the Bone","Mango","HornCleat","Sling","Centennial Puzzle","Medical Kit","Mummified Hand"],"acts_visited":["Exordium","TheCity","TheBeyond","TheEnding"],"potions_floor_usage":[27,42,42,42,55,55,55,55,55],"damage_taken":[{"damage":2.0,"enemies":"Jaw Worm","floor":1.0,"turns":3.0},{"damage":0.0,"enemies":"Small Slimes","floor":3.0,"turns":3.0},{"damage":0.0,"enemies":"2 Louse","floor":5.0,"turns":1.0},{"damage":16.0,"enemies":"Lagavulin","floor":6.0,"turns":5.0},{"damage":14.0,"enemies":"Gremlin Nob","floor":8.0,"turns":3.0},{"damage":0.0,"enemies":"Lagavulin","floor":10.0,"turns":4.0},{"damage":6.0,"enemies":"Exordium Thugs","floor":14.0,"turns":2.0},{"damage":0.0,"enemies":"Hexaghost","floor":16.0,"turns":6.0},{"damage":12.0,"enemies":"2 Thieves","floor":18.0,"turns":3.0},{"damage":0.0,"enemies":"Chosen","floor":19.0,"turns":3.0},{"damage":0,"enemies":"Masked Bandits","floor":25,"turns":3},{"damage":10,"enemies":"Book of Stabbing","floor":27,"turns":3},{"damage":10,"enemies":"Gremlin Leader","floor":29,"turns":4},{"damage":0,"enemies":"Snake Plant","floor":30,"turns":2},{"damage":0,"enemies":"Collector","floor":33,"turns":6},{"damage":2,"enemies":"Orb Walker","floor":35,"turns":2},{"damage":0,"enemies":"3 Shapes","floor":38,"turns":2},{"damage":15,"enemies":"Spire Growth","floor":39,"turns":4},{"damage":0,"enemies":"Nemesis","floor":40,"turns":7},{"damage":0,"enemies":"3 Darklings","floor":42,"turns":3},{"damage":0,"enemies":"Maw","floor":45,"turns":6},{"damage":3,"enemies":"Writhing Mass","floor":46,"turns":6},{"damage":0,"enemies":"Giant Head","floor":47,"turns":6},{"damage":36,"enemies":"Donu and Deca","floor":50,"turns":7},{"damage":0,"enemies":"Shield and Spear","floor":54,"turns":5},{"damage":1,"enemies":"The Heart","floor":55,"turns":8}],"seed_played":"-7224070044010760260","potions_obtained":[{"floor":1.0,"key":"SteroidPotion"},{"floor":10.0,"key":"Weak Potion"},{"floor":14.0,"key":"Dexterity Potion"},{"floor":25,"key":"EntropicBrew"},{"floor":29,"key":"FearPotion"},{"floor":35,"key":"Ancient Potion"},{"floor":40,"key":"EntropicBrew"},{"floor":54,"key":"DuplicationPotion"}],"is_trial":false,"path_per_floor":["M","$","M","?","M","E","?","E","T","E","?","R","$","M","R","B",null,"M","M","?","?","T","R","?","?","T","E","R","E","M","$","R","B",null,"M","?","T","M","M","E","?","M","T","$","M","M","E","$","R","B",null,"R","$","E","B",null],"character_chosen":"WATCHER","items_purchased":["BattleHymn","Ice Cream","FlurryOfBlows+1","SashWhip+1","HornCleat","Sling","Medical Kit"],"campfire_rested":0,"item_purchase_floors":[2,13,31,31,44,44,48],"current_hp_per_floor":[70,70,70,63,63,47,47,33,33,33,33,33,33,27,27,32,72,60,60,60,50,50,50,50,50,50,46,46,45,48,48,48,50,50,50,44,44,50,37,50,50,50,64,64,64,64,64,64,64,46,64,64,64,64,64],"gold":52,"neow_bonus":"BOSS_RELIC","is_daily":false,"chose_seed":false,"campfire_upgraded":6,"win_rate":0.0,"timestamp":1613406763,"path_taken":["M","$","M","?","M","E","?","E","T","E","?","R","$","M","R","BOSS","M","M","?","?","?","R","?","?","T","E","R","E","M","$","R","BOSS","M","?","?","M","M","E","?","M","T","$","M","M","E","?","R","BOSS","R","$","E","BOSS"],"items_purchased_type":["Card","Relic","Card","Card","Relic","Relic","Relic"],"build_version":"2020-12-22","purchased_purges":3,"victory":true,"max_hp_per_floor":[72,72,72,72,72,72,72,72,72,72,72,72,72,72,72,72,72,72,72,72,50,50,50,50,50,50,50,50,50,50,50,50,50,50,50,50,50,50,50,50,50,50,64,64,64,64,64,64,64,64,64,64,64,64,64],"relic_stats":{"Gremlin Horn":[15,15],"counters":[26,107],"Astrolabe":["Indignation","Swivel","Omniscience"],"Juzu Bracelet":1,"MawBank":108,"Medical Kit":[2],"Centennial Puzzle":[6],"Mummified Hand":[8],"Bird Faced Urn":[27],"Tiny Chest":2,"Prayer Wheel":7,"obtain_stats":[{"Ice Cream":13,"Gremlin Horn":9,"Astrolabe":17,"SacredBark":34,"Mango":43,"Juzu Bracelet":6,"MawBank":22,"Sling":44,"Medical Kit":48,"Centennial Puzzle":47,"HornCleat":44,"Mummified Hand":54,"Bird Faced Urn":27,"Molten Egg 2":4,"Tiny Chest":10,"Prayer Wheel":29,"Coffee Dripper":0,"Red Mask":25,"Bottled Lightning":26,"PureWater":0,"Toy Ornithopter":8,"Meat on the Bone":40},{"Ice Cream":6,"Gremlin Horn":5,"Astrolabe":8,"SacredBark":15,"Mango":20,"Juzu Bracelet":4,"MawBank":10,"Sling":20,"Medical Kit":23,"Centennial Puzzle":23,"HornCleat":20,"Mummified Hand":25,"Bird Faced Urn":12,"Molten Egg 2":2,"Tiny Chest":6,"Prayer Wheel":13,"Coffee Dripper":0,"Red Mask":11,"Bottled Lightning":11,"PureWater":0,"Toy Ornithopter":5,"Meat on the Bone":19},{"Ice Cream":19,"Gremlin Horn":15,"Astrolabe":27,"SacredBark":51,"Mango":69,"Juzu Bracelet":12,"MawBank":33,"Sling":69,"Medical Kit":87,"Centennial Puzzle":87,"HornCleat":69,"Mummified Hand":99,"Bird Faced Urn":39,"Molten Egg 2":6,"Tiny Chest":19,"Prayer Wheel":43,"Coffee Dripper":0,"Red Mask":36,"Bottled Lightning":36,"PureWater":0,"Toy Ornithopter":15,"Meat on the Bone":66}],"Toy Ornithopter":5,"Meat on the Bone":0},"card_choices":[{"not_picked":["DeceiveReality","FollowUp"],"picked":"CrushJoints","floor":1.0},{"not_picked":["Prostrate","FlyingSleeves"],"picked":"Consecrate","floor":3.0},{"not_picked":["WindmillStrike+1","PathToVictory"],"picked":"Consecrate+1","floor":5.0},{"not_picked":["Halt","ClearTheMind"],"picked":"EmptyFist+1","floor":6.0},{"not_picked":["DevaForm","CrushJoints+1"],"picked":"Vengeance","floor":8.0},{"not_picked":["Halt","Crescendo"],"picked":"Tantrum+1","floor":10.0},{"not_picked":["Conclude+1","FollowUp+1"],"picked":"FlurryOfBlows+1","floor":14.0},{"not_picked":["Establishment","Omniscience"],"picked":"Vault","floor":16.0},{"not_picked":["FollowUp+1","Crescendo+1"],"picked":"ThirdEye+1","floor":18.0},{"not_picked":["FollowUp+1","Halt"],"picked":"Adaptation+1","floor":19.0},{"not_picked":["PathToVictory","Swivel"],"picked":"JustLucky+1","floor":25},{"not_picked":["Adaptation","EmptyFist+1"],"picked":"MentalFortress","floor":27},{"not_picked":["Perseverance","Omniscience"],"picked":"ClearTheMind+1","floor":29},{"not_picked":["JustLucky+1","EmptyBody"],"picked":"Wireheading","floor":30},{"not_picked":["EmptyBody","CarveReality+1"],"picked":"CutThroughFate+1","floor":30},{"not_picked":["ConjureBlade","Judgement"],"picked":"Omniscience","floor":33},{"not_picked":["ClearTheMind","BattleHymn"],"picked":"EmptyBody","floor":35},{"not_picked":["Consecrate+1","SashWhip+1","Protect"],"picked":"SKIP","floor":35},{"not_picked":["Sanctity","FollowUp+1"],"picked":"ThirdEye+1","floor":38},{"not_picked":["CarveReality+1","EmptyBody"],"picked":"FlurryOfBlows+1","floor":38},{"not_picked":["Prostrate+1","WheelKick+1"],"picked":"TalkToTheHand+1","floor":39},{"not_picked":["EmptyFist+1","Crescendo"],"picked":"ThirdEye+1","floor":39},{"not_picked":["WreathOfFlame","CrushJoints+1","ConjureBlade"],"picked":"SKIP","floor":40},{"not_picked":["MentalFortress+1","Protect"],"picked":"Meditate","floor":42},{"not_picked":["Consecrate+1","EmptyBody","EmptyFist+1"],"picked":"SKIP","floor":42},{"not_picked":["MentalFortress","Crescendo+1"],"picked":"TalkToTheHand+1","floor":45},{"not_picked":["CrushJoints+1","SignatureMove+1"],"picked":"MentalFortress+1","floor":45},{"not_picked":["EmptyBody","EmptyFist+1"],"picked":"DeceiveReality+1","floor":46},{"not_picked":["CutThroughFate+1","FlurryOfBlows+1","JustLucky+1"],"picked":"SKIP","floor":46},{"not_picked":["FollowUp+1","Consecrate+1","EmptyFist+1"],"picked":"SKIP","floor":47},{"not_picked":["Conclude+1","Prostrate+1"],"picked":"Tantrum+1","floor":54}],"player_experience":40938,"relics_obtained":[{"floor":6.0,"key":"Juzu Bracelet"},{"floor":8.0,"key":"Toy Ornithopter"},{"floor":9.0,"key":"Gremlin Horn"},{"floor":10.0,"key":"Tiny Chest"},{"floor":22,"key":"MawBank"},{"floor":25,"key":"Red Mask"},{"floor":26,"key":"Bottled Lightning"},{"floor":27,"key":"Bird Faced Urn"},{"floor":29,"key":"Prayer Wheel"},{"floor":40,"key":"Meat on the Bone"},{"floor":43,"key":"Mango"},{"floor":47,"key":"Centennial Puzzle"},{"floor":54,"key":"Mummified Hand"}],"event_choices":[{"damage_healed":0.0,"max_hp_gain":0.0,"max_hp_loss":0.0,"gold_gain":0.0,"event_name":"Scrap Ooze","player_choice":"Success","floor":4.0,"gold_loss":0.0,"damage_taken":7.0,"relics_obtained":["Molten Egg 2"]},{"damage_healed":0.0,"max_hp_gain":0.0,"max_hp_loss":0.0,"gold_gain":0.0,"event_name":"Liars Game","player_choice":"Ignored","floor":7.0,"gold_loss":0.0,"damage_taken":0.0},{"damage_healed":0.0,"max_hp_gain":0.0,"max_hp_loss":0.0,"gold_gain":275.0,"event_name":"Golden Shrine","player_choice":"Desecrate","floor":11.0,"gold_loss":0.0,"damage_taken":0.0,"cards_obtained":["Regret"]},{"cards_removed":["Strike_P"],"damage_healed":0.0,"max_hp_gain":0.0,"max_hp_loss":0.0,"gold_gain":0.0,"event_name":"Purifier","player_choice":"Purged","floor":20.0,"gold_loss":0.0,"damage_taken":0.0},{"damage_healed":0,"gold_gain":0,"player_choice":"Became a vampire","damage_taken":0,"max_hp_gain":0,"max_hp_loss":22,"event_name":"Vampires","floor":21,"gold_loss":0,"cards_obtained":["Bite","Bite","Bite","Bite","Bite"]},{"cards_removed":["Defend_P"],"damage_healed":0,"gold_gain":0,"player_choice":"Gave Gold","damage_taken":0,"max_hp_gain":0,"max_hp_loss":0,"event_name":"Beggar","floor":24,"gold_loss":75},{"damage_healed":0,"gold_gain":0,"player_choice":"Fought Bandits","damage_taken":0,"max_hp_gain":0,"max_hp_loss":0,"event_name":"Masked Bandits","floor":25,"gold_loss":0},{"damage_healed":0,"gold_gain":0,"player_choice":"Embrace Madness","damage_taken":6,"max_hp_gain":0,"max_hp_loss":0,"event_name":"Winding Halls","floor":36,"gold_loss":0,"cards_obtained":["Madness","Madness"]},{"damage_healed":0,"gold_gain":222,"player_choice":"Wore Mask","damage_taken":0,"max_hp_gain":0,"max_hp_loss":0,"event_name":"Tomb of Lord Red Mask","floor":41,"gold_loss":0}],"is_beta":false,"boss_relics":[{"not_picked":["Cursed Key","SlaversCollar"],"picked":"Astrolabe"},{"not_picked":["Busted Crown","Snecko Eye"],"picked":"SacredBark"}],"items_purged_floors":[13,31,44],"is_endless":false,"potions_floor_spawned":[1,10,14,25,29,30,35,40,54],"ascension_level":2}}