{"host":"8cqz7u612ax6p4mk","time":1613358146,"event":{"mods":["AchievementEnabler","BaseMod","Bestiary","Colored Map","DeckTracker","Highlight Path","Minty Spire (QoL Compilation)","Relic Stats","The Servant 0.9.4"],"gold_per_floor":[116,116,132,147,72,110,124,124,198,198,233,249,249,76,76,197,197,211,234,247,77,176,176,26,41,41,41,56,96,109,128,128,247,247,262,262,286,302,316,347,372,435,462,486,499,23,63,87,87,87,87],"floor_reached":50,"language":"ENG","playtime":5097,"items_purged":["Defend_B","Defend_B","Strike_B","Strike_B","Strike_B+1"],"score":618,"play_id":"4d962253-302c-40e3-b27f-b4a37a19f0c4","local_time":"20210214220225","is_ascension_mode":true,"campfire_choices":[{"data":"Hologram","floor":8,"key":"SMITH"},{"floor":10,"key":"REST"},{"floor":15,"key":"REST"},{"data":"Zap","floor":23,"key":"SMITH"},{"floor":27,"key":"REST"},{"floor":32,"key":"REST"},{"floor":49,"key":"REST"}],"circlet_count":0,"master_deck":["Strike_B+1","Defend_B+1","Zap+1","Dualcast","Hologram+1","Compile Driver","Redo+1","Glacier","Electrodynamics","Conserve Battery+1","Multi-Cast+1","Conserve Battery+1","Turbo+1","Conserve Battery+1","Reboot+1","Loop+1","White Noise+1","White Noise+1","Static Discharge+1","Double Energy+1","Parasite"],"relics":["Cracked Core","NeowsBlessing","Golden Idol","Pocketwatch","Toxic Egg 2","Art of War","Runic Pyramid","Akabeko","Boot","Nuclear Battery","Whetstone","Incense Burner","War Paint","Torii","CeramicFish"],"acts_visited":["Exordium","TheCity","TheBeyond"],"potions_floor_usage":[11,16,33,33,33,47,50,50],"damage_taken":[{"damage":0,"enemies":"Jaw Worm","floor":1,"turns":1},{"damage":0,"enemies":"Cultist","floor":3,"turns":1},{"damage":0,"enemies":"2 Louse","floor":4,"turns":1},{"damage":23,"enemies":"Lagavulin","floor":6,"turns":7},{"damage":16,"enemies":"2 Fungi Beasts","floor":7,"turns":3},{"damage":39,"enemies":"Gremlin Nob","floor":11,"turns":6},{"damage":0,"enemies":"Large Slime","floor":12,"turns":4},{"damage":4,"enemies":"Slime Boss","floor":16,"turns":8},{"damage":20,"enemies":"Chosen","floor":18,"turns":4},{"damage":10,"enemies":"Shell Parasite","floor":19,"turns":8},{"damage":9,"enemies":"Chosen and Byrds","floor":20,"turns":5},{"damage":5,"enemies":"Cultist and Chosen","floor":25,"turns":4},{"damage":11,"enemies":"Snecko","floor":28,"turns":4},{"damage":9,"enemies":"Slavers","floor":29,"turns":3},{"damage":0,"enemies":"Shelled Parasite and Fungi","floor":30,"turns":2},{"damage":12,"enemies":"Centurion and Healer","floor":31,"turns":3},{"damage":25,"enemies":"Collector","floor":33,"turns":9},{"damage":0,"enemies":"Orb Walker","floor":35,"turns":2},{"damage":0,"enemies":"3 Shapes","floor":37,"turns":2},{"damage":6,"enemies":"Transient","floor":38,"turns":5},{"damage":10,"enemies":"Maw","floor":39,"turns":10},{"damage":24,"enemies":"Nemesis","floor":40,"turns":7},{"damage":20,"enemies":"3 Darklings","floor":41,"turns":2},{"damage":0,"enemies":"Mind Bloom Boss Battle","floor":42,"turns":4},{"damage":0,"enemies":"Jaw Worm Horde","floor":44,"turns":3},{"damage":0,"enemies":"Maw","floor":45,"turns":6},{"damage":0,"enemies":"Giant Head","floor":47,"turns":11},{"damage":0,"enemies":"Writhing Mass","floor":48,"turns":4},{"damage":35,"enemies":"Awakened One","floor":50,"turns":8}],"seed_played":"-3716885639035371458","potions_obtained":[{"floor":3,"key":"EssenceOfSteel"},{"floor":7,"key":"DuplicationPotion"},{"floor":11,"key":"Energy Potion"},{"floor":18,"key":"Fire Potion"},{"floor":28,"key":"AttackPotion"},{"floor":37,"key":"Ancient Potion"},{"floor":40,"key":"FocusPotion"},{"floor":41,"key":"Block Potion"}],"is_trial":false,"path_per_floor":["M","?","M","M","$","E","M","R","T","R","E","M","?","$","R","B",null,"M","M","M","$","?","R","$","M","T","R","M","E","M","M","R","B",null,"M","?","M","M","M","E","M","?","T","M","M","$","E","M","R","B"],"character_chosen":"DEFECT","items_purchased":["EssenceOfSteel","Turbo+1","Torii"],"campfire_rested":5,"item_purchase_floors":[14,21,46],"current_hp_per_floor":[75,69,69,69,69,46,30,30,30,50,11,11,11,11,31,27,69,49,39,30,30,30,30,30,25,25,45,34,25,25,13,33,8,69,69,69,69,63,53,29,9,9,9,9,9,9,9,9,29,0,0],"gold":87,"neow_bonus":"THREE_ENEMY_KILL","is_daily":false,"chose_seed":false,"campfire_upgraded":2,"win_rate":0.0,"timestamp":1613358145,"path_taken":["M","?","M","M","$","E","M","R","T","R","E","M","?","$","R","BOSS","M","M","M","$","?","R","$","M","T","R","M","E","M","M","R","BOSS","M","?","M","M","M","E","M","?","T","M","M","$","E","M","R","BOSS"],"items_purchased_type":["Potion","Card","Relic"],"build_version":"2020-12-22","purchased_purges":5,"victory":false,"max_hp_per_floor":[75,69,69,69,69,69,69,69,69,69,69,69,69,69,69,69,69,69,69,69,69,69,69,69,69,69,69,69,69,69,69,69,69,69,69,69,69,69,69,69,69,69,69,69,69,69,69,69,69,69,69],"relic_stats":{"Torii":0,"counters":[29,137],"Golden Idol":164,"CeramicFish":9,"Art of War":[54],"Whetstone":["Strike_B","Strike_B"],"War Paint":["Redo","Defend_B"],"Boot":[22],"obtain_stats":[{"NeowsBlessing":0,"Torii":46,"Golden Idol":2,"CeramicFish":47,"Incense Burner":42,"Whetstone":40,"War Paint":43,"Boot":29,"Akabeko":26,"Nuclear Battery":34,"Art of War":11,"Toxic Egg 2":9,"Cracked Core":0,"Pocketwatch":6,"Runic Pyramid":17},{"NeowsBlessing":0,"Torii":26,"Golden Idol":1,"CeramicFish":27,"Incense Burner":24,"Whetstone":22,"War Paint":24,"Boot":14,"Akabeko":12,"Nuclear Battery":17,"Art of War":6,"Toxic Egg 2":5,"Cracked Core":0,"Pocketwatch":4,"Runic Pyramid":8},{"NeowsBlessing":0,"Torii":114,"Golden Idol":1,"CeramicFish":125,"Incense Burner":105,"Whetstone":99,"War Paint":105,"Boot":59,"Akabeko":52,"Nuclear Battery":73,"Art of War":19,"Toxic Egg 2":13,"Cracked Core":0,"Pocketwatch":10,"Runic Pyramid":31}],"Pocketwatch":[61]},"card_choices":[{"not_picked":["Ball Lightning","Beam Cell"],"picked":"Hologram","floor":1},{"not_picked":["Lockon","Reinforced Body","Steam"],"picked":"SKIP","floor":3},{"not_picked":["Tempest","Barrage"],"picked":"Compile Driver","floor":4},{"not_picked":["Hologram","Leap"],"picked":"Redo","floor":6},{"not_picked":["BootSequence","Chill"],"picked":"Glacier","floor":7},{"not_picked":["Ball Lightning","Capacitor"],"picked":"Electrodynamics","floor":11},{"not_picked":["Melter","BootSequence+1"],"picked":"Conserve Battery+1","floor":12},{"not_picked":["Machine Learning","Echo Form"],"picked":"Multi-Cast+1","floor":16},{"not_picked":["Rip and Tear+1","Rebound","Cold Snap"],"picked":"SKIP","floor":18},{"not_picked":["Consume+1","Compile Driver+1","Coolheaded+1"],"picked":"SKIP","floor":19},{"not_picked":["Steam+1","Biased Cognition"],"picked":"Conserve Battery+1","floor":20},{"not_picked":["Hello World","Hologram+1","Darkness+1"],"picked":"SKIP","floor":25},{"not_picked":["Hello World","Conserve Battery+1","Blizzard"],"picked":"SKIP","floor":28},{"not_picked":["Chaos+1","Barrage","Storm"],"picked":"SKIP","floor":29},{"not_picked":["Storm+1","Undo+1","Go for the Eyes"],"picked":"SKIP","floor":30},{"not_picked":["Cold Snap+1","Redo+1"],"picked":"Conserve Battery+1","floor":31},{"not_picked":["Buffer","Echo Form"],"picked":"Reboot+1","floor":33},{"not_picked":["Compile Driver","Skim+1","Hologram+1"],"picked":"SKIP","floor":35},{"not_picked":["Compile Driver","Gash"],"picked":"Loop+1","floor":37},{"not_picked":["Go for the Eyes","Hologram+1","Barrage"],"picked":"SKIP","floor":38},{"not_picked":["Go for the Eyes","Streamline","Blizzard"],"picked":"SKIP","floor":39},{"not_picked":["Consume+1","Rip and Tear"],"picked":"White Noise+1","floor":40},{"not_picked":["Consume+1","Coolheaded+1"],"picked":"White Noise+1","floor":41},{"not_picked":["Auto Shields+1","Ball Lightning+1"],"picked":"Static Discharge+1","floor":44},{"not_picked":["Steam+1","Stack+1"],"picked":"Double Energy+1","floor":45},{"not_picked":["Scrape+1","Consume+1","Streamline+1"],"picked":"SKIP","floor":47},{"not_picked":["Echo Form","Cold Snap","Sweeping Beam+1"],"picked":"SKIP","floor":48}],"player_experience":198663,"relics_obtained":[{"floor":6,"key":"Pocketwatch"},{"floor":9,"key":"Toxic Egg 2"},{"floor":11,"key":"Art of War"},{"floor":26,"key":"Akabeko"},{"floor":29,"key":"Boot"},{"floor":40,"key":"Whetstone"},{"floor":42,"key":"Incense Burner"},{"floor":43,"key":"War Paint"},{"floor":47,"key":"CeramicFish"}],"event_choices":[{"damage_healed":0,"gold_gain":0,"player_choice":"Lose Max HP","damage_taken":0,"relics_obtained":["Golden Idol"],"max_hp_gain":0,"max_hp_loss":6,"event_name":"Golden Idol","floor":2,"gold_loss":0},{"cards_removed":["Defend_B"],"damage_healed":0,"gold_gain":0,"player_choice":"Purged","damage_taken":0,"max_hp_gain":0,"max_hp_loss":0,"event_name":"Purifier","floor":13,"gold_loss":0},{"damage_healed":0,"gold_gain":99,"player_choice":"Stole From Cult","damage_taken":0,"max_hp_gain":0,"max_hp_loss":0,"event_name":"Nest","floor":22,"gold_loss":0},{"damage_healed":0,"gold_gain":0,"player_choice":"Memory 1","damage_taken":0,"max_hp_gain":0,"max_hp_loss":0,"event_name":"SensoryStone","floor":36,"gold_loss":0},{"damage_healed":0,"gold_gain":0,"player_choice":"Fight","damage_taken":0,"max_hp_gain":0,"max_hp_loss":0,"event_name":"MindBloom","floor":42,"gold_loss":0}],"is_beta":false,"boss_relics":[{"not_picked":["Fusion Hammer","Astrolabe"],"picked":"Runic Pyramid"},{"not_picked":["Inserter","Busted Crown"],"picked":"Nuclear Battery"}],"items_purged_floors":[5,14,21,24,46],"is_endless":false,"potions_floor_spawned":[3,7,11,18,25,28,31,37,40,41,42],"killed_by":"Awakened One","ascension_level":1}}