{"host":"oigynbtg272c19pw","time":1613379390,"event":{"mods":["BaseMod","Colored Map","Minty Spire (QoL Compilation)","Relic Stats","Slay the Relics Exporter","StSLib"],"gold_per_floor":[112,112,9,9,24,24,60,60,133,133,133,152,236,236,236,326,326,342,94,112,127,127,127],"floor_reached":22,"playtime":764,"items_purged":["Strike_P"],"score":534,"play_id":"1a8a2807-ff30-42fe-930f-9a0a5b6fe4d1","local_time":"20210215095630","is_ascension_mode":true,"campfire_choices":[{"data":"BowlingBash","floor":6.0,"key":"SMITH"},{"data":"MasterReality","floor":8.0,"key":"SMITH"},{"floor":10.0,"key":"REST"},{"data":"Evaluate","floor":15.0,"key":"SMITH"}],"circlet_count":0,"master_deck":["AscendersBane","Strike_P","Strike_P","Strike_P","Defend_P","Defend_P+1","Defend_P","Eruption","Vigilance","MasterReality+1","CrushJoints+1","Evaluate+1","BowlingBash+1","Tantrum","CutThroughFate","Study","Scrawl","FearNoEvil"],"relics":["PureWater","Golden Idol","White Beast Statue","Shuriken","Bottled Tornado","Busted Crown","Medical Kit"],"acts_visited":["Exordium","TheCity"],"potions_floor_usage":[20,21,22,22],"damage_taken":[{"damage":2.0,"enemies":"Jaw Worm","floor":1.0,"turns":6.0},{"damage":1.0,"enemies":"Small Slimes","floor":5.0,"turns":5.0},{"damage":16.0,"enemies":"Lagavulin","floor":7.0,"turns":7.0},{"damage":7.0,"enemies":"2 Louse","floor":12.0,"turns":3.0},{"damage":0.0,"enemies":"3 Sentries","floor":13.0,"turns":4.0},{"damage":0.0,"enemies":"Slime Boss","floor":16.0,"turns":5.0},{"damage":24.0,"enemies":"2 Thieves","floor":18.0,"turns":3.0},{"damage":1,"enemies":"3 Byrds","floor":20,"turns":3},{"damage":0,"enemies":"Centurion and Healer","floor":21,"turns":3},{"damage":16,"enemies":"Shelled Parasite and Fungi","floor":22,"turns":3}],"seed_played":"9130287656855893943","potions_obtained":[{"floor":7.0,"key":"DuplicationPotion"},{"floor":12.0,"key":"ColorlessPotion"},{"floor":13.0,"key":"Energy Potion"},{"floor":16.0,"key":"Explosive Potion"},{"floor":18.0,"key":"Fire Potion"},{"floor":20,"key":"DistilledChaos"},{"floor":21,"key":"ColorlessPotion"}],"is_trial":false,"path_per_floor":["M","?","$","?","M","R","E","R","T","R","?","M","E","?","R","B",null,"M","$","M","M","M"],"character_chosen":"WATCHER","items_purchased":["Evaluate","FearNoEvil","Medical Kit"],"campfire_rested":1,"item_purchase_floors":[3,19,19],"current_hp_per_floor":[59,39,39,39,38,38,22,22,22,40,33,26,26,26,26,26,53,29,29,28,28,12,12],"gold":127,"neow_bonus":"ONE_RANDOM_RARE_CARD","is_daily":false,"chose_seed":false,"campfire_upgraded":3,"win_rate":0.0,"timestamp":1613379390,"path_taken":["M","?","$","?","M","R","E","R","T","R","?","M","E","?","R","BOSS","M","$","M","M","M"],"items_purchased_type":["Card","Card","Relic"],"build_version":"2020-12-13","purchased_purges":1,"victory":false,"max_hp_per_floor":[68,68,68,62,62,62,62,62,62,62,62,62,62,62,62,62,62,62,62,62,62,62,62],"relic_stats":{"Busted Crown":6,"counters":[10,42],"Golden Idol":49,"Shuriken":[9],"Medical Kit":[0],"obtain_stats":[{"Busted Crown":17,"Golden Idol":4,"Shuriken":9,"PureWater":0,"Bottled Tornado":13,"Medical Kit":19,"White Beast Statue":7},{"Busted Crown":6,"Golden Idol":1,"Shuriken":3,"PureWater":0,"Bottled Tornado":5,"Medical Kit":7,"White Beast Statue":3},{"Busted Crown":30,"Golden Idol":6,"Shuriken":18,"PureWater":0,"Bottled Tornado":25,"Medical Kit":33,"White Beast Statue":18}]},"card_choices":[{"not_picked":["EmptyBody","Indignation"],"picked":"CrushJoints","floor":1.0},{"not_picked":["ClearTheMind","WreathOfFlame"],"picked":"BowlingBash","floor":5.0},{"not_picked":["Weave","Evaluate"],"picked":"Tantrum","floor":7.0},{"not_picked":["Study","Halt"],"picked":"CutThroughFate","floor":12.0},{"not_picked":["CrushJoints","Swivel"],"picked":"Study","floor":13.0},{"not_picked":["Ragnarok","Devotion"],"picked":"Scrawl","floor":16.0},{"not_picked":["Fasting2"],"picked":"SKIP","floor":18.0},{"not_picked":["ThirdEye"],"picked":"SKIP","floor":20},{"not_picked":["Perseverance"],"picked":"SKIP","floor":21}],"player_experience":1607252,"relics_obtained":[{"floor":7.0,"key":"White Beast Statue"},{"floor":9.0,"key":"Shuriken"},{"floor":13.0,"key":"Bottled Tornado"}],"event_choices":[{"damage_healed":0.0,"max_hp_gain":0.0,"max_hp_loss":0.0,"gold_gain":0.0,"event_name":"Shining Light","player_choice":"Entered Light","floor":2.0,"gold_loss":0.0,"damage_taken":20.0,"cards_upgraded":["CrushJoints","Defend_P"]},{"damage_healed":0.0,"max_hp_gain":0.0,"max_hp_loss":6.0,"gold_gain":0.0,"event_name":"Golden Idol","player_choice":"Lose Max HP","floor":4.0,"gold_loss":0.0,"damage_taken":0.0,"relics_obtained":["Golden Idol"]},{"cards_removed":["Defend_P"],"damage_healed":0.0,"max_hp_gain":0.0,"max_hp_loss":0.0,"gold_gain":0.0,"event_name":"Golden Wing","player_choice":"Card Removal","floor":11.0,"gold_loss":0.0,"damage_taken":7.0},{"damage_healed":0.0,"max_hp_gain":0.0,"max_hp_loss":0.0,"gold_gain":0.0,"event_name":"Liars Game","player_choice":"Ignored","floor":14.0,"gold_loss":0.0,"damage_taken":0.0}],"is_beta":false,"boss_relics":[{"not_picked":["Ectoplasm","Velvet Choker"],"picked":"Busted Crown"}],"items_purged_floors":[3],"is_endless":false,"potions_floor_spawned":[7,12,13,16,18,20,21],"killed_by":"Shelled Parasite and Fungi","ascension_level":20}}