{"host":"smeba5iqt06s46ur","time":1613398155,"event":{"mods":["BaseMod","Downfall","Hero for Fun","Highlight Path","Marisa£®ÏF”Í°°ƒß¿Ì…≥£©","Minty Spire (QoL Compilation)","READ ME - Guardian Mod","Replay The Spire","Shop Mod","StSLib","The Animator","The Bug Knight","The Cursed","The Disciple","The Necromancer","The Servant 0.9.4","[IsaacMod]“‘»ˆº‚À˛"],"gold_per_floor":[99,109,158,176,190,190,190,252,352,352,379,389,406,406,426,530,530,430,430,430,430],"floor_reached":19,"language":"ZHS","playtime":967,"items_purged":[],"score":217,"play_id":"931a79cb-b768-46c1-aea8-fd55ac2ed780","local_time":"20210215220915","is_ascension_mode":false,"campfire_choices":[{"data":"Guardian:TwinSlam","floor":1,"key":"SMITH"},{"data":"Guardian:StasisField","floor":6,"key":"SMITH"},{"data":"Guardian:PrimingBeam","floor":10,"key":"SMITH"},{"data":"Guardian:StasisStrike","floor":18,"key":"SMITH"}],"circlet_count":0,"master_deck":["Guardian:Strike_Guardian+1","Guardian:Strike_Guardian+1","Guardian:Strike_Guardian+1","Guardian:Strike_Guardian+1","Guardian:Defend_Guardian","Guardian:Defend_Guardian","Guardian:Defend_Guardian","Guardian:Defend_Guardian","Guardian:CurlUp","Guardian:TwinSlam+1","Guardian:CrystalBeam","Guardian:StasisField+1","Guardian:PrimingBeam+1","Guardian:VentSteam","Guardian:CrystalBeam","Guardian:PrismaticBeam","Guardian:StasisStrike+1"],"relics":["Guardian:ModeShifter","HushsDoor","YumHeart","Replay:Ringing Soul","Replay:Bottled Eggs","TuHaoJin","PillsDrop","Garlic","ChampionBelt","downfall:HeartBlessingGreen"],"acts_visited":["Exordium","TheCity"],"potions_floor_usage":[8,11,16,16],"damage_taken":[{"damage":14,"enemies":"2 Louse","floor":2,"turns":2},{"damage":12,"enemies":"Small Slimes","floor":4,"turns":3},{"damage":1,"enemies":"Cultist","floor":5,"turns":3},{"damage":6,"enemies":"Lagavulin Event","floor":8,"turns":7},{"damage":5,"enemies":"HollowMod:MossKnight","floor":11,"turns":7},{"damage":13,"enemies":"2 Fungi Beasts","floor":12,"turns":3},{"damage":12,"enemies":"Blue Slaver","floor":13,"turns":2},{"damage":5,"enemies":"3 Louse","floor":15,"turns":3},{"damage":53,"enemies":"DF_ARCHETYPE_STREAMLINE","floor":16,"turns":12},{"damage":18,"enemies":"Gremlin Leader","floor":19,"turns":1}],"seed_played":"-7466276640386739826","potions_obtained":[{"floor":2,"key":"Strength Potion"},{"floor":4,"key":"Slimebound:ThreeZeroPotion"},{"floor":11,"key":"Fire Potion"},{"floor":13,"key":"Reflective Coating"}],"is_trial":false,"path_per_floor":["R","M","?","M","M","R","T","?","?","R","E","M","M","T","M","B",null,"R","M"],"character_chosen":"GUARDIAN","items_purchased":[],"campfire_rested":0,"item_purchase_floors":[],"current_hp_per_floor":[88,74,80,71,73,73,73,70,70,70,68,83,74,74,72,22,92,92,74,74,74],"gold":430,"neow_bonus":"TEN_PERCENT_HP_BONUS","is_daily":false,"chose_seed":false,"campfire_upgraded":4,"win_rate":0.0,"timestamp":1613398155,"path_taken":["R","M","?","?","M","R","T","?","?","R","E","M","M","?","M","BOSS","R","M"],"items_purchased_type":[],"build_version":"2020-12-22","purchased_purges":0,"victory":false,"max_hp_per_floor":[88,88,91,94,97,97,97,100,100,100,103,106,109,109,112,115,115,115,115,115,115],"card_choices":[{"not_picked":["Guardian:Gem_Green","Guardian:VentSteam"],"picked":"Guardian:Gem_Fragmented","floor":2},{"not_picked":["Guardian:PrismaticBeam","Guardian:RollAttack"],"picked":"Guardian:CrystalBeam","floor":3},{"not_picked":["Guardian:Suspension","Guardian:GuardianWhirl"],"picked":"Guardian:Gem_White","floor":3},{"not_picked":["Guardian:TemporalStrike","Guardian:Recover"],"picked":"Guardian:Gem_White","floor":4},{"not_picked":["Guardian:Recover","Guardian:Reroute"],"picked":"Guardian:StasisField","floor":5},{"not_picked":["Guardian:DonusPower","Guardian:ShieldCharger"],"picked":"Guardian:PrimingBeam","floor":8},{"not_picked":["Guardian:SphericShield","Guardian:Emergency"],"picked":"Guardian:Gem_Lightblue","floor":11},{"not_picked":["Bomb","Guardian:Suspension"],"picked":"Guardian:VentSteam","floor":12},{"not_picked":["Guardian:RollAttack","Guardian:PrimingBeam"],"picked":"Guardian:CrystalBeam","floor":13},{"not_picked":["Guardian:TemporalShield","Guardian:WalkerClaw"],"picked":"Guardian:PrismaticBeam","floor":15},{"not_picked":["Guardian:RevengeProtocol","Guardian:ConstructionForm"],"picked":"Guardian:StasisStrike","floor":16}],"player_experience":430468,"relics_obtained":[{"floor":3,"key":"Replay:Ringing Soul"},{"floor":7,"key":"Replay:Bottled Eggs"},{"floor":11,"key":"PillsDrop"},{"floor":14,"key":"Garlic"}],"event_choices":[],"is_beta":false,"boss_relics":[{"not_picked":["Snecko Eye","Cursed Key"],"picked":"ChampionBelt"},{"not_picked":[]}],"items_purged_floors":[],"is_endless":false,"potions_floor_spawned":[2,4,11,13],"killed_by":"Gremlin Leader","ascension_level":20}}