{"host":"n1v11un6j7y72mz7","time":1613358346,"event":{"mods":["Act Like it!","BaseMod","Downfall","Gensokyo","Koishi","Minty Spire (QoL Compilation)","READ ME - Guardian Mod","Reliquary","Remilia£®¿Ÿ√◊¿Ú—«£©","StSLib","The Administrix","The Animator","The Bug Knight","Waifu the Spire","Youmu£®ªÍ∆«—˝√Œ£©"],"gold_per_floor":[109,121,121,133,133,162,162,175,175,19,19,31,48,48,48,145,145,157,177,177,177,36,36,61,61,61,61,61,61,71,71,71],"floor_reached":31,"language":"ZHS","playtime":1420,"items_purged":[],"score":253,"play_id":"3d4cc39e-a2e9-4e42-a6dd-7c3e284dd214","local_time":"20210215110546","is_ascension_mode":false,"campfire_choices":[{"floor":7,"key":"REST"},{"data":"Storm of Steel","floor":15,"key":"SMITH"},{"data":"Envenom","floor":23,"key":"SMITH"},{"data":"Phantasmal Killer","floor":25,"key":"SMITH"},{"data":"Poisoned Stab","floor":27,"key":"SMITH"}],"circlet_count":0,"master_deck":["Defend_G","Defend_G","Defend_G","Defend_G","Defend_G","Survivor","Neutralize","Bane","Acrobatics","Backstab","Storm of Steel+1","Phantasmal Killer+1","Prepared+1","Slimebound:Tackle+1","Slimebound:Tackle+1","Slimebound:Tackle+1","Envenom+1","Poisoned Stab+1"],"relics":["Ring of the Snake","Kunai","Incense Burner","MealTicket","Coffee Dripper","Prayer Wheel","Unceasing Top","Vajra"],"acts_visited":["Exordium","TheCity"],"potions_floor_usage":[6,16,16,18,30],"damage_taken":[{"damage":0,"enemies":"Cultist","floor":1,"turns":4},{"damage":2,"enemies":"2 Louse","floor":2,"turns":3},{"damage":0,"enemies":"Small Slimes","floor":4,"turns":4},{"damage":43,"enemies":"Lagavulin","floor":6,"turns":7},{"damage":6,"enemies":"Exordium Wildlife","floor":8,"turns":7},{"damage":4,"enemies":"Gremlin Gang","floor":12,"turns":5},{"damage":1,"enemies":"2 Fungi Beasts","floor":13,"turns":4},{"damage":57,"enemies":"Hexaghost","floor":16,"turns":19},{"damage":5,"enemies":"2 Thieves","floor":18,"turns":4},{"damage":6,"enemies":"Chosen","floor":19,"turns":4},{"damage":49,"enemies":"Slavers","floor":24,"turns":5},{"damage":3,"enemies":"Centurion and Healer","floor":30,"turns":3},{"damage":0,"enemies":"Gremlin Leader","floor":31,"turns":2}],"seed_played":"-3558109571043179403","potions_obtained":[{"floor":4,"key":"Strength Potion"},{"floor":12,"key":"DistilledChaos"},{"floor":13,"key":"Block Potion"},{"floor":16,"key":"CunningPotion"},{"floor":24,"key":"champ:CounterPotion"}],"is_trial":false,"path_per_floor":["M","M","?","M","?","E","R","M","T","$","$","M","M","$","R","B",null,"M","M","?","$","$","R","E","R","T","R","T","$","M","E"],"character_chosen":"THE_SILENT","items_purchased":["MealTicket","Envenom"],"campfire_rested":1,"item_purchase_floors":[10,22],"current_hp_per_floor":[70,68,68,68,68,25,46,40,40,40,55,51,50,65,65,8,70,65,59,59,70,70,70,21,21,21,21,21,36,33,33,33],"gold":71,"neow_bonus":"THREE_CARDS","is_daily":false,"chose_seed":false,"campfire_upgraded":4,"win_rate":0.0,"timestamp":1613358346,"path_taken":["M","?","?","M","?","E","R","M","T","?","$","?","M","$","R","BOSS","M","M","?","?","$","R","E","R","T","R","?","$","M","E"],"items_purchased_type":["Relic","Card"],"build_version":"2020-12-22","purchased_purges":0,"victory":false,"max_hp_per_floor":[70,70,70,70,70,70,70,70,70,70,70,70,70,70,70,70,70,70,70,70,70,70,70,70,70,70,70,70,70,70,70,70],"card_choices":[{"not_picked":["Slice","Finisher"],"picked":"Bane","floor":0},{"not_picked":["Quick Slash","Heel Hook"],"picked":"Acrobatics","floor":1},{"not_picked":["Slice","Flying Knee","Outmaneuver"],"picked":"SKIP","floor":2},{"not_picked":["Slice","Blade Dance","Cloak And Dagger"],"picked":"SKIP","floor":4},{"not_picked":["Cloak And Dagger","Backflip","Caltrops"],"picked":"SKIP","floor":6},{"not_picked":["Acrobatics","Flying Knee","Underhanded Strike"],"picked":"SKIP","floor":8},{"not_picked":["Predator","Leg Sweep","Eviscerate"],"picked":"SKIP","floor":12},{"not_picked":["Dodge and Roll","Dagger Spray"],"picked":"Storm of Steel","floor":13},{"not_picked":["Malaise","Night Terror"],"picked":"Phantasmal Killer","floor":16},{"not_picked":["Dagger Throw","PiercingWail","Quick Slash"],"picked":"SKIP","floor":18},{"not_picked":["Dagger Throw+1","Blade Dance+1"],"picked":"Prepared+1","floor":19},{"not_picked":["PiercingWail","Blur+1"],"picked":"Poisoned Stab","floor":24},{"not_picked":["Outmaneuver","Glass Knife","Flying Knee"],"picked":"SKIP","floor":30},{"not_picked":["Backflip","Infinite Blades","Distraction"],"picked":"SKIP","floor":30}],"player_experience":187740,"relics_obtained":[{"floor":6,"key":"Kunai"},{"floor":9,"key":"Incense Burner"},{"floor":24,"key":"Prayer Wheel"},{"floor":26,"key":"Unceasing Top"},{"floor":28,"key":"Vajra"}],"event_choices":[{"damage_healed":0,"gold_gain":0,"cards_transformed":["Strike_G"],"player_choice":"Change","damage_taken":0,"max_hp_gain":0,"max_hp_loss":0,"event_name":"Living Wall","floor":3,"gold_loss":0,"cards_obtained":["Backstab"]},{"damage_healed":0,"gold_gain":0,"player_choice":"Ignored","damage_taken":0,"max_hp_gain":0,"max_hp_loss":0,"event_name":"Liars Game","floor":5,"gold_loss":0}],"is_beta":false,"boss_relics":[{"not_picked":["Astrolabe","Empty Cage"],"picked":"Coffee Dripper"}],"items_purged_floors":[],"is_endless":false,"potions_floor_spawned":[4,12,13,16,24],"killed_by":"Gremlin Leader","ascension_level":0}}