{"host":"id23shmscryl4psl","time":1613353921,"event":{"mods":["BaseMod","Better Altar","Better Match","Better Note","Better Sensory Stone","Better Skull","Better Third Choice","Colored Map","Colored Powertips","Dark Map","HololiveMod","Minty Spire (QoL Compilation)","Rare Cards Sparkle","Relic Stats","Robot Space Explorer","StSLib"],"gold_per_floor":[110,129,141,152,162,196,210,244,244,244,269,269,297,297,297,396,396,415,426,61,61,81,92,120,132,158,158,178,178,208,225,225,318,318,335,335,40,59,59,92,92,107,188,204,253,253,269,281,281,281,281,281,22,50,50,50],"floor_reached":55,"language":"ENG","playtime":3198,"items_purged":[],"score":834,"play_id":"e872c845-49ac-41f8-9b58-1e0085333b67","local_time":"20210214185201","is_ascension_mode":true,"campfire_choices":[{"floor":10,"key":"REST"},{"floor":15,"key":"REST"},{"floor":27,"key":"REST"},{"floor":29,"key":"REST"},{"floor":32,"key":"REST"},{"floor":41,"key":"RECALL"},{"floor":46,"key":"REST"},{"floor":49,"key":"REST"},{"data":"RobotSpaceExplorer:TrailblazerForm","floor":52,"key":"SMITH"}],"circlet_count":0,"master_deck":["RobotSpaceExplorer:Strike+1","RobotSpaceExplorer:Strike","RobotSpaceExplorer:Strike","RobotSpaceExplorer:Strike","RobotSpaceExplorer:Defend","RobotSpaceExplorer:Defend","RobotSpaceExplorer:Defend","RobotSpaceExplorer:Defend","RobotSpaceExplorer:Scan","RobotSpaceExplorer:MiniLasers","RobotSpaceExplorer:Probe","RobotSpaceExplorer:GearShield","RobotSpaceExplorer:ImprovisedAttack","RobotSpaceExplorer:ShovelStrike+1","RobotSpaceExplorer:Discharger","RobotSpaceExplorer:TrailblazerForm+1","RobotSpaceExplorer:LuckyStrike","RobotSpaceExplorer:GearShield","RobotSpaceExplorer:SlimeMissile","RobotSpaceExplorer:IronShell","RobotSpaceExplorer:Blaster","RobotSpaceExplorer:FreezeRay","RobotSpaceExplorer:ShovelStrike","RobotSpaceExplorer:FrostMissile+1","RobotSpaceExplorer:PlasmaMissile","RobotSpaceExplorer:SlimeMissile+1","RobotSpaceExplorer:MiniDrones+1","RobotSpaceExplorer:BigMissile","RobotSpaceExplorer:PlasmaMissile","RobotSpaceExplorer:SlimeMissile+1","RobotSpaceExplorer:MetalStrike+1","RobotSpaceExplorer:Pulsar","RobotSpaceExplorer:GlueShot+1","RobotSpaceExplorer:Electroshield","RobotSpaceExplorer:ScrapToss","RobotSpaceExplorer:HighVoltage","RobotSpaceExplorer:Discharger+1","AscendersBane","RobotSpaceExplorer:Pulsar+1","RobotSpaceExplorer:Blaster","RobotSpaceExplorer:Probe","RobotSpaceExplorer:MiniDrones+1","RobotSpaceExplorer:DualCore+1","RobotSpaceExplorer:SlimeMissile","RobotSpaceExplorer:Reload+1","RobotSpaceExplorer:Asteroid","RobotSpaceExplorer:SelfCleaning+1","RobotSpaceExplorer:ShovelStrike+1","RobotSpaceExplorer:Reload+1"],"relics":["RobotSpaceExplorer:RoboCore","Ancient Tea Set","White Beast Statue","Omamori","Dream Catcher","Darkstone Periapt","Vajra","Letter Opener","Hololive_Finger","Frozen Egg 2","Calipers","Necronomicon","Anchor","Whetstone","Ginger","RobotSpaceExplorer:Reprocessor","Lantern","Bag of Marbles","Pear","RobotSpaceExplorer:PlasmaHourglass","Eternal Feather"],"acts_visited":["Exordium","TheCity","TheBeyond","TheEnding"],"potions_floor_usage":[7,8,8,11,13,16,23,23,23,24,25,30,33,33,40,50,55,55,55],"damage_taken":[{"damage":2,"enemies":"Small Slimes","floor":1,"turns":4},{"damage":0,"enemies":"Cultist","floor":2,"turns":4},{"damage":0,"enemies":"Jaw Worm","floor":3,"turns":3},{"damage":7,"enemies":"Looter","floor":4,"turns":4},{"damage":3,"enemies":"Exordium Thugs","floor":5,"turns":5},{"damage":14,"enemies":"3 Sentries","floor":6,"turns":5},{"damage":8,"enemies":"Exordium Wildlife","floor":7,"turns":6},{"damage":17,"enemies":"Lagavulin","floor":8,"turns":6},{"damage":14,"enemies":"Gremlin Nob","floor":11,"turns":3},{"damage":26,"enemies":"Lagavulin","floor":13,"turns":7},{"damage":21,"enemies":"The Guardian","floor":16,"turns":15},{"damage":3,"enemies":"2 Thieves","floor":18,"turns":4},{"damage":17,"enemies":"Shell Parasite","floor":19,"turns":8},{"damage":0,"enemies":"Chosen and Byrds","floor":22,"turns":4},{"damage":6,"enemies":"Sentry and Sphere","floor":23,"turns":5},{"damage":24,"enemies":"Book of Stabbing","floor":24,"turns":5},{"damage":7,"enemies":"Snake Plant","floor":25,"turns":3},{"damage":0,"enemies":"Chosen and Byrds","floor":28,"turns":3},{"damage":5,"enemies":"Slavers","floor":30,"turns":3},{"damage":0,"enemies":"Snecko","floor":31,"turns":3},{"damage":23,"enemies":"Automaton","floor":33,"turns":8},{"damage":3,"enemies":"3 Darklings","floor":35,"turns":3},{"damage":0,"enemies":"3 Shapes","floor":38,"turns":2},{"damage":27,"enemies":"Nemesis","floor":40,"turns":3},{"damage":17,"enemies":"Transient","floor":42,"turns":5},{"damage":0,"enemies":"Spire Growth","floor":44,"turns":3},{"damage":7,"enemies":"4 Shapes","floor":47,"turns":3},{"damage":0,"enemies":"Writhing Mass","floor":48,"turns":4},{"damage":76,"enemies":"Time Eater","floor":50,"turns":7},{"damage":35,"enemies":"Shield and Spear","floor":54,"turns":5},{"damage":56,"enemies":"The Heart","floor":55,"turns":3}],"seed_played":"7594149189358177407","potions_obtained":[{"floor":1,"key":"Fire Potion"},{"floor":3,"key":"GamblersBrew"},{"floor":6,"key":"BlessingOfTheForge"},{"floor":7,"key":"Fire Potion"},{"floor":8,"key":"PowerPotion"},{"floor":11,"key":"Energy Potion"},{"floor":13,"key":"SneckoOil"},{"floor":16,"key":"Swift Potion"},{"floor":18,"key":"Swift Potion"},{"floor":19,"key":"Block Potion"},{"floor":22,"key":"DistilledChaos"},{"floor":23,"key":"SkillPotion"},{"floor":24,"key":"Energy Potion"},{"floor":25,"key":"BlessingOfTheForge"},{"floor":28,"key":"Explosive Potion"},{"floor":30,"key":"SteroidPotion"},{"floor":31,"key":"Swift Potion"},{"floor":33,"key":"RobotSpaceExplorer:PlasmaFlask"},{"floor":35,"key":"Dexterity Potion"},{"floor":40,"key":"RobotSpaceExplorer:PlasmaFlask"},{"floor":48,"key":"RobotSpaceExplorer:PlasmaFlask"},{"floor":54,"key":"Block Potion"}],"is_trial":false,"path_per_floor":["M","M","M","M","M","E","M","E","T","R","E","?","E","?","R","B",null,"M","M","$","?","M","M","E","M","T","R","M","R","E","M","R","B",null,"M","?","$","M","?","E","R","M","T","M","T","R","M","M","R","B",null,"R","$","E","B"],"character_chosen":"RobotSpaceExplorer","items_purchased":["Calipers","RobotSpaceExplorer:PlasmaMissile","RobotSpaceExplorer:Blaster","Lantern","RobotSpaceExplorer:PlasmaHourglass"],"campfire_rested":7,"item_purchase_floors":[20,20,37,37,53],"current_hp_per_floor":[73,73,73,66,63,49,41,24,24,46,32,50,24,24,46,25,75,72,55,55,39,39,33,9,2,2,24,24,46,41,41,63,40,75,72,78,78,78,81,54,54,37,47,47,47,74,67,67,91,15,91,91,91,56,0,0],"gold":50,"neow_bonus":"RANDOM_COMMON_RELIC","is_daily":false,"chose_seed":false,"campfire_upgraded":1,"win_rate":0.0,"timestamp":1613353921,"path_taken":["M","M","M","M","M","E","M","E","T","R","E","?","E","?","R","BOSS","M","M","$","?","M","M","E","M","T","R","M","R","E","M","R","BOSS","M","?","$","M","?","E","R","?","T","M","?","R","M","M","R","BOSS","R","$","E","BOSS"],"items_purchased_type":["Relic","Card","Card","Relic","Relic"],"build_version":"2020-12-22","purchased_purges":0,"victory":false,"max_hp_per_floor":[75,75,75,75,75,75,75,75,75,75,75,75,75,75,75,75,75,75,75,75,75,75,75,75,75,75,75,75,75,75,75,75,75,75,75,81,81,81,81,81,81,81,91,91,91,91,91,91,91,91,91,91,91,91,91,91],"relic_stats":{"Darkstone Periapt":6,"Dream Catcher":7,"counters":[36,153],"Eternal Feather":0,"Necronomicon":[34],"Letter Opener":[59],"Whetstone":["RobotSpaceExplorer:ShovelStrike","RobotSpaceExplorer:Strike"],"Ginger":[29],"obtain_stats":[{"Darkstone Periapt":30,"Lantern":27,"Tiny House":34,"Torii":0,"Gremlin Horn":13,"RobotSpaceExplorer:PlasmaHourglass":53,"Bag of Preparation":23,"Juzu Bracelet":26,"Ancient Tea Set":10,"Sling":14,"Nunchaku":6,"Centennial Puzzle":46,"Shovel":38,"Sundial":41,"Gambling Chip":17,"Pantograph":43,"MealTicket":9,"Tiny Chest":17,"Red Mask":37,"Toxic Egg 2":40,"InkBottle":45,"Pear":49,"Thread and Needle":36,"Eternal Feather":54,"Calling Bell":17,"Shuriken":17,"Bronze Scales":7,"Hololive_TheStar":0,"Bag of Marbles":25,"Meat on the Bone":39},{"Darkstone Periapt":16,"Lantern":14,"Tiny House":18,"Torii":0,"Gremlin Horn":8,"RobotSpaceExplorer:PlasmaHourglass":34,"Bag of Preparation":12,"Juzu Bracelet":13,"Ancient Tea Set":6,"Sling":8,"Nunchaku":5,"Centennial Puzzle":24,"Shovel":21,"Sundial":22,"Gambling Chip":9,"Pantograph":22,"MealTicket":5,"Tiny Chest":9,"Red Mask":20,"Toxic Egg 2":21,"InkBottle":23,"Pear":26,"Thread and Needle":20,"Eternal Feather":35,"Calling Bell":9,"Shuriken":9,"Bronze Scales":5,"Hololive_TheStar":0,"Bag of Marbles":13,"Meat on the Bone":21},{"Darkstone Periapt":69,"Lantern":64,"Tiny House":78,"Torii":0,"Gremlin Horn":39,"RobotSpaceExplorer:PlasmaHourglass":145,"Bag of Preparation":57,"Juzu Bracelet":60,"Ancient Tea Set":29,"Sling":39,"Nunchaku":19,"Centennial Puzzle":100,"Shovel":89,"Sundial":95,"Gambling Chip":45,"Pantograph":95,"MealTicket":19,"Tiny Chest":45,"Red Mask":85,"Toxic Egg 2":89,"InkBottle":97,"Pear":110,"Thread and Needle":85,"Eternal Feather":150,"Calling Bell":45,"Shuriken":45,"Bronze Scales":19,"Hololive_TheStar":0,"Bag of Marbles":60,"Meat on the Bone":89}]},"card_choices":[{"not_picked":["RobotSpaceExplorer:ShockKick","RobotSpaceExplorer:GlueShot"],"picked":"RobotSpaceExplorer:Probe","floor":1},{"not_picked":["RobotSpaceExplorer:MakeshiftVolley","RobotSpaceExplorer:ShovelStrike"],"picked":"RobotSpaceExplorer:GearShield","floor":2},{"not_picked":["RobotSpaceExplorer:Probe","RobotSpaceExplorer:ScrapMissile"],"picked":"RobotSpaceExplorer:ImprovisedAttack","floor":3},{"not_picked":["RobotSpaceExplorer:SurgingShield","RobotSpaceExplorer:MiniDrones"],"picked":"RobotSpaceExplorer:ShovelStrike","floor":4},{"not_picked":["RobotSpaceExplorer:PowerGlove","RobotSpaceExplorer:Probe"],"picked":"RobotSpaceExplorer:Discharger","floor":5},{"not_picked":["RobotSpaceExplorer:GearShield","RobotSpaceExplorer:Discharger"],"picked":"RobotSpaceExplorer:TrailblazerForm","floor":6},{"not_picked":["RobotSpaceExplorer:SurgingShield","RobotSpaceExplorer:GlueShot"],"picked":"RobotSpaceExplorer:LuckyStrike","floor":7},{"not_picked":["RobotSpaceExplorer:MetalStrike","RobotSpaceExplorer:Ammunition"],"picked":"RobotSpaceExplorer:GearShield","floor":8},{"not_picked":["RobotSpaceExplorer:SwiftStep","RobotSpaceExplorer:GlueShot"],"picked":"RobotSpaceExplorer:SlimeMissile","floor":10},{"not_picked":["RobotSpaceExplorer:Ammunition","RobotSpaceExplorer:ImprovisedAttack"],"picked":"RobotSpaceExplorer:IronShell","floor":11},{"not_picked":["RobotSpaceExplorer:ShockKick","RobotSpaceExplorer:Probe"],"picked":"RobotSpaceExplorer:Blaster","floor":13},{"not_picked":["RobotSpaceExplorer:Counterblock","RobotSpaceExplorer:ShockKick"],"picked":"RobotSpaceExplorer:FreezeRay","floor":15},{"not_picked":["RobotSpaceExplorer:Comet","RobotSpaceExplorer:Asteroid"],"picked":"RobotSpaceExplorer:Exploration","floor":16},{"not_picked":["RobotSpaceExplorer:Electropulse+1","RobotSpaceExplorer:DoubleBlock+1"],"picked":"RobotSpaceExplorer:ShovelStrike","floor":18},{"not_picked":["RobotSpaceExplorer:SwiftStep+1","RobotSpaceExplorer:TrailblazerForm+1"],"picked":"RobotSpaceExplorer:FrostMissile+1","floor":19},{"not_picked":["RobotSpaceExplorer:SurgingShield","RobotSpaceExplorer:Counterblock"],"picked":"RobotSpaceExplorer:SlimeMissile+1","floor":22},{"not_picked":["RobotSpaceExplorer:ShovelStrike","RobotSpaceExplorer:ScrapMissile"],"picked":"RobotSpaceExplorer:MiniDrones+1","floor":23},{"not_picked":["RobotSpaceExplorer:MiniDrones","RobotSpaceExplorer:SurgingStrike"],"picked":"RobotSpaceExplorer:BigMissile","floor":24},{"not_picked":["RobotSpaceExplorer:Counterblock+1","RobotSpaceExplorer:Smokescreen"],"picked":"RobotSpaceExplorer:PlasmaMissile","floor":25},{"not_picked":["RobotSpaceExplorer:GlueShot","RobotSpaceExplorer:Electropulse+1"],"picked":"RobotSpaceExplorer:SlimeMissile+1","floor":27},{"not_picked":["RobotSpaceExplorer:PowerGlove+1","RobotSpaceExplorer:ShockKick"],"picked":"RobotSpaceExplorer:MetalStrike+1","floor":28},{"not_picked":["RobotSpaceExplorer:GlueShot+1","RobotSpaceExplorer:SurgingShield"],"picked":"RobotSpaceExplorer:Pulsar","floor":29},{"not_picked":["RobotSpaceExplorer:DoubleFind+1","RobotSpaceExplorer:Electropulse"],"picked":"RobotSpaceExplorer:GlueShot+1","floor":30},{"not_picked":["RobotSpaceExplorer:Counterblock","RobotSpaceExplorer:Probe"],"picked":"RobotSpaceExplorer:Electroshield","floor":31},{"not_picked":["RobotSpaceExplorer:ShockKick","RobotSpaceExplorer:ScrapMissile"],"picked":"RobotSpaceExplorer:ScrapToss","floor":32},{"not_picked":["RobotSpaceExplorer:Explosion","RobotSpaceExplorer:Scanner+1"],"picked":"RobotSpaceExplorer:HighVoltage","floor":33},{"not_picked":["RobotSpaceExplorer:LuckyStrike+1","RobotSpaceExplorer:Counterblock"],"picked":"RobotSpaceExplorer:Discharger+1","floor":35},{"not_picked":["RobotSpaceExplorer:FranticSearch+1","RobotSpaceExplorer:Calculate"],"picked":"RobotSpaceExplorer:Probe","floor":38},{"not_picked":["RobotSpaceExplorer:SlimeMissile","RobotSpaceExplorer:StunGrenade"],"picked":"RobotSpaceExplorer:MiniDrones+1","floor":40},{"not_picked":["RobotSpaceExplorer:ScrapMissile+1","RobotSpaceExplorer:SurgingStrike+1"],"picked":"RobotSpaceExplorer:DualCore+1","floor":42},{"not_picked":["RobotSpaceExplorer:ImprovisedAttack","RobotSpaceExplorer:ShovelStrike"],"picked":"RobotSpaceExplorer:SlimeMissile","floor":44},{"not_picked":["RobotSpaceExplorer:SwiftStep+1","RobotSpaceExplorer:Pulsar"],"picked":"RobotSpaceExplorer:Reload+1","floor":46},{"not_picked":["RobotSpaceExplorer:Counterblock","RobotSpaceExplorer:GlueShot"],"picked":"RobotSpaceExplorer:Asteroid","floor":47},{"not_picked":["RobotSpaceExplorer:FrostMissile","RobotSpaceExplorer:ShovelStrike"],"picked":"RobotSpaceExplorer:SelfCleaning+1","floor":48},{"not_picked":["RobotSpaceExplorer:MiniDrones","RobotSpaceExplorer:Probe"],"picked":"RobotSpaceExplorer:ShovelStrike+1","floor":49},{"not_picked":["RobotSpaceExplorer:FrostMissile","RobotSpaceExplorer:ImprovisedAttack+1"],"picked":"RobotSpaceExplorer:Reload+1","floor":54}],"player_experience":98738,"relics_obtained":[{"floor":6,"key":"White Beast Statue"},{"floor":8,"key":"Omamori"},{"floor":9,"key":"Dream Catcher"},{"floor":11,"key":"Darkstone Periapt"},{"floor":13,"key":"Vajra"},{"floor":19,"key":"Frozen Egg 2"},{"floor":21,"key":"Necronomicon"},{"floor":24,"key":"Anchor"},{"floor":26,"key":"Whetstone"},{"floor":30,"key":"Ginger"},{"floor":40,"key":"Bag of Marbles"},{"floor":43,"key":"Pear"},{"floor":54,"key":"Eternal Feather"}],"event_choices":[{"damage_healed":18,"gold_gain":0,"player_choice":"Healed and dodged fight","damage_taken":0,"max_hp_gain":0,"max_hp_loss":0,"event_name":"Mushrooms","floor":12,"gold_loss":0,"cards_obtained":["Parasite"]},{"damage_healed":0,"gold_gain":0,"player_choice":"Gave Potion","damage_taken":0,"relics_obtained":["Letter Opener"],"max_hp_gain":0,"max_hp_loss":0,"event_name":"WeMeetAgain","floor":14,"gold_loss":0},{"damage_healed":0,"gold_gain":0,"player_choice":"Obtained Book","damage_taken":16,"max_hp_gain":0,"max_hp_loss":0,"event_name":"Cursed Tome","floor":21,"gold_loss":0},{"damage_healed":0,"gold_gain":3,"player_choice":"3","damage_taken":0,"max_hp_gain":0,"max_hp_loss":0,"event_name":"betterStone:BetterStone","floor":36,"gold_loss":0,"cards_obtained":["RobotSpaceExplorer:Pulsar"]},{"damage_healed":4,"gold_gain":0,"player_choice":"LEAVE ","damage_taken":0,"relics_obtained":[],"max_hp_gain":0,"max_hp_loss":0,"event_name":"betterSkull:BetterSkull","floor":39,"gold_loss":0,"cards_upgraded":[]}],"is_beta":false,"boss_relics":[{"not_picked":["Runic Pyramid","Ectoplasm"],"picked":"Hololive_Finger"},{"not_picked":["Astrolabe","Tiny House"],"picked":"RobotSpaceExplorer:Reprocessor"}],"items_purged_floors":[],"is_endless":false,"potions_floor_spawned":[1,3,6,7,8,11,13,16,18,19,22,23,24,25,28,30,31,33,35,38,40,42,44,47,48,54],"killed_by":"The Heart","ascension_level":1}}