{"host":"c4psiqwczhd30bq5","time":1613396349,"event":{"mods":["Act Like it!","Aspiration","BaseMod","BetterRewards","Conspire","Curses Come First","Downfall","Gensokyo","Hallownest","Hubris","Minty Spire (QoL Compilation)","Reliquary","StSLib"],"gold_per_floor":[111,146,146,106,106,106,131,131,158,176,176,189,208,224,224,320,320,334,284,44,294,312,312,342,342,366,366,377,3,3,3],"floor_reached":30,"language":"ENG","playtime":1160,"items_purged":[],"score":284,"play_id":"7abadff5-a1d1-44af-a913-bb9a2b52db97","local_time":"20210215143909","is_ascension_mode":true,"campfire_choices":[{"data":"conspire:Charge","floor":6,"key":"SMITH"},{"floor":8,"key":"RECALL"},{"data":"Flex","floor":11,"key":"SMITH"},{"floor":15,"key":"REST"},{"data":"Panacea","floor":23,"key":"SMITH"},{"floor":25,"key":"REST"},{"data":"Demon Form","floor":27,"key":"SMITH"}],"circlet_count":0,"master_deck":["Strike_R","Strike_R","Strike_R","Strike_R","Strike_R","Defend_R","Defend_R","Defend_R","Defend_R","Bash","Disarm","Pommel Strike","conspire:Charge+1","Bash","Clothesline","Flex+1","Searing Blow","Heavy Blade","hubris:ReadiedAction","Demon Form+1","Shrug It Off","Panacea+1","Guardian:PiercingHide+1","Coolheaded","Slimebound:PrepareCrush","Gensokyo:TarnishedGold","Gensokyo:BlemishedSteel","Gensokyo:TrainingManual","Gensokyo:LockedMedkit"],"relics":["Burning Blood","NeowsBlessing","Darkstone Periapt","MealTicket","aspiration:Lifesprig","reliquary:Knoch","conspire:SpecialSausage","PrismaticShard","reliquary:SilkGlove","HandDrill","Frozen Eye"],"acts_visited":["Exordium","Gensokyo:Gensokyoer"],"potions_floor_usage":[13,14,16,18,28,28,28,30],"damage_taken":[{"damage":0,"enemies":"Cultist","floor":1,"turns":1},{"damage":0,"enemies":"conspire:MimicChest","floor":2,"turns":1},{"damage":0,"enemies":"Lagavulin","floor":7,"turns":1},{"damage":0,"enemies":"Small Slimes","floor":10,"turns":3},{"damage":5,"enemies":"Jaw Worm","floor":12,"turns":4},{"damage":0,"enemies":"Large Slime","floor":13,"turns":3},{"damage":19,"enemies":"Red Slaver","floor":14,"turns":5},{"damage":57,"enemies":"Hexaghost","floor":16,"turns":13},{"damage":25,"enemies":"Gensokyo:AngelMirror","floor":18,"turns":4},{"damage":25,"enemies":"Gensokyo:2_Gloops","floor":22,"turns":7},{"damage":40,"enemies":"Gensokyo:Reisen","floor":24,"turns":9},{"damage":55,"enemies":"Gensokyo:Slime_Group","floor":28,"turns":6},{"damage":29,"enemies":"Gensokyo:Koishi","floor":30,"turns":4}],"seed_played":"6784357383129778754","potions_obtained":[{"floor":2,"key":"GamblersBrew"},{"floor":7,"key":"BloodPotion"},{"floor":13,"key":"Fruit Juice"},{"floor":14,"key":"PowerPotion"},{"floor":16,"key":"Swift Potion"},{"floor":22,"key":"Guardian:BlockOnCardUsePotion"},{"floor":24,"key":"Guardian:BlockOnCardUsePotion"},{"floor":28,"key":"DuplicationPotion"}],"is_trial":false,"path_per_floor":["M","?","T","$","?","R","E","R","T","M","R","M","M","M","R","B",null,"M","?","$","?","M","R","E","R","T","R","M","COS","E"],"character_chosen":"IRONCLAD","items_purchased":["conspire:Charge","PrismaticShard","Panacea"],"campfire_rested":2,"item_purchase_floors":[4,20,20],"current_hp_per_floor":[80,80,80,80,80,80,80,80,80,80,80,80,85,72,85,34,85,66,73,88,87,68,68,34,60,60,60,28,28,0,0],"gold":3,"neow_bonus":"THREE_ENEMY_KILL","is_daily":false,"chose_seed":false,"campfire_upgraded":4,"win_rate":0.0,"timestamp":1613396349,"path_taken":["M","?","?","$","?","R","E","R","T","?","R","M","M","M","R","BOSS","M","?","$","?","M","R","E","R","T","R","M","COS","E"],"items_purchased_type":["Card","Relic","Card"],"build_version":"2020-12-22","purchased_purges":0,"victory":false,"max_hp_per_floor":[80,80,80,80,80,80,80,80,80,80,80,80,85,85,85,85,85,85,92,92,87,87,87,87,87,87,87,87,87,87,87],"card_choices":[{"not_picked":["Armaments","Warcry"],"picked":"Disarm","floor":1},{"not_picked":["Wild Strike","Iron Wave"],"picked":"Pommel Strike","floor":2},{"not_picked":["Dark Embrace","Wild Strike"],"picked":"Clothesline","floor":7},{"not_picked":["Sever Soul","Armaments"],"picked":"Flex","floor":10},{"not_picked":["True Grit","Cleave"],"picked":"Searing Blow","floor":12},{"not_picked":["Offering","Havoc"],"picked":"Heavy Blade","floor":13},{"not_picked":["Wild Strike","Sword Boomerang"],"picked":"hubris:ReadiedAction","floor":14},{"not_picked":["Feed","hubris:StunningStrike"],"picked":"Demon Form","floor":16},{"not_picked":["Body Slam","Headbutt"],"picked":"Shrug It Off","floor":18},{"not_picked":["bronze:WildBeam","Reflex"],"picked":"Guardian:PiercingHide+1","floor":22},{"not_picked":["Flex","Guardian:RefractedBeam"],"picked":"Coolheaded","floor":24},{"not_picked":["champ:DefensiveShout+1","White Noise"],"picked":"Slimebound:PrepareCrush","floor":28}],"player_experience":291871,"relics_obtained":[{"floor":2,"key":"Darkstone Periapt"},{"floor":3,"key":"MealTicket"},{"floor":7,"key":"aspiration:Lifesprig"},{"floor":9,"key":"reliquary:Knoch"},{"floor":24,"key":"reliquary:SilkGlove"}],"event_choices":[{"damage_healed":0,"gold_gain":0,"player_choice":"1 cards matched","damage_taken":0,"max_hp_gain":0,"max_hp_loss":0,"event_name":"Match and Keep!","floor":5,"gold_loss":0,"cards_obtained":["Bash"]}],"is_beta":false,"boss_relics":[{"not_picked":["Cursed Key","hubris:VirtuousBlindfold"],"picked":"conspire:SpecialSausage"}],"items_purged_floors":[],"is_endless":false,"potions_floor_spawned":[2,7,13,14,16,22,24,28],"killed_by":"Gensokyo:Koishi","ascension_level":1}}