{"host":"5pfivkovc4wibog0","time":1613406012,"event":{"mods":["2.2 Compatiblity","Act Like it!","BaseMod","Better Third Choice","Block Reminder","Colored Powertips","Downfall","Friendly Minions","GifTheSpireLib","Hermit","Koishi","Marisa????????","Minty Spire (QoL Compilation)","Permanent Neow","Quick Restart","Rare Cards Sparkle","Reimu??????","StSLib","The Administrix","The Animator","The Bladedancer","The Cursed","TheSwordswoman"],"gold_per_floor":[219,233,233,233,247,247,263,263,263,273,273,302,302,318,318,420,420,431,159,159,173,184,184,184,184,234,234,254,254,254,270,270,375,375,394,139,139,150,25,57,57,57,81,2,2,16,51,67,67,67,67,67,15,44,44,44],"floor_reached":55,"language":"ENG","playtime":1892,"items_purged":["Strike_R","Strike_R","Strike_R"],"score":735,"play_id":"ff57dff7-344d-448e-ba50-26dda724d578","local_time":"20210215162012","is_ascension_mode":true,"campfire_choices":[{"data":"Searing Blow+1","floor":6.0,"key":"SMITH"},{"data":"Searing Blow+2","floor":8.0,"key":"SMITH"},{"data":"Searing Blow+3","floor":11.0,"key":"SMITH"},{"data":"Searing Blow+4","floor":13.0,"key":"SMITH"},{"data":"Searing Blow+5","floor":15.0,"key":"SMITH"},{"data":"Searing Blow+6","floor":23.0,"key":"SMITH"},{"data":"Searing Blow+7","floor":27.0,"key":"SMITH"},{"data":"Searing Blow+8","floor":29.0,"key":"SMITH"},{"data":"Searing Blow+9","floor":32.0,"key":"SMITH"},{"floor":45,"key":"RECALL"},{"data":"Searing Blow+10","floor":49,"key":"SMITH"},{"data":"Searing Blow+11","floor":52,"key":"SMITH"}],"circlet_count":0,"master_deck":["Defend_R","Defend_R","Defend_R","Defend_R","Bash","Searing Blow+12","Headbutt","Warcry","Battle Trance","Double Tap","Armaments","Metallicize","Flex+1","Brutality","Searing Blow+10","Bandage Up"],"relics":["Burning Blood","Unceasing Top","Empty Cage","Ancient Tea Set","Omamori","SlaversCollar","DollysMirror","Lantern","Blood Vial","Meat on the Bone","Vajra"],"acts_visited":["Exordium","TheCity","TheBeyond","TheEnding"],"potions_floor_usage":[40,47,50,54,55,55],"damage_taken":[{"damage":6.0,"enemies":"Jaw Worm","floor":1.0,"turns":5.0},{"damage":4.0,"enemies":"Small Slimes","floor":2.0,"turns":4.0},{"damage":1.0,"enemies":"Cultist","floor":5.0,"turns":4.0},{"damage":15.0,"enemies":"Exordium Thugs","floor":7.0,"turns":4.0},{"damage":0.0,"enemies":"Large Slime","floor":10.0,"turns":5.0},{"damage":8.0,"enemies":"Gremlin Nob","floor":12.0,"turns":3.0},{"damage":12.0,"enemies":"3 Louse","floor":14.0,"turns":3.0},{"damage":51.0,"enemies":"Hexaghost","floor":16.0,"turns":7.0},{"damage":5.0,"enemies":"Chosen","floor":18.0,"turns":3.0},{"damage":7.0,"enemies":"Shell Parasite","floor":21.0,"turns":3.0},{"damage":0.0,"enemies":"Snecko","floor":22.0,"turns":2.0},{"damage":0.0,"enemies":"Cultist and Chosen","floor":28.0,"turns":3.0},{"damage":1.0,"enemies":"Shelled Parasite and Fungi","floor":31.0,"turns":2.0},{"damage":41.0,"enemies":"Automaton","floor":33.0,"turns":5.0},{"damage":7.0,"enemies":"3 Shapes","floor":35.0,"turns":6.0},{"damage":3,"enemies":"Orb Walker","floor":38,"turns":2},{"damage":24,"enemies":"Reptomancer","floor":40,"turns":2},{"damage":0,"enemies":"Reptomancer","floor":42,"turns":1},{"damage":6,"enemies":"Spire Growth","floor":46,"turns":2},{"damage":13,"enemies":"Nemesis","floor":47,"turns":3},{"damage":29,"enemies":"Maw","floor":48,"turns":4},{"damage":67,"enemies":"Awakened One","floor":50,"turns":5},{"damage":39,"enemies":"Shield and Spear","floor":54,"turns":4},{"damage":81,"enemies":"The Heart","floor":55,"turns":6}],"seed_played":"-2488285676058437670","potions_obtained":[{"floor":2.0,"key":"SkillPotion"},{"floor":7.0,"key":"LiquidBronze"},{"floor":10.0,"key":"LiquidMemories"},{"floor":12.0,"key":"Energy Potion"},{"floor":22.0,"key":"BlessingOfTheForge"},{"floor":33.0,"key":"Explosive Potion"},{"floor":35.0,"key":"BloodPotion"},{"floor":47,"key":"GrandPatriotsElixir:ReiMu"},{"floor":48,"key":"HeartOfIron"}],"is_trial":false,"path_per_floor":["M","M","?","?","M","R","M","R","T","M","R","E","R","M","R","B",null,"M","$","?","M","M","R","?","?","T","R","M","R","?","M","R","B",null,"M","$","?","M","$","E","?","?","T","$","R","M","E","M","R","B",null,"R","$","E","B"],"character_chosen":"IRONCLAD","items_purchased":["Ancient Tea Set","Armaments","DollysMirror","DistilledChaos","Weak Potion"],"campfire_rested":0,"item_purchase_floors":[19,19,36,44,53],"current_hp_per_floor":[80,80,85,85,85,85,76,76,76,82,82,80,80,74,74,29,85,85,85,85,84,85,85,69,69,69,69,75,75,75,80,80,45,90,89,89,89,90,90,72,72,78,78,78,78,84,83,66,66,23,90,90,90,75,0,0],"gold":44,"neow_bonus":"HUNDRED_GOLD","is_daily":false,"chose_seed":false,"campfire_upgraded":11,"win_rate":0.0,"timestamp":1613406012,"path_taken":["M","M","?","?","?","R","M","R","T","M","R","E","R","M","R","BOSS","M","$","?","M","M","R","?","?","T","R","?","R","?","?","R","BOSS","M","$","?","M","$","E","?","?","T","$","R","?","E","M","R","BOSS","R","$","E","BOSS"],"items_purchased_type":["Relic","Card","Relic","Potion","Potion"],"build_version":"2020-12-22","purchased_purges":3,"victory":false,"max_hp_per_floor":[80,80,85,85,85,85,85,85,85,85,85,85,85,85,85,85,85,85,85,85,85,85,85,90,90,90,90,90,90,90,90,90,90,90,90,90,90,90,90,90,90,90,90,90,90,90,90,90,90,90,90,90,90,90,90,90],"card_choices":[{"not_picked":["Thunderclap","Rampage","Anger"],"picked":"SKIP","floor":1.0},{"not_picked":["Dual Wield","Battle Trance"],"picked":"Searing Blow","floor":2.0},{"not_picked":["Cleave","Seeing Red"],"picked":"Headbutt","floor":5.0},{"not_picked":["Infernal Blade","Body Slam"],"picked":"Warcry","floor":7.0},{"not_picked":["Fire Breathing","Intimidate"],"picked":"Pommel Strike","floor":10.0},{"not_picked":["Twin Strike","Anger"],"picked":"Battle Trance","floor":12.0},{"not_picked":["Infernal Blade","Twin Strike","Anger"],"picked":"SKIP","floor":14.0},{"not_picked":["Immolate","Reaper"],"picked":"Double Tap","floor":16.0},{"not_picked":["Intimidate","Dark Embrace","Searing Blow"],"picked":"SKIP","floor":18.0},{"not_picked":["Pommel Strike","Evolve+1","Perfected Strike"],"picked":"SKIP","floor":21.0},{"not_picked":["Body Slam","Disarm+1"],"picked":"Metallicize","floor":22.0},{"not_picked":["Anger","Rampage+1","Twin Strike"],"picked":"SKIP","floor":28.0},{"not_picked":["Cleave","Body Slam"],"picked":"Flex+1","floor":31.0},{"not_picked":["Corruption","Exhume"],"picked":"Brutality","floor":33.0},{"not_picked":["Perfected Strike","Rage+1","Heavy Blade+1"],"picked":"SKIP","floor":35.0},{"not_picked":["Feel No Pain+1","Cleave","Flame Barrier+1"],"picked":"SKIP","floor":38},{"not_picked":["Heavy Blade","Clash+1","Headbutt+1"],"picked":"SKIP","floor":40},{"not_picked":["Panacea","Discovery"],"picked":"Bandage Up","floor":41},{"not_picked":["Sever Soul","Anger+1","Havoc"],"picked":"SKIP","floor":46},{"not_picked":["Headbutt","Iron Wave+1","Flame Barrier+1"],"picked":"SKIP","floor":47},{"not_picked":["Feed","Pommel Strike","Fire Breathing"],"picked":"SKIP","floor":48},{"not_picked":["Flame Barrier+1","Fiend Fire","Power Through"],"picked":"SKIP","floor":54}],"player_experience":78990,"relics_obtained":[{"floor":12.0,"key":"Unceasing Top"},{"floor":26.0,"key":"Omamori"},{"floor":40,"key":"Lantern"},{"floor":43,"key":"Blood Vial"},{"floor":47,"key":"Meat on the Bone"},{"floor":54,"key":"Vajra"}],"event_choices":[{"damage_healed":0.0,"max_hp_gain":5.0,"max_hp_loss":0.0,"gold_gain":0.0,"event_name":"Big Fish","player_choice":"Donut","floor":3.0,"gold_loss":0.0,"damage_taken":0.0},{"damage_healed":0.0,"max_hp_gain":0.0,"max_hp_loss":0.0,"gold_gain":0.0,"event_name":"Accursed Blacksmith","player_choice":"Forge","floor":4.0,"gold_loss":0.0,"damage_taken":0.0,"cards_upgraded":["Searing Blow"]},{"damage_healed":0.0,"max_hp_gain":0.0,"max_hp_loss":0.0,"gold_gain":0.0,"event_name":"Vampires","player_choice":"Ignored","floor":20.0,"gold_loss":0.0,"damage_taken":0.0},{"damage_healed":0.0,"max_hp_gain":5.0,"max_hp_loss":0.0,"gold_gain":0.0,"event_name":"Forgotten Altar","player_choice":"Shed Blood","floor":24.0,"gold_loss":0.0,"damage_taken":21.0},{"damage_healed":0.0,"max_hp_gain":0.0,"max_hp_loss":0.0,"gold_gain":0.0,"event_name":"Lab","player_choice":"Got Potions","floor":30.0,"gold_loss":0.0,"damage_taken":0.0},{"damage_healed":0,"gold_gain":0,"player_choice":"Ignored","damage_taken":0,"max_hp_gain":0,"max_hp_loss":0,"event_name":"Mysterious Sphere","floor":37,"gold_loss":0},{"damage_healed":0,"gold_gain":0,"player_choice":"Memory 1","damage_taken":0,"max_hp_gain":0,"max_hp_loss":0,"event_name":"SensoryStone","floor":41,"gold_loss":0}],"is_beta":false,"boss_relics":[{"not_picked":["Runic Dome","Black Star"],"picked":"Empty Cage"},{"not_picked":["Astrolabe","Runic Cube"],"picked":"SlaversCollar"}],"items_purged_floors":[19,36,39],"is_endless":false,"potions_floor_spawned":[2,7,10,12,16,22,33,35,38,46,47,48],"killed_by":"The Heart","ascension_level":1}}