{"host":"og21o26alpnbwmz8","time":1613409782,"event":{"mods":["Act Like it!","Aspiration","BaseMod","Conspire","Downfall","Gensokyo","Halation","Hubris","Jedi Mod","Mimic Mod","Minty Spire (QoL Compilation)","Pale of the Ancients","Reliquary","Replay The Spire","Shop Mod","Spikes Relics","StSLib","The Alterego","The Blue Laboratory","The Poker Player","The Problem Sleuth","Waifu the Spire","Yuri Mod"],"gold_per_floor":[113,113,113,188,203,244,259,259,259,299,69,90,104,123,123,248,248,268,268,16,0,27,27,89,131,210,236,85,127,154,154,154,286,586,619,52,76,76,112,112,112,112,112,144,144,179,179,179,179,187,187],"floor_reached":50,"language":"ENG","playtime":2345,"items_purged":["yuri:yuriStrike"],"score":522,"play_id":"96e0ab12-7f0f-49a3-a6a7-cd79ff2f5a4c","local_time":"20210215122302","is_ascension_mode":false,"campfire_choices":[{"data":"yuri:CalmingAura","floor":8,"key":"SMITH"},{"data":"yuri:WickedSlash","floor":15,"key":"SMITH"},{"data":"yuri:BookRed","floor":23,"key":"SMITH"},{"floor":32,"key":"RECALL"},{"data":"yuri:MagneticKnives","floor":40,"key":"SMITH"},{"data":"jedi:LeechingStrike","floor":40,"key":"SMITH"},{"data":"yuri:SturdyUniform","floor":42,"key":"SMITH"},{"data":"Pot Of Greed","floor":42,"key":"SMITH"},{"data":"Pot Of Greed","floor":45,"key":"SMITH"},{"data":"yuri:Torment","floor":45,"key":"SMITH"},{"data":"yuri:MPose","floor":49,"key":"SMITH"},{"data":"yuri:MPose","floor":49,"key":"SMITH"}],"circlet_count":0,"master_deck":["yuri:yuriStrike","yuri:yuriStrike","yuri:yuriStrike","yuri:yuriStrike","yuri:yuriDefend","yuri:yuriDefend","yuri:yuriDefend","yuri:yuriDefend","yuri:yuriDefend","yuri:Oolong","yuri:yuriStab","yuri:WickedSlash","hubris:NaturalOne","yuri:CalmingAura+1","yuri:BookRed+1","yuri:yuriHeavyStrike","yuri:ArmBrace","yuri:WickedSlash+1","yuri:MagneticKnives+1","yuri:SturdyUniform+1","yuri:MPose+1","yuri:ChibiInvasion","yuri:DeepBreathing+1","yuri:MPose+1","yuri:Torment+1","CurseOfTheBell","Pot Of Greed+1","Pot Of Greed+1","Pot Of Greed+1","yuri:CalmingAura+1","yuri:MPose+1","yuri:BookBlue","yuri:MPose+1","yuri:MagneticKnives+1"],"relics":["yuri:yuriKnife","hubris:Icosahedron","Golden Idol","reliquary:TatteredRug","reliquary:BoilingFlask","Bronze Scales","halation:BottledHappiness","Coffee Dripper","aspiration:RitualStick","Guide Book","Replay:Bandana","Onion Ring","bronze:BronzeIdol","Calling Bell","hexamod:CandleOfCauterizing","Old Coin","Grinning Jar","SnailShell","halation:PenCase","Guardian:GemstoneGun"],"acts_visited":["Exordium","TheCity","TheBeyond"],"potions_floor_usage":[28,50,50],"damage_taken":[{"damage":2,"enemies":"Cultist","floor":1,"turns":4},{"damage":1,"enemies":"2 Louse","floor":5,"turns":2},{"damage":41,"enemies":"Replay:BlueRogue","floor":6,"turns":10},{"damage":6,"enemies":"Jaw Worm","floor":7,"turns":3},{"damage":52,"enemies":"Lagavulin","floor":10,"turns":9},{"damage":8,"enemies":"Exordium Wildlife","floor":12,"turns":6},{"damage":2,"enemies":"3 Louse","floor":13,"turns":2},{"damage":3,"enemies":"Gremlin Gang","floor":14,"turns":6},{"damage":39,"enemies":"The Guardian","floor":16,"turns":15},{"damage":24,"enemies":"Chosen","floor":18,"turns":7},{"damage":9,"enemies":"2 Thieves","floor":21,"turns":5},{"damage":32,"enemies":"Gremlin Leader","floor":24,"turns":5},{"damage":23,"enemies":"Snake Plant","floor":25,"turns":4},{"damage":14,"enemies":"Centurion and Healer","floor":27,"turns":6},{"damage":9,"enemies":"Shelled Parasite and Fungi","floor":29,"turns":3},{"damage":10,"enemies":"Snecko","floor":30,"turns":6},{"damage":12,"enemies":"conspire:MysteriousRune","floor":33,"turns":9},{"damage":36,"enemies":"3 Shapes","floor":35,"turns":5},{"damage":9,"enemies":"Orb Walker","floor":37,"turns":5},{"damage":35,"enemies":"Sphere and 2 Shapes","floor":39,"turns":10},{"damage":7,"enemies":"Maw","floor":44,"turns":7},{"damage":2,"enemies":"Jaw Worm Horde","floor":46,"turns":6},{"damage":80,"enemies":"Awakened One","floor":50,"turns":8}],"seed_played":"31934588407076440","potions_obtained":[{"floor":1,"key":"Reflective Coating"},{"floor":7,"key":"sneckomod:MuddlingPotion"},{"floor":12,"key":"blueLaboratory:PhilterOfMotion"},{"floor":27,"key":"jedi:mysterypotion"},{"floor":33,"key":"champ:CounterPotion"},{"floor":37,"key":"Adrenaline Potion"}],"is_trial":false,"path_per_floor":["M","?","?","?","M","E","M","R","T","E","$","M","M","M","R","B",null,"M","?","$","M","T","R","E","M","T","M","$","M","M","?","R","B",null,"M","$","M","?","M","R","?","R","T","M","R","M","?","?","R","B"],"character_chosen":"YURI","items_purchased":["halation:BottledHappiness","Guide Book","yuri:SturdyUniform","yuri:ChibiInvasion","bronze:BronzeIdol","SnailShell","halation:PenCase","yuri:MPose+1","yuri:BookBlue"],"campfire_rested":0,"item_purchase_floors":[11,20,20,20,28,36,36,36,36],"current_hp_per_floor":[80,80,74,67,70,44,50,50,50,11,11,19,20,32,32,10,74,56,41,41,50,50,50,25,12,12,20,20,30,39,39,39,51,74,38,38,46,46,37,37,74,74,74,69,69,74,74,74,74,0,0],"gold":187,"neow_bonus":"COLORLESS_CARD","is_daily":false,"chose_seed":false,"campfire_upgraded":11,"win_rate":0.0,"timestamp":1613409782,"path_taken":["M","?","?","?","M","E","M","R","T","E","$","M","?","M","R","BOSS","M","?","$","M","?","R","E","M","T","M","$","?","M","?","R","BOSS","M","$","?","?","M","R","?","R","T","?","R","M","?","?","R","BOSS"],"items_purchased_type":["Relic","Relic","Card","Card","Relic","Relic","Relic","Card","Card"],"build_version":"2020-12-22","purchased_purges":1,"victory":false,"max_hp_per_floor":[80,80,74,74,74,74,74,74,74,74,74,74,74,74,74,74,74,74,74,74,74,74,74,74,74,74,74,74,74,74,74,74,74,74,74,74,74,74,74,74,74,74,74,74,74,74,74,74,74,74,74],"card_choices":[{"not_picked":["yuri:UntestedCode","yuri:TPose"],"picked":"yuri:WickedSlash","floor":1},{"not_picked":["yuri:yuriHeavyStrike","yuri:CorruptHitbox","yuri:yuriQuickStrike"],"picked":"SKIP","floor":5},{"not_picked":["yuri:GhostForm","yuri:Spin","yuri:ThrowingKnives"],"picked":"SKIP","floor":6},{"not_picked":["yuri:AdaptiveAI","yuri:TPose"],"picked":"yuri:CalmingAura","floor":7},{"not_picked":["yuri:DebugCard","yuri:MultiDip"],"picked":"yuri:BookRed","floor":10},{"not_picked":["yuri:Spin","yuri:Skip"],"picked":"yuri:yuriHeavyStrike","floor":12},{"not_picked":["yuri:Skip","yuri:ThrowBook"],"picked":"yuri:ArmBrace","floor":13},{"not_picked":["yuri:CalmingAura","yuri:DebugCard"],"picked":"yuri:WickedSlash","floor":14},{"not_picked":["yuri:DisableStrike","yuri:Virus"],"picked":"yuri:MagneticKnives","floor":16},{"not_picked":["yuri:AdaptiveAI","yuri:GlitchedStrike","yuri:DebugCard+1"],"picked":"SKIP","floor":18},{"not_picked":["yuri:CalmingAura","yuri:BookGreen"],"picked":"yuri:MPose","floor":21},{"not_picked":["yuri:ReloadGame","yuri:BookGreen"],"picked":"yuri:ChibiInvasion","floor":24},{"not_picked":["yuri:GlitchedStrike","yuri:Skip","yuri:Suicide"],"picked":"SKIP","floor":25},{"not_picked":["yuri:Spin+1","yuri:Stare","yuri:ThrowingKnives"],"picked":"SKIP","floor":27},{"not_picked":["yuri:HeavierStrike","yuri:InduceGlitch"],"picked":"yuri:DeepBreathing+1","floor":29},{"not_picked":["yuri:ThrowBook","yuri:SeeingDouble+1","yuri:RecklessStrike"],"picked":"SKIP","floor":30},{"not_picked":["yuri:DistillInsanity","yuri:BlackTea"],"picked":"yuri:Torment","floor":33},{"not_picked":["yuri:DebugCard+1","yuri:Spin"],"picked":"yuri:CalmingAura+1","floor":35},{"not_picked":["yuri:yuriHeavyStrike","yuri:ThrowingKnives+1"],"picked":"yuri:MPose+1","floor":37},{"not_picked":["yuri:TPose+1","yuri:UnstableStrike"],"picked":"yuri:MagneticKnives","floor":39},{"not_picked":["yuri:HeavierStrike+1","yuri:Spin","yuri:BrokenCode+1"],"picked":"SKIP","floor":44},{"not_picked":["yuri:Stalk+1","yuri:yuriHeavyStrike","yuri:Stare+1"],"picked":"SKIP","floor":46}],"player_experience":268615,"relics_obtained":[{"floor":6,"key":"reliquary:TatteredRug"},{"floor":9,"key":"reliquary:BoilingFlask"},{"floor":10,"key":"Bronze Scales"},{"floor":22,"key":"Replay:Bandana"},{"floor":24,"key":"Onion Ring"},{"floor":34,"key":"hexamod:CandleOfCauterizing"},{"floor":34,"key":"Old Coin"},{"floor":34,"key":"Grinning Jar"},{"floor":43,"key":"Guardian:GemstoneGun"}],"event_choices":[{"damage_healed":0,"gold_gain":0,"player_choice":"Lose Max HP","damage_taken":0,"relics_obtained":["Golden Idol"],"max_hp_gain":0,"max_hp_loss":6,"event_name":"Golden Idol","floor":3,"gold_loss":0},{"damage_healed":0,"gold_gain":75,"player_choice":"Touch","damage_taken":7,"max_hp_gain":0,"max_hp_loss":0,"event_name":"FaceTrader","floor":4,"gold_loss":0},{"damage_healed":0,"gold_gain":0,"player_choice":"Read","damage_taken":0,"max_hp_gain":0,"max_hp_loss":0,"event_name":"The Library","floor":31,"gold_loss":0,"cards_obtained":["yuri:MPose"]},{"cards_removed":["yuri:ChibiInvasion"],"damage_healed":37,"gold_gain":0,"player_choice":"Offered Uncommon","damage_taken":0,"max_hp_gain":0,"max_hp_loss":0,"event_name":"Bonfire Elementals","floor":41,"gold_loss":0},{"cards_removed":["jedi:LeechingStrike"],"damage_healed":0,"gold_gain":0,"player_choice":"Removed Attack","damage_taken":0,"max_hp_gain":0,"max_hp_loss":0,"event_name":"Falling","floor":47,"gold_loss":0},{"damage_healed":0,"gold_gain":0,"player_choice":"Leave","damage_taken":0,"max_hp_gain":0,"max_hp_loss":0,"event_name":"conspire:Investor","floor":48,"gold_loss":0}],"is_beta":false,"boss_relics":[{"not_picked":["hubris:Backtick","Busted Crown"],"picked":"Coffee Dripper"},{"not_picked":["Replay:Bronze Core","halation:LoveArrow"],"picked":"Calling Bell"}],"items_purged_floors":[11],"is_endless":false,"potions_floor_spawned":[1,7,12,27,33,37],"killed_by":"Awakened One","ascension_level":0}}