{"host":"qp7xs8nuzfsyommi","time":1613402777,"event":{"mods":["2.2 Compatiblity","BaseMod","Colored Powertips","DeckTracker","Highlight Path","Minty Spire (QoL Compilation)","Permanent Neow","Quick Restart","StSLib"],"gold_per_floor":[110,128,147,147,170,170,170,320,375,103,139,158,178,178,178,277,277,301,98,73,97,116,116,116,141,141,141,141],"floor_reached":27,"language":"ENG","playtime":1045,"items_purged":["Doubt"],"score":488,"play_id":"de6e5b90-de20-4deb-bb62-9477849bbde7","local_time":"20210215102617","is_ascension_mode":true,"campfire_choices":[{"data":"Biased Cognition","floor":6.0,"key":"SMITH"},{"floor":15.0,"key":"REST"},{"data":"Fission","floor":23,"key":"SMITH"}],"circlet_count":0,"master_deck":["AscendersBane","Zap+1","Dualcast","Biased Cognition+1","Ball Lightning","Genetic Algorithm","Coolheaded+1","Glacier","Go for the Eyes","Darkness","Melter","Buffer","Recycle","Conserve Battery","Multi-Cast","Chaos","Compile Driver","Capacitor","Ball Lightning","Compile Driver","Fission","Conserve Battery","Fission+1","Undo","Doom and Gloom","Turbo"],"relics":["Cracked Core","Golden Idol","War Paint","Bag of Preparation","Pandora\u0027s Box","Chemical X","Regal Pillow"],"acts_visited":["Exordium","TheCity"],"potions_floor_usage":[20,24,27],"damage_taken":[{"damage":6.0,"enemies":"2 Louse","floor":1.0,"turns":3.0},{"damage":7.0,"enemies":"Jaw Worm","floor":2.0,"turns":2.0},{"damage":3.0,"enemies":"Small Slimes","floor":3.0,"turns":3.0},{"damage":19.0,"enemies":"Exordium Thugs","floor":5.0,"turns":4.0},{"damage":0.0,"enemies":"3 Sentries","floor":11.0,"turns":11.0},{"damage":0.0,"enemies":"2 Fungi Beasts","floor":12.0,"turns":3.0},{"damage":2.0,"enemies":"Blue Slaver","floor":13.0,"turns":3.0},{"damage":15.0,"enemies":"Slime Boss","floor":16.0,"turns":4.0},{"damage":2,"enemies":"Chosen","floor":18,"turns":3},{"damage":6,"enemies":"2 Thieves","floor":20,"turns":4},{"damage":0,"enemies":"Sentry and Sphere","floor":21,"turns":2},{"damage":0,"enemies":"Snecko","floor":22,"turns":3},{"damage":0,"enemies":"Snake Plant","floor":24,"turns":1},{"damage":19,"enemies":"Sentry and Sphere","floor":25,"turns":4},{"damage":27,"enemies":"Centurion and Healer","floor":27,"turns":6}],"seed_played":"6660674527625737200","potions_obtained":[{"floor":5.0,"key":"EssenceOfSteel"},{"floor":11.0,"key":"BlessingOfTheForge"},{"floor":12.0,"key":"Explosive Potion"},{"floor":16.0,"key":"SmokeBomb"},{"floor":25,"key":"Swift Potion"}],"is_trial":false,"path_per_floor":["M","M","M","?","M","R","?","?","T","$","E","M","M","?","R","B",null,"M","$","M","M","M","R","M","M","T","M"],"character_chosen":"DEFECT","items_purchased":["War Paint","Go for the Eyes","Chemical X","Doom and Gloom"],"campfire_rested":1,"item_purchase_floors":[10,10,19,19],"current_hp_per_floor":[58,51,48,48,29,29,10,10,10,10,10,10,8,8,27,12,51,49,49,43,43,43,43,43,24,24,0,0],"gold":141,"neow_bonus":"ONE_RANDOM_RARE_CARD","is_daily":false,"chose_seed":false,"campfire_upgraded":2,"win_rate":0.0,"timestamp":1613402777,"path_taken":["M","M","M","?","M","R","?","?","T","$","E","M","M","?","R","BOSS","M","?","M","?","M","R","M","M","T","M"],"items_purchased_type":["Relic","Card","Relic","Card"],"build_version":"2020-12-22","purchased_purges":1,"victory":false,"max_hp_per_floor":[71,71,71,64,64,64,64,64,64,64,64,64,64,64,64,64,64,64,64,64,64,64,64,64,64,64,64,64],"card_choices":[{"not_picked":["Redo","Go for the Eyes"],"picked":"Ball Lightning","floor":1.0},{"not_picked":["Storm","Compile Driver"],"picked":"Genetic Algorithm","floor":2.0},{"not_picked":["Fusion","Double Energy"],"picked":"Coolheaded","floor":3.0},{"not_picked":["Melter","Cold Snap"],"picked":"Glacier","floor":5.0},{"not_picked":["Fusion","FTL","Go for the Eyes"],"picked":"SKIP","floor":11.0},{"not_picked":["Tempest","Streamline"],"picked":"Darkness","floor":12.0},{"not_picked":["Coolheaded","Barrage"],"picked":"Melter","floor":13.0},{"not_picked":["Meteor Strike","Machine Learning"],"picked":"Multi-Cast","floor":16.0},{"not_picked":["Conserve Battery","Tempest"],"picked":"Undo","floor":18},{"not_picked":["Coolheaded","Conserve Battery"],"picked":"Turbo","floor":20},{"not_picked":["Conserve Battery","Genetic Algorithm","Steam"],"picked":"SKIP","floor":21},{"not_picked":["Recycle","Turbo","Beam Cell"],"picked":"SKIP","floor":22},{"not_picked":["Gash","Skim","Cold Snap"],"picked":"SKIP","floor":25}],"player_experience":1909211,"relics_obtained":[{"floor":11.0,"key":"Bag of Preparation"},{"floor":26,"key":"Regal Pillow"}],"event_choices":[{"damage_healed":0.0,"max_hp_gain":0.0,"max_hp_loss":7.0,"gold_gain":0.0,"event_name":"Golden Idol","player_choice":"Lose Max HP","floor":4.0,"gold_loss":0.0,"damage_taken":0.0,"relics_obtained":["Golden Idol"]},{"damage_healed":0.0,"max_hp_gain":0.0,"max_hp_loss":0.0,"gold_gain":0.0,"event_name":"Shining Light","player_choice":"Entered Light","floor":7.0,"gold_loss":0.0,"damage_taken":19.0,"cards_upgraded":["Defend_B","Zap"]},{"damage_healed":0.0,"max_hp_gain":0.0,"max_hp_loss":0.0,"gold_gain":150.0,"event_name":"Liars Game","player_choice":"AGREE","floor":8.0,"gold_loss":0.0,"damage_taken":0.0,"cards_obtained":["Doubt"]},{"damage_healed":0.0,"max_hp_gain":0.0,"max_hp_loss":0.0,"gold_gain":0.0,"event_name":"Match and Keep!","player_choice":"3 cards matched","floor":14.0,"gold_loss":0.0,"damage_taken":0.0,"cards_obtained":["Buffer","Recycle","Conserve Battery"]}],"is_beta":false,"boss_relics":[{"not_picked":["Tiny House","FrozenCore"],"picked":"Pandora\u0027s Box"}],"items_purged_floors":[10],"is_endless":false,"potions_floor_spawned":[5,11,12,16,25],"killed_by":"Centurion and Healer","ascension_level":20}}