{"host":"knk89g45d3vzr5fm","time":1613430340,"event":{"mods":["2.2 Compatiblity","BaseMod","Downfall","Minty Spire (QoL Compilation)","Relic Stats","Reliquary","Replay The Spire","StSLib","The Marked"],"gold_per_floor":[99,99,99,117,567,581,581,597,497,237,256,256,266,296,313,412,412,312,331,350,350,11,11,11,41,41,56,75,75,108,108,108,108,108],"floor_reached":32,"language":"FRA","playtime":2046,"items_purged":["downfall:Icky","Delirium"],"score":458,"play_id":"6b2bc215-1923-4860-913b-6ad11af06b40","local_time":"20210216000540","is_ascension_mode":true,"campfire_choices":[{"floor":1,"key":"RECALL"},{"data":"Eclipse","floor":9,"key":"SMITH"},{"floor":12,"key":"REST"},{"floor":26,"key":"REST"}],"circlet_count":0,"master_deck":["AscendersBane","sneckomod:Strike","sneckomod:Strike","sneckomod:Strike","sneckomod:Defend","sneckomod:Defend","sneckomod:Defend","sneckomod:TailWhip","sneckomod:SnekBite","sneckomod:Unknown+1","sneckomod:Unknown","AbeCurse","sneckomod:SoulDraw","downfall:Icky","Havoc","Eclipse+1","sneckomod:MasterEye","Survey Options+1","sneckomod:Nope+1","Burning Pact+1","sneckomod:UnknownBlock","Amplify+1","sneckomod:SerpentMind+1","sneckomod:UnknownUncommonPower+1","sneckomod:UnknownUncommonAttack+1","sneckomod:UnlimitedRolls","sneckomod:UnendingSupply","sneckomod:SoulCleanse","hexamod:SixthSeal","sneckomod:Nope+1","sneckomod:Memorize"],"relics":["Abe\u0027s Treasure","m_SnakeBloodCore","Pantograph","downfall:HeartBlessingRed","Snecko Heart","downfall:HeartBlessingGreen","downfall:RedIOU","Frozen Eye","Molten Egg 2","reliquary:TridentHead","Replay:Towering Pillar of Hats"],"acts_visited":["Exordium","TheCity"],"potions_floor_usage":[25,30],"damage_taken":[{"damage":0,"enemies":"2 Louse","floor":4,"turns":3},{"damage":4,"enemies":"Small Slimes","floor":6,"turns":4},{"damage":17,"enemies":"Jaw Worm","floor":8,"turns":5},{"damage":0,"enemies":"downfall:FleeingMerchant","floor":10,"turns":4},{"damage":24,"enemies":"3 Louse","floor":11,"turns":4},{"damage":21,"enemies":"Blue Slaver","floor":13,"turns":4},{"damage":28,"enemies":"Lagavulin","floor":14,"turns":6},{"damage":0,"enemies":"downfall:LooterAlt","floor":15,"turns":3},{"damage":51,"enemies":"WA_ARCHETYPE_RETAIN","floor":16,"turns":9},{"damage":6,"enemies":"Shell Parasite","floor":19,"turns":3},{"damage":17,"enemies":"Chosen","floor":20,"turns":5},{"damage":4,"enemies":"downfall:FleeingMerchant","floor":22,"turns":4},{"damage":21,"enemies":"Slavers","floor":25,"turns":5},{"damage":0,"enemies":"3 Cultists","floor":27,"turns":3},{"damage":41,"enemies":"Snake Plant","floor":28,"turns":5},{"damage":22,"enemies":"Gremlin Leader","floor":30,"turns":5},{"damage":48,"enemies":"Cultist and Chosen","floor":32,"turns":4}],"seed_played":"-4456477342812195864","potions_obtained":[{"floor":11,"key":"Dexterity Potion"},{"floor":14,"key":"Dexterity Potion"},{"floor":16,"key":"Languid Potion"},{"floor":20,"key":"sneckomod:DiceRollPotion"},{"floor":30,"key":"CultistPotion"}],"is_trial":false,"path_per_floor":["R","?","?","M","?","M","T","M","R","$","M","R","M","E","M","B",null,"R","M","M","?","$","?","T","E","R","M","M","?","E","T","M"],"character_chosen":"THE_SNECKO","items_purchased":["sneckomod:MasterEye","Survey Options","Frozen Eye","sneckomod:UnendingSupply"],"campfire_rested":2,"item_purchase_floors":[10,10,22,22],"current_hp_per_floor":[81,81,81,84,84,83,83,69,69,72,51,78,60,35,38,15,71,90,87,73,73,72,72,72,54,81,84,53,53,34,34,0,0,0],"gold":108,"neow_bonus":"BOSS_RELIC","is_daily":false,"chose_seed":false,"campfire_upgraded":1,"win_rate":0.0,"timestamp":1613430340,"path_taken":["R","?","?","M","?","M","T","M","R","$","M","R","M","E","M","BOSS","R","M","M","?","$","?","T","E","R","M","M","?","E","?","M"],"items_purchased_type":["Card","Card","Relic","Card"],"build_version":"2020-12-22","purchased_purges":2,"victory":false,"max_hp_per_floor":[90,90,90,90,90,90,90,90,90,90,90,90,90,90,90,90,90,90,90,90,90,90,90,90,90,90,90,90,90,90,90,90,90,90],"relic_stats":{"counters":[17,76],"Pantograph":25,"obtain_stats":[{"Golden Egg":14,"Snecko Heart":17,"downfall:HeartBlessingRed":9,"Replay:Towering Pillar of Hats":30,"downfall:HeartBlessingGreen":18,"sneckomod:SneckoSoul":0,"Frozen Eye":22,"reliquary:TridentHead":25,"m_SnakeBloodCore":2,"Pantograph":7,"Molten Egg 2":24,"downfall:RedIOU":21,"Abe\u0027s Treasure":0},{"Golden Egg":7,"Snecko Heart":9,"downfall:HeartBlessingRed":3,"Replay:Towering Pillar of Hats":16,"downfall:HeartBlessingGreen":9,"sneckomod:SneckoSoul":0,"Frozen Eye":12,"reliquary:TridentHead":13,"m_SnakeBloodCore":0,"Pantograph":2,"Molten Egg 2":12,"downfall:RedIOU":11,"Abe\u0027s Treasure":0},{"Golden Egg":30,"Snecko Heart":42,"downfall:HeartBlessingRed":12,"Replay:Towering Pillar of Hats":72,"downfall:HeartBlessingGreen":42,"sneckomod:SneckoSoul":0,"Frozen Eye":54,"reliquary:TridentHead":59,"m_SnakeBloodCore":0,"Pantograph":7,"Molten Egg 2":54,"downfall:RedIOU":50,"Abe\u0027s Treasure":0}]},"card_choices":[{"not_picked":["sneckomod:UnknownClassGUARDIAN","Dagger Throw"],"picked":"sneckomod:SoulDraw","floor":4},{"not_picked":["sneckomod:UnknownClassGUARDIAN","sneckomod:WideSting"],"picked":"Havoc","floor":6},{"not_picked":["sneckomod:UnknownClassBLUE","Hello World"],"picked":"Eclipse","floor":8},{"not_picked":["sneckomod:Nope","sneckomod:UnknownClassBLUE","sneckomod:UnknownClassPURPLE"],"picked":"SKIP","floor":10},{"not_picked":["sneckomod:UnknownX","sneckomod:UnknownClassRED"],"picked":"sneckomod:Nope","floor":11},{"not_picked":["sneckomod:WideSting","sneckomod:DefensiveFlair"],"picked":"Burning Pact","floor":13},{"not_picked":["sneckomod:UnknownCommonAttack","sneckomod:UnknownClassSLIMEBOUND"],"picked":"sneckomod:UnknownBlock","floor":14},{"not_picked":["sneckomod:DiceBlock","sneckomod:DiceBoulder"],"picked":"Amplify","floor":15},{"not_picked":["sneckomod:Restock","Night Terror"],"picked":"sneckomod:SerpentMind","floor":16},{"not_picked":["sneckomod:UnknownBlock","sneckomod:UnknownClassPURPLE+1"],"picked":"sneckomod:UnknownUncommonPower+1","floor":19},{"not_picked":["sneckomod:UnknownClassTHE_CHAMP_GRAY+1","sneckomod:SoulDraw"],"picked":"sneckomod:UnknownUncommonAttack+1","floor":20},{"not_picked":["sneckomod:DiceBoulder","sneckomod:RainOfDice+1"],"picked":"sneckomod:UnlimitedRolls","floor":22},{"not_picked":["hexamod:FourthSeal","hexamod:FirstSeal"],"picked":"hexamod:SixthSeal","floor":25},{"not_picked":["sneckomod:ImprovisedAttack+1","sneckomod:UnknownCommonAttack+1","sneckomod:UnknownBlock"],"picked":"SKIP","floor":25},{"not_picked":["sneckomod:RainOfDice+1","sneckomod:SoulDraw"],"picked":"sneckomod:Nope+1","floor":27},{"not_picked":["sneckomod:ImprovisedGuard","sneckomod:SnekBeam+1","sneckomod:Nope"],"picked":"SKIP","floor":28},{"not_picked":["sneckomod:UnknownClassGREEN","sneckomod:UnknownClassHEXA_GHOST_PURPLE"],"picked":"sneckomod:Memorize","floor":30}],"player_experience":2181274,"relics_obtained":[{"floor":7,"key":"Pantograph"},{"floor":14,"key":"Golden Egg"},{"floor":24,"key":"Molten Egg 2"},{"floor":25,"key":"reliquary:TridentHead"},{"floor":30,"key":"Replay:Towering Pillar of Hats"}],"event_choices":[{"damage_healed":0,"gold_gain":0,"player_choice":"Read","damage_taken":0,"max_hp_gain":0,"max_hp_loss":0,"event_name":"The Library","floor":23,"gold_loss":0,"cards_obtained":["sneckomod:SoulCleanse"]}],"is_beta":false,"boss_relics":[{"not_picked":["Replay:Grab Bag","SlaversCollar"],"picked":"Snecko Heart"}],"items_purged_floors":[10,22],"is_endless":false,"potions_floor_spawned":[11,14,16,20,30],"killed_by":"Cultist and Chosen","ascension_level":10}}