{"host":"2c84cb4cp1emursg","time":1613380714,"event":{"mods":["Act Like it!","BaseMod","Better Third Choice","Bossed Relics","Hermit","Mimic Mod","Minty Spire (QoL Compilation)","Permanent Neow","StSLib"],"gold_per_floor":[114,126,137,151,169,195,195,195,227,227,227,237,271,290,290,392,392,392,392],"floor_reached":18,"language":"ENG","playtime":936,"items_purged":[],"score":239,"play_id":"ddf1113d-9010-4cd7-a01a-dddcc82d82d4","local_time":"20210215021834","is_ascension_mode":true,"campfire_choices":[{"data":"Defend_G","floor":7,"key":"SMITH"},{"data":"Defend_G","floor":11,"key":"SMITH"},{"data":"Survivor","floor":15,"key":"SMITH"}],"circlet_count":0,"master_deck":["Strike_G","Strike_G","Strike_G","Strike_G","Defend_G+1","Defend_G","Defend_G","Defend_G","Defend_G+1","Survivor+1","Neutralize","All Out Attack","Quick Slash","Dagger Throw","Bouncing Flask","Reflex","Corpse Explosion","Underhanded Strike","Venomology"],"relics":["Astrolabe","Happy Flower","PreservedInsect","TungstenRod","Sozu"],"acts_visited":["Exordium","TheCity"],"potions_floor_usage":[6,10,13,14,16],"damage_taken":[{"damage":1,"enemies":"Small Slimes","floor":1,"turns":4},{"damage":0,"enemies":"Cultist","floor":2,"turns":3},{"damage":0,"enemies":"Jaw Worm","floor":3,"turns":3},{"damage":0,"enemies":"Large Slime","floor":4,"turns":3},{"damage":8,"enemies":"Looter","floor":5,"turns":3},{"damage":0,"enemies":"Gremlin Nob","floor":6,"turns":2},{"damage":0,"enemies":"3 Louse","floor":9,"turns":4},{"damage":7,"enemies":"3 Louse","floor":12,"turns":2},{"damage":7,"enemies":"Lagavulin","floor":13,"turns":4},{"damage":8,"enemies":"Large Slime","floor":14,"turns":4},{"damage":9,"enemies":"The Guardian","floor":16,"turns":10}],"seed_played":"-3851251574868258467","potions_obtained":[{"floor":1,"key":"AttackPotion"},{"floor":4,"key":"Fire Potion"},{"floor":5,"key":"Fire Potion"},{"floor":10,"key":"DuplicationPotion"},{"floor":10,"key":"Fruit Juice"},{"floor":10,"key":"FearPotion"},{"floor":16,"key":"Swift Potion"}],"is_trial":false,"path_per_floor":["M","M","M","M","M","E","R","?","MIM","?","R","M","E","M","R","B",null,"M"],"character_chosen":"THE_SILENT","items_purchased":[],"campfire_rested":0,"item_purchase_floors":[],"current_hp_per_floor":[69,69,69,69,61,61,61,61,61,66,66,59,52,44,44,35,75,75,75],"gold":392,"neow_bonus":"BOSS_RELIC","is_daily":false,"chose_seed":false,"campfire_upgraded":3,"win_rate":0.0,"timestamp":1613380714,"path_taken":["M","M","M","M","M","E","R","?","MIM","?","R","?","E","M","R","BOSS","M"],"items_purchased_type":[],"build_version":"2020-12-22","purchased_purges":0,"victory":false,"max_hp_per_floor":[70,70,70,70,70,70,70,70,70,75,75,75,75,75,75,75,75,75,75],"card_choices":[{"not_picked":["Slice","Distraction"],"picked":"All Out Attack","floor":1},{"not_picked":["Setup","Well Laid Plans"],"picked":"Quick Slash","floor":2},{"not_picked":["Dodge and Roll","Flying Knee"],"picked":"Dagger Throw","floor":3},{"not_picked":["Quick Slash","Deflect"],"picked":"Bouncing Flask","floor":4},{"not_picked":["Cloak And Dagger","Noxious Fumes"],"picked":"Reflex","floor":5},{"not_picked":["PiercingWail","Finisher"],"picked":"Corpse Explosion","floor":6},{"not_picked":["Masterful Stab","Cloak And Dagger","Blade Dance"],"picked":"SKIP","floor":12},{"not_picked":["Heel Hook","Doppelganger","Cloak And Dagger"],"picked":"SKIP","floor":13},{"not_picked":["Quick Slash","Sucker Punch"],"picked":"Underhanded Strike","floor":14},{"not_picked":["Die Die Die","Storm of Steel"],"picked":"Venomology","floor":16}],"player_experience":468044,"relics_obtained":[{"floor":6,"key":"Happy Flower"},{"floor":9,"key":"PreservedInsect"},{"floor":13,"key":"TungstenRod"}],"event_choices":[{"cards_removed":["Strike_G"],"damage_healed":0,"gold_gain":0,"player_choice":"Offered Basic","damage_taken":0,"max_hp_gain":0,"max_hp_loss":0,"event_name":"Bonfire Elementals","floor":8,"gold_loss":0},{"damage_healed":0,"gold_gain":0,"player_choice":"Got Potions","damage_taken":0,"max_hp_gain":0,"max_hp_loss":0,"event_name":"Lab","floor":10,"gold_loss":0}],"is_beta":false,"boss_relics":[{"not_picked":["Snecko Eye","Cursed Key"],"picked":"Sozu"}],"items_purged_floors":[],"is_endless":false,"potions_floor_spawned":[1,4,5,12,16],"killed_by":"3 Byrds","ascension_level":4}}