{"host":"ypphcgdomtfqpc2w","time":1613394306,"event":{"mods":["BaseMod","DeckTracker","MarisaÅiñ∂âJÅ@ñÇóùçπÅj","Minty Spire (QoL Compilation)","Relic Stats","StSLib"],"gold_per_floor":[119,119,130,55,66,66,96,26,26,57,112,124,140,172,172,265,265,307,332,364,364,393,393,439,465,465,465,465],"floor_reached":27,"language":"ENG","playtime":1677,"items_purged":[],"score":594,"play_id":"e1bc43dc-6e00-45f0-a830-9d78354c401c","local_time":"20210215220506","is_ascension_mode":true,"campfire_choices":[{"data":"UpSweep","floor":6.0,"key":"SMITH"},{"data":"6A","floor":15.0,"key":"SMITH"},{"data":"Occultation","floor":23.0,"key":"SMITH"}],"circlet_count":0,"master_deck":["AscendersBane","MasterSpark+1","UpSweep+1","MilkyWay+1","LuminesStrike","6A+1","OortCloud","PowerUp","AlicesGift","WitchOfGreed","StarDustReverie","MilkyWay","UnstableBomb","StarDustReverie","EscapeVelocity","IllusionStar","Occultation+1","FinalSpark","OortCloud","Acceleration","PulseMagic+1","GravityBeat","MagicChant"],"relics":["MiniHakkero","The Courier","Mercury Hourglass","Shuriken","Art of War","Pandora\u0027s Box","Nilry\u0027s Codex","Eternal Feather","Bottled Lightning"],"acts_visited":["Exordium","TheCity"],"potions_floor_usage":[27,27],"damage_taken":[{"damage":2.0,"enemies":"Jaw Worm","floor":1.0,"turns":4.0},{"damage":5.0,"enemies":"Small Slimes","floor":3.0,"turns":3.0},{"damage":0.0,"enemies":"Cultist","floor":5.0,"turns":3.0},{"damage":26.0,"enemies":"3 Sentries","floor":7.0,"turns":9.0},{"damage":3.0,"enemies":"Gremlin Nob","floor":10.0,"turns":3.0},{"damage":0.0,"enemies":"Looter","floor":12.0,"turns":3.0},{"damage":1.0,"enemies":"Exordium Thugs","floor":13.0,"turns":3.0},{"damage":0.0,"enemies":"Red Slaver","floor":14.0,"turns":3.0},{"damage":0.0,"enemies":"The Guardian","floor":16.0,"turns":8.0},{"damage":10.0,"enemies":"Chosen","floor":18.0,"turns":3.0},{"damage":17.0,"enemies":"Shell Parasite","floor":19.0,"turns":6.0},{"damage":24.0,"enemies":"Chosen and Byrds","floor":20.0,"turns":9.0},{"damage":13.0,"enemies":"Sentry and Sphere","floor":22.0,"turns":5.0},{"damage":7.0,"enemies":"Gremlin Leader","floor":24.0,"turns":6.0},{"damage":16.0,"enemies":"Snecko","floor":25.0,"turns":6.0},{"damage":35,"enemies":"Slavers","floor":27,"turns":3}],"seed_played":"-7502864733208579207","potions_obtained":[{"floor":3.0,"key":"Regen Potion"},{"floor":12.0,"key":"Fire Potion"},{"floor":13.0,"key":"Weak Potion"},{"floor":14.0,"key":"Explosive Potion"},{"floor":16.0,"key":"DuplicationPotion"},{"floor":18.0,"key":"Regen Potion"},{"floor":18.0,"key":"Regen Potion"},{"floor":20.0,"key":"SpeedPotion"},{"floor":22.0,"key":"AttackPotion"},{"floor":24.0,"key":"Regen Potion"},{"floor":24.0,"key":"Block Potion"},{"floor":25.0,"key":"LiquidBronze"}],"is_trial":false,"path_per_floor":["M","?","M","?","M","R","E","$","T","E","T","M","M","M","R","B",null,"M","M","M","?","M","R","E","M","T","E"],"character_chosen":"MARISA","items_purchased":["LiquidMemories"],"campfire_rested":0,"item_purchase_floors":[8],"current_hp_per_floor":[61,61,56,56,56,56,30,30,30,27,27,36,35,35,35,35,61,51,34,62,41,40,40,33,32,32,0,0],"gold":465,"neow_bonus":"UPGRADE_CARD","is_daily":false,"chose_seed":false,"campfire_upgraded":3,"win_rate":0.0,"timestamp":1613394306,"path_taken":["M","?","M","?","M","R","E","$","T","E","?","M","M","M","R","BOSS","M","M","?","?","M","R","E","M","T","E"],"items_purchased_type":["Potion"],"build_version":"2020-12-22","purchased_purges":0,"victory":false,"max_hp_per_floor":[70,70,70,70,70,70,70,70,70,70,70,70,70,70,70,70,70,70,70,70,70,70,70,70,70,70,70,70],"relic_stats":{"counters":[16,76],"Shuriken":[8],"Pandora\u0027s Box":["MilkyWay","UnstableBomb","StarDustReverie","EscapeVelocity","IllusionStar","Occultation","FinalSpark"],"Eternal Feather":0,"Art of War":[12],"obtain_stats":[{"Shuriken":10,"Nilry\u0027s Codex":21,"Pandora\u0027s Box":17,"Eternal Feather":24,"The Courier":7,"Art of War":11,"MiniHakkero":0,"Bottled Lightning":26,"Mercury Hourglass":9,"Meat on the Bone":20},{"Shuriken":5,"Nilry\u0027s Codex":12,"Pandora\u0027s Box":9,"Eternal Feather":14,"The Courier":4,"Art of War":5,"MiniHakkero":0,"Bottled Lightning":15,"Mercury Hourglass":4,"Meat on the Bone":12},{"Shuriken":22,"Nilry\u0027s Codex":56,"Pandora\u0027s Box":38,"Eternal Feather":67,"The Courier":19,"Art of War":22,"MiniHakkero":0,"Bottled Lightning":73,"Mercury Hourglass":19,"Meat on the Bone":50}],"Mercury Hourglass":[193]},"card_choices":[{"not_picked":["DC","GalacticHalo"],"picked":"MilkyWay","floor":1.0},{"not_picked":["SporeBomb","AsteroidBelt"],"picked":"LuminesStrike","floor":3.0},{"not_picked":["LuminesStrike","SprinkleStarSeal"],"picked":"6A","floor":5.0},{"not_picked":["BlazingStar","DoubleSpark"],"picked":"OortCloud","floor":7.0},{"not_picked":["WitchLeyline","DoubleSpark"],"picked":"PowerUp","floor":10.0},{"not_picked":["StarlightTyphoon","ChargeUpSpray"],"picked":"AlicesGift","floor":12.0},{"not_picked":["MysteriousBeam","EnergyRecoil"],"picked":"WitchOfGreed","floor":13.0},{"not_picked":["ChargingUp","SporeBomb","MysteriousBeam"],"picked":"SKIP","floor":14.0},{"not_picked":["MaximisePower","AbsoluteMagnitude"],"picked":"StarDustReverie","floor":16.0},{"not_picked":["WitchOfGreed","6A"],"picked":"OortCloud","floor":18.0},{"not_picked":["DeepEcoloBomb","BlazeAway"],"picked":"Acceleration","floor":19.0},{"not_picked":["GravityBeat","SporeBomb"],"picked":"PulseMagic+1","floor":20.0},{"not_picked":["SporeBomb","IllusionStar"],"picked":"GravityBeat","floor":22.0},{"not_picked":["ManaRampage","MysteriousBeam","WitchOfGreed"],"picked":"SKIP","floor":24.0},{"not_picked":["GrandCross","ShootTheMoon"],"picked":"MagicChant","floor":25.0}],"player_experience":3302694,"relics_obtained":[{"floor":7.0,"key":"The Courier"},{"floor":9.0,"key":"Mercury Hourglass"},{"floor":10.0,"key":"Shuriken"},{"floor":11.0,"key":"Art of War"},{"floor":21.0,"key":"Nilry\u0027s Codex"},{"floor":24.0,"key":"Eternal Feather"},{"floor":26.0,"key":"Bottled Lightning"}],"event_choices":[{"damage_healed":0.0,"max_hp_gain":0.0,"max_hp_loss":0.0,"gold_gain":0.0,"event_name":"Living Wall","player_choice":"Grow","floor":2.0,"gold_loss":0.0,"damage_taken":0.0,"cards_upgraded":["MilkyWay"]},{"cards_removed":["Strike_MRS"],"damage_healed":0.0,"max_hp_gain":0.0,"max_hp_loss":0.0,"gold_gain":0.0,"event_name":"The Cleric","player_choice":"Card Removal","floor":4.0,"gold_loss":75.0,"damage_taken":0.0},{"damage_healed":0.0,"max_hp_gain":0.0,"max_hp_loss":0.0,"gold_gain":0.0,"event_name":"Cursed Tome","player_choice":"Obtained Book","floor":21.0,"gold_loss":0.0,"damage_taken":21.0}],"is_beta":false,"boss_relics":[{"not_picked":["Velvet Choker","Philosopher\u0027s Stone"],"picked":"Pandora\u0027s Box"}],"items_purged_floors":[],"is_endless":false,"potions_floor_spawned":[3,12,13,16,18,24],"killed_by":"Slavers","ascension_level":20}}