{"host":"qswkx8hggytna0kc","time":1613361335,"event":{"mods":["Aspiration","BaseMod","BetterRewards","Colored Map","Colored Powertips","Highlight Path","Hubris","Mimic Mod","Minty Spire (QoL Compilation)","MostiFishMod","Quick Restart","Replay The Spire","StSLib","SuperFastMode"],"gold_per_floor":[114,114,127,138,155,155,189,189,189,225,268,308,308,369,369,458,458,507,538,538,538,586,661,661,704,749,798,798,848,848,862,862],"floor_reached":31,"language":"ZHS","playtime":823,"items_purged":["Strike_R+1"],"score":696,"play_id":"e45da3af-4cff-4371-9d73-e785aea2c145","local_time":"20210215115535","is_ascension_mode":true,"campfire_choices":[{"data":"MostiFishMod:HellRitual","floor":6,"key":"SMITH"},{"data":"MostiFishMod:CullingBlade","floor":8,"key":"SMITH"},{"data":"ForeignInfluence","floor":15,"key":"SMITH"},{"data":"ReplayTheSpireMod:LeadingStrike","floor":28,"key":"SMITH"}],"circlet_count":0,"master_deck":["AscendersBane","Strike_R+1","Strike_R+2","Strike_R+1","Strike_R+1","Defend_R+2","Defend_R+1","Defend_R+1","Defend_R+1","Bash+1","Clash+1","Pummel+1","MostiFishMod:HellRitual+1","Fiend Fire","MostiFishMod:CullingBlade+1","FlyingSleeves","Anger","ForeignInfluence+1","Pommel Strike","MostiFishMod:RainCloud+1","Dark Embrace+1","Anger","Havoc","Twin Strike","Havoc","ReplayTheSpireMod:LeadingStrike+1"],"relics":["Burning Blood","DaveBox","RhineFirstAidKit","aspiration:Nostalgia","Replay:M_SmolderingBlood","SynthV:TestCard","Replay:Bandana","Whetstone","Quantum Egg","Replay:Ringing Soul","Pet Ghost","Centennial Puzzle","HereWithMe","Mirror","Simple Rune","Dream Catcher","Mummified Hand","BrkXgEgg","Blood Vial","Singing Bowl","Sling"],"acts_visited":["Exordium","TheCity"],"potions_floor_usage":[],"damage_taken":[{"damage":16,"enemies":"Small Slimes","floor":1,"turns":5},{"damage":2,"enemies":"Jaw Worm","floor":3,"turns":4},{"damage":6,"enemies":"2 Louse","floor":4,"turns":3},{"damage":12,"enemies":"Looter","floor":5,"turns":3},{"damage":20,"enemies":"Lagavulin","floor":7,"turns":5},{"damage":25,"enemies":"Replay:BlueRogue","floor":10,"turns":5},{"damage":7,"enemies":"Gremlin Gang","floor":11,"turns":8},{"damage":0,"enemies":"Lagavulin","floor":12,"turns":4},{"damage":20,"enemies":"3 Sentries","floor":14,"turns":3},{"damage":21,"enemies":"The Guardian","floor":16,"turns":6},{"damage":21,"enemies":"Shell Parasite","floor":18,"turns":2},{"damage":0,"enemies":"Spheric Guardian","floor":19,"turns":1},{"damage":10,"enemies":"Snecko","floor":22,"turns":3},{"damage":5,"enemies":"Slavers","floor":23,"turns":5},{"damage":0,"enemies":"Shelled Parasite and Fungi","floor":25,"turns":2},{"damage":0,"enemies":"Cultist and Chosen","floor":27,"turns":3},{"damage":26,"enemies":"Replay:Snechameleon","floor":29,"turns":3},{"damage":14,"enemies":"Centurion and Healer","floor":31,"turns":2}],"seed_played":"-6942025964803206014","potions_obtained":[{"floor":5,"key":"BloodPotion"},{"floor":12,"key":"Elixir"},{"floor":14,"key":"CultistPotion"}],"is_trial":false,"path_per_floor":["M","?","M","M","M","R","E","R","T","E","MIM","E","?","E","R","B",null,"M","M","?","?","M","E","?","M","T","M","R","E","$","M"],"character_chosen":"IRONCLAD","items_purchased":["Mummified Hand","BrkXgEgg","Blood Vial","Singing Bowl","Sling"],"campfire_rested":0,"item_purchase_floors":[30,30,30,30,30],"current_hp_per_floor":[58,35,39,39,75,75,61,61,61,42,41,50,45,81,81,69,80,68,77,77,77,76,80,80,89,89,98,98,78,11,0,0],"gold":862,"neow_bonus":"NOSTALGIA","is_daily":false,"chose_seed":false,"campfire_upgraded":4,"win_rate":0.0,"timestamp":1613361335,"path_taken":["M","?","M","M","M","R","E","R","T","E","?","E","?","E","R","BOSS","M","M","?","?","?","E","?","M","T","M","R","E","?","M"],"items_purchased_type":["Relic","Relic","Relic","Relic","Relic"],"build_version":"2020-12-22","purchased_purges":1,"victory":false,"max_hp_per_floor":[75,75,75,75,75,75,75,75,75,75,75,78,78,81,81,84,84,87,90,90,90,93,96,96,99,99,102,102,102,102,102,102],"card_choices":[{"not_picked":["True Grit","CrushJoints"],"picked":"Clash","floor":1},{"not_picked":["Evolve","Defy Death","Burning Pact","Headbutt"],"picked":"Pummel","floor":3},{"not_picked":["Replay:Undeath\u0027s Touch","hubris:CleavingFinish","Blood for Blood","BowlingBash"],"picked":"MostiFishMod:HellRitual","floor":4},{"not_picked":["True Grit","ReplayTheSpireMod:Stacked","Warcry","ReplayTheSpireMod:Strike From Hell"],"picked":"Fiend Fire","floor":5},{"not_picked":["Massacre","Sword Boomerang","Carnage","Power Through"],"picked":"MostiFishMod:CullingBlade","floor":7},{"not_picked":["Corruption","Demon Form","Bloodletting","BowlingBash"],"picked":"FlyingSleeves","floor":10},{"not_picked":["Headbutt","Searing Blow","Perfected Strike","Battle Trance"],"picked":"Anger","floor":11},{"not_picked":["Run Through","Clash","Rampage","ReplayTheSpireMod:Strike From Hell"],"picked":"ForeignInfluence","floor":12},{"not_picked":["Sentinel","Evolve","Headbutt","Carnage"],"picked":"Pommel Strike","floor":14},{"not_picked":["MostiFishMod:RacingGame","Exhume","hubris:StunningStrike","Barricade"],"picked":"MostiFishMod:RainCloud","floor":16},{"not_picked":["Twin Strike","Rupture+1","Clothesline","Massacre"],"picked":"Dark Embrace+1","floor":18},{"not_picked":["Inflame","Sword Boomerang","Infernal Blade","Run Through"],"picked":"Anger","floor":19},{"not_picked":["Fire Breathing","Thunderclap","Cleave","Body Slam"],"picked":"Havoc","floor":22},{"not_picked":["Cleave","Flex","Sword Boomerang","Shrug It Off"],"picked":"Twin Strike","floor":23},{"not_picked":["Dropkick","Barricade","Wild Strike","Replay:Undeath\u0027s Touch"],"picked":"Havoc","floor":25},{"not_picked":["hubris:ReadiedAction","Reckless Charge","True Grit","Anger"],"picked":"ReplayTheSpireMod:LeadingStrike","floor":27},{"not_picked":["Rage","Headbutt","hubris:ReadiedAction","ReplayReversal","Dual Wield"],"picked":"SKIP","floor":29}],"player_experience":406546,"relics_obtained":[{"floor":1,"key":"SynthV:TestCard"},{"floor":7,"key":"Replay:Bandana"},{"floor":9,"key":"Whetstone"},{"floor":10,"key":"Quantum Egg"},{"floor":12,"key":"Replay:Ringing Soul"},{"floor":14,"key":"Centennial Puzzle"},{"floor":23,"key":"Mirror"},{"floor":26,"key":"Simple Rune"},{"floor":29,"key":"Dream Catcher"}],"event_choices":[{"damage_healed":0,"gold_gain":0,"player_choice":"Entered Light","damage_taken":23,"max_hp_gain":0,"max_hp_loss":0,"event_name":"Shining Light","floor":2,"gold_loss":0,"cards_upgraded":["Clash","Bash"]},{"damage_healed":0,"gold_gain":0,"player_choice":"Success","damage_taken":5,"relics_obtained":["Pet Ghost"],"max_hp_gain":0,"max_hp_loss":0,"event_name":"Scrap Ooze","floor":13,"gold_loss":0},{"damage_healed":0,"gold_gain":0,"player_choice":"Simplicity","damage_taken":0,"max_hp_gain":0,"max_hp_loss":0,"event_name":"Back to Basics","floor":20,"gold_loss":0,"cards_upgraded":["Strike_R","Strike_R","Strike_R","Strike_R","Defend_R","Defend_R","Defend_R","Defend_R"]},{"damage_healed":0,"gold_gain":0,"player_choice":"Got Potions","damage_taken":0,"max_hp_gain":0,"max_hp_loss":0,"event_name":"Lab","floor":21,"gold_loss":0},{"damage_healed":0,"gold_gain":0,"player_choice":"Forge","damage_taken":0,"max_hp_gain":0,"max_hp_loss":0,"event_name":"Accursed Blacksmith","floor":24,"gold_loss":0,"cards_upgraded":["MostiFishMod:RainCloud"]}],"is_beta":false,"boss_relics":[{"not_picked":["Abe\u0027s Treasure","aspiration:RitualDagger"],"picked":"HereWithMe"}],"items_purged_floors":[30],"is_endless":false,"potions_floor_spawned":[5,12,14,16,22,25,29],"killed_by":"Centurion and Healer","ascension_level":18}}