{"host":"bvp2uifzy1c463d9","time":1613425251,"event":{"mods":["AchievementEnabler","BaseMod","Better Note","Block Reminder","Bossed Relics","ChefMod","Colored Map","Colored Powertips","Energized Spire","Hermit","Highlight Path","Hubris","Infinite Spire","Minty Spire (QoL Compilation)","Random Character Button","Relic Sorter","Relic Stats","Reliquary","Replay The Spire","Robot Space Explorer","StSLib","The Blue Laboratory","The Jungle","The Servant 0.9.4","Wandering Minibosses"],"gold_per_floor":[117,131,147,159,159,159,188,188,188,188,199,211,225,225,225,225,225],"floor_reached":16,"language":"ENG","playtime":654,"items_purged":[],"score":104,"play_id":"71a75f0f-5de0-4a88-845d-a9e683fd07c9","local_time":"20210215154051","is_ascension_mode":false,"campfire_choices":[{"data":"chefmod:TonkotsuRamen","floor":6,"key":"SMITH"},{"data":"chefmod:KnifeFlurry","floor":8,"key":"SMITH"},{"data":"chefmod:NoSoupForYou","floor":10,"key":"SMITH"},{"floor":15,"key":"REST"}],"circlet_count":0,"master_deck":["chefmod:Strike","chefmod:Strike","chefmod:Strike","chefmod:QuickThaw+1","chefmod:Defend","chefmod:Defend","chefmod:Defend","chefmod:Defend","chefmod:TodaysSpecial","chefmod:TonkotsuRamen+1","chefmod:NoSoupForYou+1","chefmod:Puree+1","chefmod:KnifeFlurry+1","chefmod:RaidPantry","chefmod:Sorbet","chefmod:IceCreamCone","chefmod:ColdSteel"],"relics":["chefmod:TrustyPot","Ornamental Fan","hubris:BundleOfHerbs"],"acts_visited":["Exordium"],"potions_floor_usage":[16,16],"damage_taken":[{"damage":0,"enemies":"Cultist","floor":1,"turns":4},{"damage":1,"enemies":"Small Slimes","floor":2,"turns":4},{"damage":0,"enemies":"Jaw Worm","floor":3,"turns":4},{"damage":0,"enemies":"Blue Slaver","floor":4,"turns":3},{"damage":35,"enemies":"Gremlin Nob","floor":7,"turns":6},{"damage":12,"enemies":"Gremlin Gang","floor":11,"turns":6},{"damage":0,"enemies":"2 Fungi Beasts","floor":12,"turns":5},{"damage":3,"enemies":"Large Slime","floor":13,"turns":8},{"damage":58,"enemies":"Hexaghost","floor":16,"turns":9}],"seed_played":"2798269546796780147","potions_obtained":[{"floor":3,"key":"blueLaboratory:CorrosionFlask"},{"floor":7,"key":"Strength Potion"},{"floor":11,"key":"blueLaboratory:BottleOfVodka"},{"floor":13,"key":"PowerPotion"}],"is_trial":false,"path_per_floor":["M","M","M","M","?","R","E","R","T","R","M","M","M","?","R","B"],"character_chosen":"THE_CHEF","items_purchased":[],"campfire_rested":1,"item_purchase_floors":[],"current_hp_per_floor":[76,75,75,75,75,75,40,40,40,40,34,34,31,24,46,0,0],"gold":225,"neow_bonus":"UPGRADE_CARD","is_daily":false,"chose_seed":false,"campfire_upgraded":3,"win_rate":0.0,"timestamp":1613425251,"path_taken":["M","M","M","M","?","R","E","R","T","R","M","M","M","?","R","BOSS"],"items_purchased_type":[],"build_version":"2020-12-22","purchased_purges":0,"victory":false,"max_hp_per_floor":[76,76,76,76,76,76,76,76,76,76,76,76,76,76,76,76,76],"relic_stats":{"counters":[9,49],"Ornamental Fan":[16],"obtain_stats":[{"chefmod:TrustyPot":0,"Ornamental Fan":7,"hubris:BundleOfHerbs":9},{"chefmod:TrustyPot":0,"Ornamental Fan":5,"hubris:BundleOfHerbs":5},{"chefmod:TrustyPot":0,"Ornamental Fan":21,"hubris:BundleOfHerbs":21}]},"card_choices":[{"not_picked":["chefmod:ZaruSoba","chefmod:FryPan"],"picked":"chefmod:TonkotsuRamen","floor":1},{"not_picked":["chefmod:Granita","chefmod:ZaruSoba"],"picked":"chefmod:NoSoupForYou","floor":2},{"not_picked":["chefmod:Fillet","chefmod:SliceAndDice"],"picked":"chefmod:Puree","floor":3},{"not_picked":["chefmod:SliceAndDice","chefmod:LocoMoco"],"picked":"chefmod:KnifeFlurry","floor":4},{"not_picked":["chefmod:FiveAlarmChili","chefmod:FireUp"],"picked":"chefmod:RaidPantry","floor":7},{"not_picked":["chefmod:Defrost","chefmod:LocoMoco"],"picked":"chefmod:Sorbet","floor":11},{"not_picked":["chefmod:MonsterBait","chefmod:QuickChop"],"picked":"chefmod:IceCreamCone","floor":12},{"not_picked":["chefmod:BaoBuns","chefmod:Granita"],"picked":"chefmod:ColdSteel","floor":13}],"player_experience":378851,"relics_obtained":[{"floor":7,"key":"Ornamental Fan"},{"floor":9,"key":"hubris:BundleOfHerbs"}],"event_choices":[{"cards_removed":["chefmod:Strike"],"damage_healed":0,"gold_gain":0,"player_choice":"Card Removal","damage_taken":7,"max_hp_gain":0,"max_hp_loss":0,"event_name":"Golden Wing","floor":14,"gold_loss":0}],"is_beta":false,"boss_relics":[],"items_purged_floors":[],"is_endless":false,"potions_floor_spawned":[3,7,11,12,13],"killed_by":"Hexaghost","ascension_level":0}}