{"host":"w14xfy17z3c5mpoi","time":1613350609,"event":{"mods":["AchievementEnabler","BaseMod","Minty Spire (QoL Compilation)","Relic Stats"],"gold_per_floor":[109,127,139,158,174,207,218,244,319,319,348,648,648,665,665,764,764,779,779,596,615,630,663,663,676,676,636,663,663,139,150,150,252,252,263,273,284,298,298,298,298],"floor_reached":40,"language":"ENG","playtime":3178,"items_purged":["Study+1"],"score":644,"play_id":"9ba588c5-3504-4ddd-8fa2-677a81ac055b","local_time":"20210214195649","is_ascension_mode":true,"campfire_choices":[{"floor":10,"key":"REST"},{"data":"Vigilance","floor":15,"key":"SMITH"},{"floor":24,"key":"REST"},{"floor":29,"key":"REST"},{"floor":32,"key":"REST"}],"circlet_count":0,"master_deck":["Strike_P","Strike_P","Eruption","Vigilance+1","EmptyMind","BowlingBash","CrushJoints","FlyingSleeves","FlyingSleeves","FearNoEvil","Vault","ConjureBlade","Protect+1","EmptyFist+1","EmptyBody","Conclude","Protect","Scrawl","JustLucky+1","SashWhip","Writhe"],"relics":["Velvet Choker","Bag of Marbles","Akabeko","Vajra","Old Coin","Astrolabe","Juzu Bracelet","Tiny Chest","Du-Vu Doll","Membership Card","Shovel","FossilizedHelix","Empty Cage"],"acts_visited":["Exordium","TheCity","TheBeyond"],"potions_floor_usage":[5,5,8,11,25,28,31,33,33,33,33,38,40],"damage_taken":[{"damage":0,"enemies":"Cultist","floor":1,"turns":2},{"damage":9,"enemies":"2 Louse","floor":2,"turns":3},{"damage":1,"enemies":"Small Slimes","floor":3,"turns":2},{"damage":1,"enemies":"2 Fungi Beasts","floor":4,"turns":3},{"damage":0,"enemies":"Red Slaver","floor":5,"turns":1},{"damage":7,"enemies":"3 Sentries","floor":6,"turns":4},{"damage":8,"enemies":"Large Slime","floor":7,"turns":3},{"damage":10,"enemies":"Gremlin Nob","floor":8,"turns":3},{"damage":0,"enemies":"Lagavulin","floor":11,"turns":4},{"damage":0,"enemies":"2 Fungi Beasts","floor":14,"turns":1},{"damage":38,"enemies":"The Guardian","floor":16,"turns":15},{"damage":28,"enemies":"2 Thieves","floor":18,"turns":4},{"damage":0,"enemies":"3 Byrds","floor":21,"turns":4},{"damage":0,"enemies":"Cultist and Chosen","floor":22,"turns":3},{"damage":25,"enemies":"Book of Stabbing","floor":23,"turns":7},{"damage":24,"enemies":"Shelled Parasite and Fungi","floor":25,"turns":5},{"damage":4,"enemies":"Gremlin Leader","floor":28,"turns":5},{"damage":0,"enemies":"Centurion and Healer","floor":31,"turns":4},{"damage":44,"enemies":"Collector","floor":33,"turns":6},{"damage":26,"enemies":"3 Shapes","floor":35,"turns":4},{"damage":0,"enemies":"Orb Walker","floor":36,"turns":3},{"damage":20,"enemies":"Maw","floor":37,"turns":9},{"damage":0,"enemies":"Sphere and 2 Shapes","floor":38,"turns":4},{"damage":46,"enemies":"Nemesis","floor":40,"turns":7}],"seed_played":"-614665793597616999","potions_obtained":[{"floor":1,"key":"FearPotion"},{"floor":3,"key":"Energy Potion"},{"floor":5,"key":"AttackPotion"},{"floor":8,"key":"FearPotion"},{"floor":14,"key":"Ancient Potion"},{"floor":16,"key":"BlessingOfTheForge"},{"floor":22,"key":"FairyPotion"},{"floor":23,"key":"SmokeBomb"},{"floor":25,"key":"SpeedPotion"},{"floor":27,"key":"EntropicBrew"},{"floor":27,"key":"SteroidPotion"},{"floor":31,"key":"FearPotion"},{"floor":36,"key":"LiquidMemories"}],"is_trial":false,"path_per_floor":["M","M","M","M","M","E","M","E","T","R","E","?","?","M","R","B",null,"M","?","$","M","M","E","R","M","T","?","E","R","$","M","R","B",null,"M","M","M","M","?","E"],"character_chosen":"WATCHER","items_purchased":["EmptyBody","StancePotion","Conclude","Membership Card","Shovel","FossilizedHelix","DistilledChaos"],"campfire_rested":4,"item_purchase_floors":[20,20,20,30,30,30,30],"current_hp_per_floor":[65,56,55,54,54,47,39,29,29,50,50,47,47,47,47,9,56,28,28,28,28,28,3,24,21,21,21,17,38,38,38,59,15,58,32,32,12,12,30,0,0],"gold":298,"neow_bonus":"BOSS_RELIC","is_daily":false,"chose_seed":false,"campfire_upgraded":1,"win_rate":0.0,"timestamp":1613350609,"path_taken":["M","M","M","?","M","E","M","E","T","R","E","?","?","M","R","BOSS","M","?","$","M","M","E","R","M","T","?","E","R","$","M","R","BOSS","M","M","M","M","?","E"],"items_purchased_type":["Card","Potion","Card","Relic","Relic","Relic","Potion"],"build_version":"2020-12-22","purchased_purges":1,"victory":false,"max_hp_per_floor":[72,72,72,72,72,72,72,72,72,72,72,72,72,72,72,72,72,72,72,72,72,72,72,72,72,72,72,72,72,72,72,72,72,72,72,72,72,72,72,72,72],"relic_stats":{"Shovel":0,"counters":[24,106],"Astrolabe":["Study","Protect","EmptyFist"],"Tiny Chest":0,"Juzu Bracelet":0,"obtain_stats":[{"Astrolabe":17,"Velvet Choker":0,"Vajra":11,"Juzu Bracelet":23,"Empty Cage":34,"Akabeko":8,"Old Coin":12,"Du-Vu Doll":28,"Shovel":30,"Tiny Chest":26,"Bag of Marbles":6,"Membership Card":30,"PureWater":0,"FossilizedHelix":30},{"Astrolabe":11,"Velvet Choker":0,"Vajra":9,"Juzu Bracelet":15,"Empty Cage":19,"Akabeko":8,"Old Coin":9,"Du-Vu Doll":17,"Shovel":17,"Tiny Chest":16,"Bag of Marbles":6,"Membership Card":17,"PureWater":0,"FossilizedHelix":17},{"Astrolabe":41,"Velvet Choker":0,"Vajra":25,"Juzu Bracelet":59,"Empty Cage":79,"Akabeko":21,"Old Coin":25,"Du-Vu Doll":69,"Shovel":69,"Tiny Chest":64,"Bag of Marbles":15,"Membership Card":69,"PureWater":0,"FossilizedHelix":69}]},"card_choices":[{"not_picked":["FlurryOfBlows","LikeWater"],"picked":"EmptyMind","floor":1},{"not_picked":["MentalFortress","Prostrate"],"picked":"BowlingBash","floor":2},{"not_picked":["ReachHeaven","ClearTheMind"],"picked":"CrushJoints","floor":3},{"not_picked":["Prostrate","Swivel"],"picked":"FlyingSleeves","floor":4},{"not_picked":["Establishment","WaveOfTheHand"],"picked":"FlyingSleeves","floor":5},{"not_picked":["SashWhip","BowlingBash"],"picked":"FearNoEvil","floor":6},{"not_picked":["Worship","Crescendo","FlurryOfBlows"],"picked":"SKIP","floor":7},{"not_picked":["Swivel","Halt","FlurryOfBlows"],"picked":"SKIP","floor":8},{"not_picked":["ThirdEye","CarveReality"],"picked":"Vault","floor":11},{"not_picked":["FollowUp","Prostrate","Worship"],"picked":"SKIP","floor":14},{"not_picked":["SpiritShield","DeusExMachina"],"picked":"ConjureBlade","floor":16},{"not_picked":["Swivel","EmptyMind","FlurryOfBlows+1"],"picked":"SKIP","floor":18},{"not_picked":["FollowUp","Pray","EmptyFist"],"picked":"SKIP","floor":21},{"not_picked":["FlyingSleeves","ClearTheMind"],"picked":"Protect","floor":22},{"not_picked":["Wallop","EmptyMind","Conclude+1"],"picked":"SKIP","floor":23},{"not_picked":["Wallop","FlyingSleeves+1","CrushJoints"],"picked":"SKIP","floor":25},{"not_picked":["Swivel+1","InnerPeace","Pray"],"picked":"SKIP","floor":28},{"not_picked":["Protect+1","FollowUp","WaveOfTheHand"],"picked":"SKIP","floor":31},{"not_picked":["ConjureBlade","Wish"],"picked":"Scrawl","floor":33},{"not_picked":["BattleHymn+1","ClearTheMind","Weave+1"],"picked":"SKIP","floor":35},{"not_picked":["MentalFortress","Consecrate+1","CutThroughFate+1"],"picked":"SKIP","floor":36},{"not_picked":["Collect+1","FlyingSleeves+1"],"picked":"JustLucky+1","floor":37},{"not_picked":["CarveReality","FollowUp+1"],"picked":"SashWhip","floor":38}],"player_experience":653556,"relics_obtained":[{"floor":6,"key":"Bag of Marbles"},{"floor":8,"key":"Akabeko"},{"floor":11,"key":"Vajra"},{"floor":23,"key":"Juzu Bracelet"},{"floor":26,"key":"Tiny Chest"},{"floor":28,"key":"Du-Vu Doll"}],"event_choices":[{"damage_healed":0,"gold_gain":0,"player_choice":"Success","damage_taken":3,"relics_obtained":["Old Coin"],"max_hp_gain":0,"max_hp_loss":0,"event_name":"Scrap Ooze","floor":12,"gold_loss":0},{"damage_healed":0,"gold_gain":0,"player_choice":"Ignored","damage_taken":0,"max_hp_gain":0,"max_hp_loss":0,"event_name":"Liars Game","floor":13,"gold_loss":0},{"cards_removed":["Strike_P"],"damage_healed":0,"gold_gain":0,"player_choice":"Elegance","damage_taken":0,"max_hp_gain":0,"max_hp_loss":0,"event_name":"Back to Basics","floor":19,"gold_loss":0},{"damage_healed":0,"gold_gain":0,"player_choice":"Bought 3 Potions","damage_taken":0,"max_hp_gain":0,"max_hp_loss":0,"event_name":"The Woman in Blue","floor":27,"gold_loss":0},{"damage_healed":18,"gold_gain":0,"player_choice":"Writhe","damage_taken":0,"max_hp_gain":0,"max_hp_loss":0,"event_name":"Winding Halls","floor":39,"gold_loss":0,"cards_obtained":["Writhe"]}],"is_beta":false,"boss_relics":[{"not_picked":["Runic Pyramid","Philosopher\u0027s Stone"],"picked":"Astrolabe"},{"not_picked":["SlaversCollar","Tiny House"],"picked":"Empty Cage"}],"items_purged_floors":[30],"is_endless":false,"potions_floor_spawned":[1,3,5,8,14,16,22,23,25,31,36],"killed_by":"Nemesis","ascension_level":7}}