{"host":"xo0glkmxta74xh34","time":1613356495,"event":{"mods":["BaseMod","Downfall","Minty Spire (QoL Compilation)","Reliquary","Replay The Spire","StSLib"],"gold_per_floor":[99,109,122,122,134,147,147,147,158,158,68,85,85,119,132,230,230,230,250,265,277,277,277,303,342,138,138,159,182,182,282,337,448,448,448,448,448,448],"floor_reached":36,"language":"ENG","playtime":2046,"items_purged":["Pain","Writhe"],"score":428,"play_id":"a7010223-abcb-491e-b980-6a304810a004","local_time":"20210214203455","is_ascension_mode":true,"campfire_choices":[{"data":"sneckomod:Unknown","floor":1.0,"key":"SMITH"},{"floor":13.0,"key":"REST"},{"floor":23.0,"key":"REST"},{"floor":30.0,"key":"REST"},{"data":"sneckomod:Transmogrify","floor":35.0,"key":"SMITH"}],"circlet_count":0,"master_deck":["sneckomod:TailWhip","sneckomod:SnekBite","sneckomod:Unknown+1","sneckomod:Unknown","sneckomod:SnakeSap+1","Delirium","sneckomod:SlitherStrike","sneckomod:WideSting+1","sneckomod:SlitherStrike","sneckomod:UnknownRareAttack","sneckomod:CheapStock","sneckomod:UnknownRareSkill","Recycle","Burst","sneckomod:DiceBlock","sneckomod:Nope+1","sneckomod:UnknownUncommonPower+1","sneckomod:UnendingSupply","sneckomod:UnendingSupply+1","expansioncontent:AwakenDeath","Ghostly","Ghostly","Ghostly","Ghostly","Ghostly","sneckomod:GlitteringGambit","sneckomod:Transmogrify+1"],"relics":["reliquary:Ember","WarpedTongs","hexamod:CandleOfCauterizing","m_SnakeBloodCore","Snack Pack","Pandora\u0027s Box","Replay:Bandana","Ancient Tea Set","Whetstone","Blue Doll","reliquary:RedCape"],"acts_visited":["Exordium","TheCity","TheBeyond"],"potions_floor_usage":[],"damage_taken":[{"damage":3.0,"enemies":"Jaw Worm","floor":2.0,"turns":2.0},{"damage":6.0,"enemies":"Cultist","floor":3.0,"turns":3.0},{"damage":5.0,"enemies":"2 Louse","floor":5.0,"turns":2.0},{"damage":17.0,"enemies":"Large Slime","floor":6.0,"turns":4.0},{"damage":8.0,"enemies":"Blue Slaver","floor":9.0,"turns":3.0},{"damage":10.0,"enemies":"downfall:FleeingMerchant","floor":11.0,"turns":4.0},{"damage":9.0,"enemies":"3 Louse","floor":12.0,"turns":2.0},{"damage":37.0,"enemies":"3 Sentries","floor":14.0,"turns":5.0},{"damage":11.0,"enemies":"Red Slaver","floor":15.0,"turns":3.0},{"damage":13.0,"enemies":"WA_ARCHETYPE_RETAIN","floor":16.0,"turns":4.0},{"damage":16.0,"enemies":"Chosen","floor":19.0,"turns":3.0},{"damage":33.0,"enemies":"Centurion and Healer","floor":20.0,"turns":4.0},{"damage":34.0,"enemies":"Snecko","floor":21.0,"turns":6.0},{"damage":46.0,"enemies":"Gremlin Leader","floor":25.0,"turns":8.0},{"damage":0.0,"enemies":"downfall:FleeingMerchant","floor":26.0,"turns":4.0},{"damage":4.0,"enemies":"Cultist and Chosen","floor":28.0,"turns":7.0},{"damage":7.0,"enemies":"Centurion and Healer","floor":32.0,"turns":4.0},{"damage":29.0,"enemies":"SI_MIRROR_ARCHETYPE","floor":33.0,"turns":9.0},{"damage":0,"enemies":"3 Darklings","floor":36,"turns":1}],"seed_played":"-1535590354552580439","potions_obtained":[{"floor":2.0,"key":"Fire Potion"},{"floor":6.0,"key":"Energy Potion"},{"floor":14.0,"key":"Ancient Potion"},{"floor":16.0,"key":"Fire Potion"},{"floor":19.0,"key":"hexamod:SoulburnPotion"},{"floor":20.0,"key":"ColorlessPotion"},{"floor":21.0,"key":"Doom Potion"},{"floor":25.0,"key":"Ancient Potion"},{"floor":32.0,"key":"Strength Potion"}],"is_trial":false,"path_per_floor":["R","M","M","?","M","M","T","?","M","?","$","M","R","E","M","B",null,"R","M","M","M","?","R","T","E","$","?","M","T","R","?","M","B",null,"R","M"],"character_chosen":"THE_SNECKO","items_purchased":["expansioncontent:AwakenDeath"],"campfire_rested":3,"item_purchase_floors":[26],"current_hp_per_floor":[90,87,81,81,76,59,59,59,54,54,47,41,68,34,28,24,90,90,81,55,30,30,57,57,18,21,21,24,24,37,37,33,15,45,45,45,45,45],"gold":448,"neow_bonus":"BOSS_RELIC","is_daily":false,"chose_seed":false,"campfire_upgraded":2,"win_rate":0.0,"timestamp":1613356495,"path_taken":["R","M","M","?","?","M","T","?","M","?","$","M","R","E","M","BOSS","R","M","M","M","?","R","T","E","$","?","M","?","R","?","M","BOSS","R","M"],"items_purchased_type":["Card"],"build_version":"2020-12-22","purchased_purges":2,"victory":false,"max_hp_per_floor":[90,90,90,90,90,90,90,90,90,90,90,90,90,90,90,90,90,90,90,90,90,90,90,90,90,90,45,45,45,45,45,45,45,45,45,45,45,45],"card_choices":[{"not_picked":["sneckomod:DiceBlock","sneckomod:UnknownClassHEXA_GHOST_PURPLE"],"picked":"sneckomod:SnakeSap","floor":2.0},{"not_picked":["sneckomod:UnknownExhaust","sneckomod:IronFang","sneckomod:UnknownClassPURPLE"],"picked":"SKIP","floor":3.0},{"not_picked":["sneckomod:Unknown0Cost","sneckomod:Memorize","sneckomod:TrashToTreasure"],"picked":"SKIP","floor":5.0},{"not_picked":["sneckomod:QuickBite","sneckomod:IronFang","sneckomod:RainOfDice"],"picked":"SKIP","floor":6.0},{"not_picked":["sneckomod:Unknown1Cost","sneckomod:UnknownClassTHE_CHAMP_GRAY"],"picked":"sneckomod:SlitherStrike","floor":9.0},{"not_picked":["Recycle","sneckomod:UnknownClassGREEN","sneckomod:Cheat"],"picked":"SKIP","floor":11.0},{"not_picked":["sneckomod:UnknownCommonSkill","sneckomod:UnknownClassBLUE"],"picked":"sneckomod:WideSting","floor":12.0},{"not_picked":["sneckomod:UnknownClassTHE_CHAMP_GRAY","sneckomod:UnknownStrength"],"picked":"sneckomod:SlitherStrike","floor":14.0},{"not_picked":["sneckomod:WideSting","sneckomod:UnknownCommonAttack","sneckomod:UnknownClassGREEN"],"picked":"SKIP","floor":15.0},{"not_picked":["sneckomod:Restock","sneckomod:UnlimitedRolls"],"picked":"sneckomod:UnknownRareAttack","floor":16.0},{"not_picked":["sneckomod:UnknownCommonSkill","sneckomod:SoulRoll"],"picked":"sneckomod:Nope+1","floor":19.0},{"not_picked":["sneckomod:UnknownClassPURPLE+1","sneckomod:UnknownWeak"],"picked":"sneckomod:UnknownUncommonPower+1","floor":20.0},{"not_picked":["sneckomod:UnknownCommonSkill","sneckomod:QuickBite","sneckomod:SerpentIdol"],"picked":"SKIP","floor":21.0},{"not_picked":["sneckomod:IronFang","sneckomod:PureSnecko"],"picked":"sneckomod:UnendingSupply","floor":25.0},{"not_picked":["sneckomod:IronFang+1","sneckomod:UnknownClassRED+1"],"picked":"sneckomod:UnendingSupply+1","floor":26.0},{"not_picked":["sneckomod:UnknownCommonSkill","sneckomod:UnknownClassHEXA_GHOST_PURPLE"],"picked":"sneckomod:GlitteringGambit","floor":28.0},{"not_picked":["sneckomod:UnknownClassTHE_CHAMP_GRAY","sneckomod:UnknownUncommonPower","sneckomod:IronFang"],"picked":"SKIP","floor":32.0},{"not_picked":["sneckomod:Cheat","sneckomod:UnknownRareAttack"],"picked":"sneckomod:Transmogrify","floor":33.0}],"player_experience":470082,"relics_obtained":[{"floor":7.0,"key":"hexamod:CandleOfCauterizing"},{"floor":14.0,"key":"Snack Pack"},{"floor":24.0,"key":"Ancient Tea Set"},{"floor":25.0,"key":"Whetstone"},{"floor":29.0,"key":"Blue Doll"}],"event_choices":[{"damage_healed":0.0,"max_hp_gain":0.0,"max_hp_loss":0.0,"gold_gain":0.0,"event_name":"Accursed Blacksmith","player_choice":"Rummage","floor":4.0,"gold_loss":0.0,"damage_taken":0.0,"relics_obtained":["WarpedTongs"],"cards_obtained":["Pain"]},{"damage_healed":0.0,"max_hp_gain":0.0,"max_hp_loss":45.0,"gold_gain":0.0,"event_name":"Ghosts","player_choice":"Became a Ghost","floor":27.0,"gold_loss":0.0,"damage_taken":0.0,"cards_obtained":["Ghostly","Ghostly","Ghostly","Ghostly","Ghostly"]}],"is_beta":false,"boss_relics":[{"not_picked":["Replay:Drink Me","SlaversCollar"],"picked":"Pandora\u0027s Box"},{"not_picked":["reliquary:Craggleroot","Painkiller Herb"],"picked":"reliquary:RedCape"}],"items_purged_floors":[11,26],"is_endless":false,"potions_floor_spawned":[2,6,14,16,19,20,21,25,32],"killed_by":"3 Darklings","ascension_level":1}}