{"host":"x3688v8yj57o2b0e","time":1613426874,"event":{"mods":["BaseMod","Minty Spire (QoL Compilation)"],"gold_per_floor":[116,133,133,20,35,35,53,85,110,138,138,138,186,219,219,349,349,383,383,392,416,434,476,576,601,625,625,663,762,804,827,827,931,958,983,993,1002,1002,1002,1043,1102,1144,1169,1188,1188,1199,1199,1220,1220,1220,1220,1220,234,272,272],"floor_reached":56,"language":"ENG","playtime":4065,"items_purged":["Strike_B","Defend_B"],"score":1505,"play_id":"ee7eeee5-db7e-43dd-b560-3b4b1f60fb33","local_time":"20210215170754","is_ascension_mode":true,"campfire_choices":[{"data":"Doom and Gloom","floor":6,"key":"SMITH"},{"floor":11,"key":"REST"},{"data":"Defragment","floor":15,"key":"SMITH"},{"data":"Coolheaded","floor":27,"key":"SMITH"},{"data":"Stack","floor":32,"key":"SMITH"},{"floor":47,"key":"RECALL"},{"data":"Coolheaded","floor":49,"key":"SMITH"},{"data":"Hologram","floor":52,"key":"SMITH"}],"circlet_count":0,"master_deck":["Defend_B","Zap","Dualcast","Coolheaded+1","Ball Lightning","Lockon","Doom and Gloom+1","Glacier","Skim","Leap","Defragment+1","Coolheaded+1","Electrodynamics","Capacitor+1","Writhe","Compile Driver","Cold Snap","Meteor Strike","Electrodynamics+1","Turbo+1","Chill+1","Tempest","Stack+1","Defragment+1","Core Surge+1","Hologram+1","Hologram+1","Creative AI+1","Conserve Battery","Defragment+1","Defragment+1","Static Discharge+1","The Bomb","Coolheaded","Storm+1","Capacitor+1"],"relics":["Velvet Choker","Happy Flower","Anchor","Nunchaku","Sundial","Bloody Idol","CeramicFish","Black Star","Frozen Egg 2","Centennial Puzzle","Ancient Tea Set","Juzu Bracelet","Bag of Preparation","Mango","Ginger","Vajra","Astrolabe","Oddly Smooth Stone","Orichalcum","Torii","Bag of Marbles","Mummified Hand","Kunai","Lantern","Sling","Letter Opener","Gremlin Horn"],"acts_visited":["Exordium","TheCity","TheBeyond","TheEnding"],"potions_floor_usage":[13,40,42,54,55],"damage_taken":[{"damage":7,"enemies":"2 Louse","floor":1,"turns":3},{"damage":4,"enemies":"Small Slimes","floor":2,"turns":4},{"damage":0,"enemies":"Cultist","floor":5,"turns":3},{"damage":8,"enemies":"Blue Slaver","floor":7,"turns":2},{"damage":10,"enemies":"Gremlin Nob","floor":8,"turns":4},{"damage":8,"enemies":"3 Sentries","floor":10,"turns":4},{"damage":0,"enemies":"Gremlin Nob","floor":13,"turns":3},{"damage":0,"enemies":"Looter","floor":14,"turns":3},{"damage":15,"enemies":"Slime Boss","floor":16,"turns":6},{"damage":0,"enemies":"3 Byrds","floor":18,"turns":2},{"damage":5,"enemies":"Shell Parasite","floor":21,"turns":4},{"damage":16,"enemies":"Book of Stabbing","floor":23,"turns":5},{"damage":6,"enemies":"3 Cultists","floor":25,"turns":3},{"damage":9,"enemies":"Gremlin Leader","floor":28,"turns":5},{"damage":18,"enemies":"Book of Stabbing","floor":30,"turns":6},{"damage":0,"enemies":"Centurion and Healer","floor":31,"turns":4},{"damage":25,"enemies":"Automaton","floor":33,"turns":9},{"damage":15,"enemies":"3 Darklings","floor":35,"turns":3},{"damage":1,"enemies":"3 Shapes","floor":36,"turns":3},{"damage":34,"enemies":"Nemesis","floor":40,"turns":5},{"damage":0,"enemies":"Mind Bloom Boss Battle","floor":41,"turns":5},{"damage":14,"enemies":"Reptomancer","floor":42,"turns":4},{"damage":10,"enemies":"Jaw Worm Horde","floor":44,"turns":5},{"damage":8,"enemies":"3 Darklings","floor":46,"turns":3},{"damage":0,"enemies":"Transient","floor":48,"turns":5},{"damage":10,"enemies":"Donu and Deca","floor":50,"turns":4},{"damage":11,"enemies":"Shield and Spear","floor":54,"turns":4},{"damage":22,"enemies":"The Heart","floor":55,"turns":7}],"seed_played":"-1854097955547804980","potions_obtained":[{"floor":2,"key":"DistilledChaos"},{"floor":7,"key":"Explosive Potion"},{"floor":10,"key":"LiquidMemories"},{"floor":13,"key":"Fire Potion"},{"floor":14,"key":"ColorlessPotion"},{"floor":30,"key":"FocusPotion"},{"floor":41,"key":"SteroidPotion"},{"floor":42,"key":"AttackPotion"},{"floor":44,"key":"SpeedPotion"},{"floor":46,"key":"SneckoOil"}],"is_trial":false,"path_per_floor":["M","M","?","$","M","R","M","E","T","E","R","?","E","M","R","B",null,"M","?","?","M","?","E","?","M","T","R","E","?","E","M","R","B",null,"M","M","?","?","?","E","?","E","T","M","?","M","R","M","R","B",null,"R","$","E","B",null],"character_chosen":"DEFECT","items_purchased":["Lockon","Kunai","Lantern","Sling","The Bomb","Coolheaded","Ancient Potion","Storm+1"],"campfire_rested":1,"item_purchase_floors":[4,53,53,53,53,53,53,53],"current_hp_per_floor":[68,64,46,46,46,46,38,28,28,20,42,42,42,42,42,27,69,69,69,69,69,69,63,68,69,69,69,83,83,75,83,83,68,83,78,82,83,79,79,55,65,61,66,66,66,63,63,73,73,63,79,79,79,78,56],"gold":272,"neow_bonus":"BOSS_RELIC","is_daily":false,"chose_seed":false,"campfire_upgraded":6,"win_rate":0.0,"timestamp":1613426874,"path_taken":["M","M","?","$","M","R","M","E","T","E","R","?","E","M","R","BOSS","M","?","?","M","?","E","?","?","T","R","E","?","E","M","R","BOSS","M","M","?","?","?","E","?","E","T","M","?","M","R","M","R","BOSS","R","$","E","BOSS"],"items_purchased_type":["Card","Relic","Relic","Relic","Card","Card","Potion","Card"],"build_version":"2020-12-22","purchased_purges":2,"victory":true,"max_hp_per_floor":[75,75,75,75,75,75,75,75,75,75,75,69,69,69,69,69,69,69,69,69,69,69,69,69,69,69,69,83,83,83,83,83,83,83,83,83,83,79,79,79,79,79,79,79,79,79,79,79,79,79,79,79,79,79,79],"card_choices":[{"not_picked":["Steam","Undo"],"picked":"Coolheaded","floor":1},{"not_picked":["Stack","Blizzard"],"picked":"Ball Lightning","floor":2},{"not_picked":["Redo","Ball Lightning"],"picked":"Doom and Gloom","floor":5},{"not_picked":["Sweeping Beam","Go for the Eyes"],"picked":"Glacier","floor":7},{"not_picked":["Stack","Doom and Gloom"],"picked":"Skim","floor":8},{"not_picked":["Redo","BootSequence"],"picked":"Leap","floor":10},{"not_picked":["Rebound","Hyperbeam"],"picked":"Defragment","floor":13},{"not_picked":["Chaos","Consume"],"picked":"Coolheaded","floor":14},{"not_picked":["Multi-Cast","Amplify"],"picked":"Electrodynamics","floor":16},{"not_picked":["Sweeping Beam","Sunder"],"picked":"Capacitor+1","floor":18},{"not_picked":["Ball Lightning+1","Cold Snap+1"],"picked":"Compile Driver","floor":21},{"not_picked":["Blizzard","Sunder"],"picked":"Electrodynamics+1","floor":23},{"not_picked":["Redo","Beam Cell"],"picked":"Turbo+1","floor":25},{"not_picked":["Gash","Steam+1"],"picked":"Chill+1","floor":28},{"not_picked":["Beam Cell","Chaos"],"picked":"Tempest","floor":30},{"not_picked":["Chaos","Redo"],"picked":"Stack","floor":31},{"not_picked":["Amplify","Rainbow"],"picked":"Thunder Strike","floor":33},{"not_picked":["Cold Snap+1","Darkness"],"picked":"Hologram","floor":35},{"not_picked":["Sweeping Beam","Go for the Eyes+1","Barrage"],"picked":"SKIP","floor":36},{"not_picked":["Gash+1","BootSequence"],"picked":"Creative AI+1","floor":40},{"not_picked":["Sunder+1","Cold Snap+1"],"picked":"Conserve Battery","floor":41},{"not_picked":["Conserve Battery+1","Doom and Gloom+1"],"picked":"Defragment+1","floor":42},{"not_picked":["Steam","Stack+1"],"picked":"Defragment+1","floor":44},{"not_picked":["Streamline","Doom and Gloom+1","Turbo"],"picked":"SKIP","floor":46},{"not_picked":["Doom and Gloom","Coolheaded"],"picked":"Static Discharge+1","floor":48},{"not_picked":["Steam","Buffer+1"],"picked":"Capacitor+1","floor":54}],"player_experience":254841,"relics_obtained":[{"floor":8,"key":"Anchor"},{"floor":9,"key":"Nunchaku"},{"floor":10,"key":"Sundial"},{"floor":13,"key":"CeramicFish"},{"floor":23,"key":"Centennial Puzzle"},{"floor":23,"key":"Ancient Tea Set"},{"floor":26,"key":"Juzu Bracelet"},{"floor":28,"key":"Bag of Preparation"},{"floor":28,"key":"Mango"},{"floor":30,"key":"Ginger"},{"floor":30,"key":"Vajra"},{"floor":40,"key":"Oddly Smooth Stone"},{"floor":40,"key":"Orichalcum"},{"floor":41,"key":"Torii"},{"floor":42,"key":"Bag of Marbles"},{"floor":42,"key":"Mummified Hand"},{"floor":54,"key":"Letter Opener"},{"floor":54,"key":"Gremlin Horn"}],"event_choices":[{"damage_healed":0,"gold_gain":0,"player_choice":"Success","damage_taken":18,"relics_obtained":["Happy Flower"],"max_hp_gain":0,"max_hp_loss":0,"event_name":"Scrap Ooze","floor":3,"gold_loss":0},{"damage_healed":0,"gold_gain":0,"player_choice":"Lose Max HP","damage_taken":0,"relics_obtained":["Golden Idol"],"max_hp_gain":0,"max_hp_loss":6,"event_name":"Golden Idol","floor":12,"gold_loss":0},{"damage_healed":0,"gold_gain":0,"player_choice":"Gave Idol","damage_taken":0,"relics_obtained":["Bloody Idol"],"max_hp_gain":0,"max_hp_loss":0,"event_name":"Forgotten Altar","floor":19,"relics_lost":["Golden Idol"],"gold_loss":0},{"damage_healed":0,"gold_gain":0,"player_choice":"Opened","damage_taken":0,"relics_obtained":["Frozen Egg 2"],"max_hp_gain":0,"max_hp_loss":0,"event_name":"The Mausoleum","floor":20,"gold_loss":0,"cards_obtained":["Writhe"]},{"damage_healed":0,"gold_gain":0,"cards_transformed":["Strike_B","Strike_B"],"player_choice":"Became Test Subject","damage_taken":0,"max_hp_gain":0,"max_hp_loss":0,"event_name":"Drug Dealer","floor":22,"gold_loss":0,"cards_obtained":["Cold Snap","Meteor Strike"]},{"damage_healed":0,"gold_gain":100,"player_choice":"Pray","damage_taken":0,"max_hp_gain":0,"max_hp_loss":0,"event_name":"Golden Shrine","floor":24,"gold_loss":0},{"damage_healed":0,"gold_gain":99,"player_choice":"Stole From Cult","damage_taken":0,"max_hp_gain":0,"max_hp_loss":0,"event_name":"Nest","floor":29,"gold_loss":0},{"damage_healed":0,"gold_gain":0,"cards_transformed":["Hello World"],"player_choice":"Transformed","damage_taken":0,"max_hp_gain":0,"max_hp_loss":0,"event_name":"Transmorgrifier","floor":37,"gold_loss":0,"cards_obtained":["Hologram"]},{"damage_healed":0,"gold_gain":0,"player_choice":"Max HP","damage_taken":0,"max_hp_gain":0,"max_hp_loss":4,"event_name":"Winding Halls","floor":38,"gold_loss":0},{"cards_removed":["Thunder Strike"],"damage_healed":0,"gold_gain":0,"player_choice":"Removed Attack","damage_taken":0,"max_hp_gain":0,"max_hp_loss":0,"event_name":"Falling","floor":39,"gold_loss":0},{"damage_healed":0,"gold_gain":0,"player_choice":"Fight","damage_taken":0,"max_hp_gain":0,"max_hp_loss":0,"event_name":"MindBloom","floor":41,"gold_loss":0},{"damage_healed":0,"gold_gain":0,"player_choice":"Forge","damage_taken":0,"max_hp_gain":0,"max_hp_loss":0,"event_name":"Accursed Blacksmith","floor":45,"gold_loss":0,"cards_upgraded":["Hologram"]}],"is_beta":false,"boss_relics":[{"not_picked":["Empty Cage","SlaversCollar"],"picked":"Black Star"},{"not_picked":["Calling Bell","Busted Crown"],"picked":"Astrolabe"}],"items_purged_floors":[4,53],"is_endless":false,"potions_floor_spawned":[2,7,10,13,14,21,30,33,41,42,44,46],"ascension_level":3}}