{"host":"0cnf9zf1gia27zti","time":1613355875,"event":{"mods":["BaseMod","Better Third Choice","BetterRewards","Card Forge","ChefMod","Colored Map","Colored Powertips","Conspire","Downfall","Googly Eyes","Infinite Spire","Minty Spire (QoL Compilation)","Practice Mode","Quick Restart","Replay The Spire","Shade Mod","Spicy Shops","StSLib","The Marked"],"gold_per_floor":[119,15,15,15,33,63,63,74,150,20,47,17,45,62,62,139,139,152,152,162,176,176,176,176,176,201,230,230,63,113,144,144,215,215,259,259,308,308,318,318,318,346,373,373,385,155,183,200,200,200],"floor_reached":51,"language":"ENG","playtime":3038,"items_purged":[],"score":1495,"play_id":"f03cc9b2-643a-40a4-8563-d991443e0890","local_time":"20210215022435","is_ascension_mode":true,"campfire_choices":[{"data":"Alpha","floor":7.0,"key":"SMITH"},{"floor":15.0,"key":"REST"},{"floor":23.0,"key":"REST"},{"data":"Finesse","floor":25.0,"key":"SMITH"},{"floor":28.0,"key":"REST"},{"floor":32.0,"key":"REST"},{"data":"LikeWater","floor":40,"key":"SMITH"},{"floor":44,"key":"REST"},{"data":"LikeWater","floor":49,"key":"SMITH"}],"circlet_count":0,"master_deck":["AscendersBane","Defend_P","Defend_P","Defend_P","Vigilance+1","Master of Strategy+1","Wireheading+1","LikeWater+1","Finesse+1","ClearTheMind","Wireheading","Collect","MentalFortress+1","LikeWater+1","LikeWater+1","Alpha+1","LikeWater+1","SpiritShield+1","MasterReality+1","Wish+1","Finesse+1","Study","ConjureBlade+1","PathToVictory","ClearTheMind+1"],"relics":["PureWater","Hammer of Thor","Seething Fire","Anvil of the Gods","Chemical X","Replay:Baseball","DollysMirror","Membership Card","Tiny Chest","Unceasing Top","ReplayTheSpireMod:TigerMarble","Pear","conspire:Flyswatter","Golden Egg","Simple Rune","Omamori","Vajra","Empty Cage","Sundial","Ancient Tea Set","Blue Doll","TeardropLocket","conspire:TopHat","Sozu","Anchor","Torii","TungstenRod","Damaru","Mummified Hand","Guide Book","infinitespire:FocusingShard"],"acts_visited":["Exordium","TheCity","TheBeyond"],"potions_floor_usage":[50,50],"damage_taken":[{"damage":2.0,"enemies":"Jaw Worm","floor":1.0,"turns":4.0},{"damage":1.0,"enemies":"2 Louse","floor":5.0,"turns":4.0},{"damage":2.0,"enemies":"3 Sentries","floor":6.0,"turns":2.0},{"damage":0.0,"enemies":"Cultist","floor":8.0,"turns":4.0},{"damage":27.0,"enemies":"Gremlin Nob","floor":13.0,"turns":5.0},{"damage":2.0,"enemies":"Exordium Thugs","floor":14.0,"turns":6.0},{"damage":0.0,"enemies":"Fading Forest","floor":16.0,"turns":11.0},{"damage":14.0,"enemies":"3 Byrds","floor":18.0,"turns":5.0},{"damage":15.0,"enemies":"2 Thieves","floor":20.0,"turns":4.0},{"damage":3.0,"enemies":"Centurion and Healer","floor":21.0,"turns":4.0},{"damage":34.0,"enemies":"Book of Stabbing","floor":27.0,"turns":7.0},{"damage":12.0,"enemies":"Slavers","floor":31.0,"turns":5.0},{"damage":20.0,"enemies":"Automaton","floor":33.0,"turns":9.0},{"damage":22.0,"enemies":"3 Darklings","floor":35.0,"turns":5.0},{"damage":0.0,"enemies":"3 Shapes","floor":39.0,"turns":5.0},{"damage":3,"enemies":"R_Hoarder","floor":42,"turns":7},{"damage":9,"enemies":"Maw","floor":45,"turns":6},{"damage":0,"enemies":"Nemesis","floor":47,"turns":7},{"damage":0,"enemies":"Sphere and 2 Shapes","floor":48,"turns":5},{"damage":0,"enemies":"Replay:Hell Engine","floor":50,"turns":7}],"seed_played":"372718141730271953","potions_obtained":[{"floor":5.0,"key":"BlessingOfTheForge"},{"floor":8.0,"key":"hexamod:SoulburnPotion"},{"floor":14.0,"key":"AttackPotion"},{"floor":21.0,"key":"bronze:BurnAndBuffPotion"},{"floor":27.0,"key":"DuplicationPotion"}],"is_trial":false,"path_per_floor":["M","$","?","?","M","E","R","M","T","$","T","$","E","M","R","B",null,"M","?","M","M","?","R","T","R","T","E","R","$","?","E","R","B",null,"M","?","T","T","M","R","?","E","T","R","M","$","E","M","R","B",null],"character_chosen":"WATCHER","items_purchased":["Chemical X","Master of Strategy","Wireheading","Replay:Baseball","LikeWater","DollysMirror","Finesse","Membership Card","ClearTheMind","Wireheading","Collect","Tiny Chest","Unceasing Top","MentalFortress+1","BlessingOfTheForge","LikeWater","ReplayTheSpireMod:TigerMarble","Golden Egg","Omamori","TeardropLocket","Finesse","Mummified Hand","Guide Book","ClearTheMind"],"campfire_rested":5,"item_purchase_floors":[0,0,0,0,0,0,0,0,0,0,0,0,0,0,0,2,2,10,12,29,29,46,46,46],"current_hp_per_floor":[59,59,52,52,51,59,59,59,59,59,59,59,32,30,53,61,74,60,60,45,42,42,65,65,65,65,32,55,55,55,43,66,50,72,50,50,50,50,50,50,50,47,47,70,61,61,61,61,61,61],"gold":200,"neow_bonus":"","is_daily":false,"chose_seed":false,"campfire_upgraded":4,"win_rate":0.0,"timestamp":1613355875,"path_taken":["M","$","?","?","M","E","R","M","T","?","?","$","E","M","R","BOSS","M","?","?","M","?","R","?","R","T","E","R","$","?","E","R","BOSS","M","?","?","?","M","R","?","E","T","R","M","$","E","M","R","BOSS"],"items_purchased_type":["Relic","Card","Card","Relic","Card","Relic","Card","Relic","Card","Card","Card","Relic","Relic","Card","Potion","Card","Relic","Relic","Relic","Relic","Card","Relic","Relic","Card"],"build_version":"2020-12-22","purchased_purges":0,"victory":true,"max_hp_per_floor":[68,68,68,68,68,78,78,78,78,78,78,78,78,78,78,78,78,78,78,78,78,78,78,78,78,78,79,79,79,79,79,79,79,79,79,79,79,79,79,79,79,79,79,79,79,79,79,79,79,79],"card_choices":[{"not_picked":["Replay:Hum","BattleHymn","Consecrate"],"picked":"SKIP","floor":1.0},{"not_picked":["Swivel","Crescendo","FlyingSleeves"],"picked":"SKIP","floor":5.0},{"not_picked":["EmptyBody","Ragnarok"],"picked":"Alpha","floor":6.0},{"not_picked":["EmptyBody","Replay:Anticipation","EmptyFist"],"picked":"SKIP","floor":8.0},{"not_picked":["EmptyBody","Replay:Anticipation","EmptyFist"],"picked":"SKIP","floor":8.0},{"not_picked":["Consecrate","Sanctity"],"picked":"LikeWater","floor":13.0},{"not_picked":["Evaluate","Replay:ManipulateFuture"],"picked":"SpiritShield","floor":14.0},{"not_picked":["Establishment","LessonLearned"],"picked":"MasterReality","floor":16.0},{"not_picked":["EmptyFist","BattleHymn","DeceiveReality"],"picked":"SKIP","floor":18.0},{"not_picked":["SandsOfTime","BowlingBash+1","CutThroughFate"],"picked":"SKIP","floor":20.0},{"not_picked":["Replay:Vibes+1","Pray","SashWhip+1"],"picked":"SKIP","floor":21.0},{"not_picked":["Prostrate","Protect"],"picked":"Wish","floor":27.0},{"not_picked":["Meditate","Collect"],"picked":"Study","floor":31.0},{"not_picked":["Blasphemy","Vault"],"picked":"ConjureBlade","floor":33.0},{"not_picked":["Consecrate","CrushJoints","BowlingBash"],"picked":"SKIP","floor":35.0},{"not_picked":["CrushJoints","Protect+1","ThirdEye"],"picked":"SKIP","floor":39},{"not_picked":["BattleHymn","ClearTheMind"],"picked":"PathToVictory","floor":42},{"not_picked":["Crescendo","Halt","Meditate"],"picked":"SKIP","floor":45},{"not_picked":["Blasphemy","WreathOfFlame","Halt"],"picked":"SKIP","floor":47},{"not_picked":["ThirdEye","CutThroughFate","Halt"],"picked":"SKIP","floor":48}],"player_experience":3821518,"relics_obtained":[{"floor":6.0,"key":"Pear"},{"floor":9.0,"key":"conspire:Flyswatter"},{"floor":11.0,"key":"Simple Rune"},{"floor":13.0,"key":"Vajra"},{"floor":24.0,"key":"Sundial"},{"floor":26.0,"key":"Ancient Tea Set"},{"floor":27.0,"key":"Blue Doll"},{"floor":31.0,"key":"conspire:TopHat"},{"floor":37.0,"key":"Anchor"},{"floor":38.0,"key":"Torii"},{"floor":42,"key":"TungstenRod"},{"floor":43,"key":"Damaru"},{"floor":47,"key":"infinitespire:FocusingShard"}],"event_choices":[{"cards_removed":["Defend_P"],"damage_healed":0.0,"max_hp_gain":0.0,"max_hp_loss":0.0,"gold_gain":0.0,"event_name":"Golden Wing","player_choice":"Card Removal","floor":3.0,"gold_loss":0.0,"damage_taken":7.0},{"damage_healed":0.0,"max_hp_gain":0.0,"max_hp_loss":0.0,"gold_gain":0.0,"event_name":"conspire:LoneGhost","player_choice":"Disagree","floor":4.0,"gold_loss":0.0,"damage_taken":0.0},{"cards_removed":["Strike_P"],"damage_healed":0.0,"max_hp_gain":0.0,"max_hp_loss":0.0,"gold_gain":0.0,"event_name":"Purifier","player_choice":"Purged","floor":19.0,"gold_loss":0.0,"damage_taken":0.0},{"damage_healed":0.0,"max_hp_gain":0.0,"max_hp_loss":0.0,"gold_gain":50.0,"event_name":"betterThird:BetterNest","player_choice":"Steal","floor":30.0,"gold_loss":0.0,"damage_taken":0.0},{"damage_healed":0,"gold_gain":0,"player_choice":"Ignored","damage_taken":0,"max_hp_gain":0,"max_hp_loss":0,"event_name":"Tomb of Lord Red Mask","floor":41,"gold_loss":0}],"is_beta":false,"boss_relics":[{"not_picked":["Abe\u0027s Treasure","Replay:Grab Bag"],"picked":"Empty Cage"},{"not_picked":["Philosopher\u0027s Stone","Replay:Bronze Core"],"picked":"Sozu"}],"items_purged_floors":[],"is_endless":false,"potions_floor_spawned":[5,8,14,21,27,33,35,42,45],"ascension_level":15}}