{"host":"yqw1zpryoutrnocq","time":1613419697,"event":{"mods":["2.2 Compatiblity","AchievementEnabler","BaseMod","Colored Map","Custom Start","DeckTracker","Minty Spire (QoL Compilation)","StSLib","SuperFastMode"],"gold_per_floor":[117,117,132,7,7,7,42,42,91,113,113,153,180,208,208,321,402,426,25,53,80,80,80],"floor_reached":22,"language":"KOR","playtime":643,"items_purged":["Regret","Berserk"],"score":304,"play_id":"cfa49f84-3788-45e2-85d1-a2faf8b0b7a9","local_time":"20210215140817","is_ascension_mode":true,"campfire_choices":[{"data":"Bash","floor":6,"key":"SMITH"},{"data":"Inflame","floor":8,"key":"SMITH"},{"floor":15,"key":"REST"}],"circlet_count":0,"master_deck":["AscendersBane","Bash+1","Inflame+1","Fire Breathing","Heavy Blade+1","Twin Strike","Shrug It Off","Shrug It Off","Thunderclap","Intimidate","Immolate","Dual Wield","Armaments","Second Wind","Searing Blow","Armaments","Cleave","Thunderclap","Headbutt","Disarm+1","Heavy Blade+1","Shrug It Off+1"],"relics":["Burning Blood","Gambling Chip","War Paint","CeramicFish","Ancient Tea Set","Pandora\u0027s Box","OrangePellets","Red Skull"],"acts_visited":["Exordium","TheCity"],"potions_floor_usage":[12,12,16,16,21],"damage_taken":[{"damage":15,"enemies":"2 Louse","floor":1,"turns":3},{"damage":3,"enemies":"Small Slimes","floor":3,"turns":4},{"damage":18,"enemies":"Gremlin Nob","floor":7,"turns":4},{"damage":4,"enemies":"Jaw Worm","floor":10,"turns":2},{"damage":20,"enemies":"3 Sentries","floor":12,"turns":6},{"damage":30,"enemies":"Gremlin Gang","floor":13,"turns":6},{"damage":0,"enemies":"Exordium Wildlife","floor":14,"turns":3},{"damage":24,"enemies":"Hexaghost","floor":16,"turns":6},{"damage":43,"enemies":"Spheric Guardian","floor":18,"turns":6},{"damage":28,"enemies":"2 Thieves","floor":20,"turns":5},{"damage":4,"enemies":"Snake Plant","floor":21,"turns":5},{"damage":17,"enemies":"Chosen and Byrds","floor":22,"turns":4}],"seed_played":"-590383989463416439","potions_obtained":[{"floor":1,"key":"Dexterity Potion"},{"floor":3,"key":"Strength Potion"},{"floor":13,"key":"LiquidBronze"},{"floor":14,"key":"AttackPotion"},{"floor":18,"key":"Explosive Potion"},{"floor":20,"key":"AttackPotion"}],"is_trial":false,"path_per_floor":["M","?","M","$","?","R","E","R","T","M","?","E","M","M","R","B",null,"M","$","M","M","M"],"character_chosen":"IRONCLAD","items_purchased":["Heavy Blade","OrangePellets","Red Skull"],"campfire_rested":1,"item_purchase_floors":[4,19,19],"current_hp_per_floor":[63,47,50,50,50,50,38,38,38,40,45,31,7,13,38,20,69,32,32,10,12,0,0],"gold":80,"neow_bonus":"ONE_RARE_RELIC","is_daily":false,"chose_seed":false,"campfire_upgraded":2,"win_rate":0.0,"timestamp":1613419697,"path_taken":["M","?","M","$","?","R","E","R","T","M","?","E","M","?","R","BOSS","M","$","M","M","?"],"items_purchased_type":["Card","Relic","Relic"],"build_version":"2020-12-22","purchased_purges":2,"victory":false,"max_hp_per_floor":[80,80,80,80,80,80,80,80,80,80,85,85,85,85,85,85,85,85,85,85,85,85,85],"card_choices":[{"not_picked":["Searing Blow","Warcry"],"picked":"Inflame","floor":1},{"not_picked":["Anger","Rage"],"picked":"Fire Breathing","floor":3},{"not_picked":["Clash","Infernal Blade"],"picked":"Twin Strike","floor":7},{"not_picked":["Metallicize","Fire Breathing"],"picked":"Shrug It Off","floor":10},{"not_picked":["Infernal Blade","Clash"],"picked":"Shrug It Off","floor":12},{"not_picked":["Dark Embrace","Dual Wield"],"picked":"Thunderclap","floor":13},{"not_picked":["Headbutt","Shrug It Off","Intimidate"],"picked":"SKIP","floor":14},{"not_picked":["Headbutt","Shrug It Off"],"picked":"Intimidate","floor":14},{"not_picked":["Brutality","Berserk"],"picked":"Immolate","floor":16},{"not_picked":["True Grit+1","Inflame"],"picked":"Disarm+1","floor":18},{"not_picked":["Perfected Strike","Carnage"],"picked":"Heavy Blade+1","floor":20},{"not_picked":["Perfected Strike","Clothesline"],"picked":"Shrug It Off+1","floor":21}],"player_experience":337234,"relics_obtained":[{"floor":7,"key":"War Paint"},{"floor":9,"key":"CeramicFish"},{"floor":12,"key":"Ancient Tea Set"}],"event_choices":[{"damage_healed":0,"gold_gain":0,"player_choice":"Entered Light","damage_taken":16,"max_hp_gain":0,"max_hp_loss":0,"event_name":"Shining Light","floor":2,"gold_loss":0,"cards_upgraded":["Defend_R","Defend_R"]},{"damage_healed":0,"gold_gain":0,"player_choice":"Grow","damage_taken":0,"max_hp_gain":0,"max_hp_loss":0,"event_name":"Living Wall","floor":5,"gold_loss":0,"cards_upgraded":["Heavy Blade"]},{"damage_healed":0,"gold_gain":0,"player_choice":"Donut","damage_taken":0,"max_hp_gain":5,"max_hp_loss":0,"event_name":"Big Fish","floor":11,"gold_loss":0}],"is_beta":false,"boss_relics":[{"not_picked":["Velvet Choker","Runic Dome"],"picked":"Pandora\u0027s Box"}],"items_purged_floors":[4,19],"is_endless":false,"potions_floor_spawned":[1,3,13,14,18,20],"killed_by":"Chosen and Byrds","ascension_level":11}}