{"host":"5ezk7t18wcb10u1o","time":1613403764,"event":{"mods":["BaseMod","Bestiary","Colored Powertips","Minty Spire (QoL Compilation)","Relic Sorter"],"gold_per_floor":[114,124,175,195,32,32,49,64,64,84,84,110,110,129,129,203,203,214,226,37,54,54,54,64,80,80,130,130,157,157,157,157,157,157],"floor_reached":33,"language":"ENG","playtime":1707,"items_purged":["Defend_B"],"score":663,"play_id":"ee4e30c0-3c5f-4bbb-b044-619b581b780b","local_time":"20210215154244","is_ascension_mode":true,"campfire_choices":[{"data":"Reinforced Body","floor":6.0,"key":"SMITH"},{"data":"Dualcast","floor":11.0,"key":"SMITH"},{"data":"Zap","floor":13.0,"key":"SMITH"},{"data":"Sunder","floor":15.0,"key":"SMITH"},{"floor":23.0,"key":"REST"},{"floor":28.0,"key":"REST"},{"data":"Go for the Eyes","floor":30.0,"key":"SMITH"},{"data":"Reinforced Body","floor":32.0,"key":"SMITH"}],"circlet_count":0,"master_deck":["AscendersBane","Defend_B","Defend_B","Zap+1","Dualcast+1","Beam Cell","Reinforced Body+1","Sunder+1","Undo","Doom and Gloom","Core Surge","Reinforced Body+1","Self Repair","Reboot","Go for the Eyes","Ball Lightning+1","Undo+1","Self Repair","Go for the Eyes+1","Melter","Bite","Bite","Bite","Bite","Bite"],"relics":["Cracked Core","Bag of Preparation","Orichalcum","Bronze Scales","The Courier","Calipers","Empty Cage","Chemical X","Gremlin Horn"],"acts_visited":["Exordium","TheCity"],"potions_floor_usage":[],"damage_taken":[{"damage":1.0,"enemies":"Cultist","floor":1.0,"turns":3.0},{"damage":2.0,"enemies":"Jaw Worm","floor":2.0,"turns":2.0},{"damage":0.0,"enemies":"2 Louse","floor":4.0,"turns":2.0},{"damage":2.0,"enemies":"Looter","floor":7.0,"turns":2.0},{"damage":0.0,"enemies":"3 Louse","floor":8.0,"turns":2.0},{"damage":12.0,"enemies":"Large Slime","floor":10.0,"turns":4.0},{"damage":1.0,"enemies":"3 Sentries","floor":12.0,"turns":5.0},{"damage":0.0,"enemies":"Gremlin Gang","floor":14.0,"turns":2.0},{"damage":0.0,"enemies":"Slime Boss","floor":16.0,"turns":9.0},{"damage":21.0,"enemies":"2 Thieves","floor":18.0,"turns":4.0},{"damage":18.0,"enemies":"Chosen","floor":19.0,"turns":5.0},{"damage":17.0,"enemies":"Shelled Parasite and Fungi","floor":21.0,"turns":4.0},{"damage":14.0,"enemies":"Centurion and Healer","floor":24.0,"turns":3.0},{"damage":0.0,"enemies":"Snake Plant","floor":25.0,"turns":3.0},{"damage":25.0,"enemies":"Book of Stabbing","floor":29.0,"turns":5.0},{"damage":75,"enemies":"Automaton","floor":33,"turns":6}],"seed_played":"-49643860126995413","potions_obtained":[{"floor":7.0,"key":"EssenceOfDarkness"},{"floor":10.0,"key":"Fire Potion"},{"floor":16.0,"key":"Strength Potion"},{"floor":18.0,"key":"Regen Potion"},{"floor":24.0,"key":"SpeedPotion"}],"is_trial":false,"path_per_floor":["M","M","T","M","$","R","M","M","T","M","R","E","R","M","R","B",null,"M","M","$","M","?","R","M","M","T","?","R","E","R","?","R","B"],"character_chosen":"DEFECT","items_purchased":["Bronze Scales","Chemical X"],"campfire_rested":2,"item_purchase_floors":[5,20],"current_hp_per_floor":[63,61,61,61,61,61,59,59,59,47,47,46,46,46,46,53,67,53,57,57,40,40,61,47,47,47,47,68,59,59,59,59,0,0],"gold":157,"neow_bonus":"RANDOM_COMMON_RELIC","is_daily":false,"chose_seed":false,"campfire_upgraded":6,"win_rate":0.0,"timestamp":1613403764,"path_taken":["M","M","?","M","$","R","M","M","T","M","R","E","R","M","R","BOSS","M","M","$","M","?","R","M","M","T","?","R","E","R","?","R","BOSS"],"items_purchased_type":["Relic","Relic"],"build_version":"2020-12-22","purchased_purges":1,"victory":false,"max_hp_per_floor":[71,71,71,71,71,71,71,71,71,71,71,71,71,71,71,71,71,71,71,71,71,71,71,71,71,71,71,71,71,71,71,71,71,71],"card_choices":[{"not_picked":["Rebound","Ball Lightning"],"picked":"Beam Cell","floor":1.0},{"not_picked":["Rip and Tear","Darkness"],"picked":"Reinforced Body","floor":2.0},{"not_picked":["Compile Driver","Heatsinks"],"picked":"Sunder","floor":4.0},{"not_picked":["Compile Driver","Turbo"],"picked":"Undo","floor":7.0},{"not_picked":["Streamline","Hello World"],"picked":"Doom and Gloom","floor":8.0},{"not_picked":["Lockon","Streamline"],"picked":"Core Surge","floor":10.0},{"not_picked":["Machine Learning","Redo"],"picked":"Reinforced Body","floor":12.0},{"not_picked":["Turbo","Recycle"],"picked":"Self Repair","floor":14.0},{"not_picked":["Rainbow","Thunder Strike"],"picked":"Reboot","floor":16.0},{"not_picked":["Beam Cell","Cold Snap"],"picked":"Go for the Eyes","floor":18.0},{"not_picked":["Stack","Darkness"],"picked":"Ball Lightning+1","floor":19.0},{"not_picked":["Compile Driver","White Noise"],"picked":"Undo+1","floor":21.0},{"not_picked":["Barrage","Redo"],"picked":"Self Repair","floor":24.0},{"not_picked":["Beam Cell","Glacier"],"picked":"Go for the Eyes","floor":25.0},{"not_picked":["Rainbow","Compile Driver"],"picked":"Melter","floor":29.0}],"player_experience":1221075,"relics_obtained":[{"floor":3.0,"key":"Orichalcum"},{"floor":9.0,"key":"The Courier"},{"floor":12.0,"key":"Calipers"},{"floor":26.0,"key":"Blood Vial"},{"floor":29.0,"key":"Gremlin Horn"}],"event_choices":[{"damage_healed":0.0,"max_hp_gain":0.0,"max_hp_loss":0.0,"gold_gain":0.0,"event_name":"Cursed Tome","player_choice":"Ignored","floor":22.0,"gold_loss":0.0,"damage_taken":0.0},{"damage_healed":0.0,"max_hp_gain":0.0,"max_hp_loss":0.0,"gold_gain":50.0,"event_name":"Nest","player_choice":"Stole From Cult","floor":27.0,"gold_loss":0.0,"damage_taken":0.0},{"damage_healed":0.0,"max_hp_gain":0.0,"max_hp_loss":0.0,"gold_gain":0.0,"event_name":"Vampires","player_choice":"Became a vampire (Vial)","floor":31.0,"relics_lost":["Blood Vial"],"gold_loss":0.0,"damage_taken":0.0,"cards_obtained":["Bite","Bite","Bite","Bite","Bite"]}],"is_beta":false,"boss_relics":[{"not_picked":["Sozu","Runic Pyramid"],"picked":"Empty Cage"}],"items_purged_floors":[20],"is_endless":false,"potions_floor_spawned":[7,10,14,16,18,24],"killed_by":"Automaton","ascension_level":20}}