{"host":"pgm1p3lvdjflie30","time":1613414040,"event":{"mods":["ATMod(阿瑾Mod)","AchievementEnabler","Act Like it!","Alarm Clock","Aspiration","BaseMod","Better-Laid Plans","Bossed Relics","Challenge The Spire","Colored Map","Colored Powertips","Conspire","Dark Map","Downfall","Energized Spire","Gensokyo","GungeonMod","Hallownest","Hermit","HornydragonMod","Jedi Mod","Minty Spire (QoL Compilation)","MostiFishMod","Pale of the Ancients","Permanent Neow","Quarter Circle Forward PUNCH!","Quick Restart","Reimu（博???）","Relic Stats","Reliquary","Replay The Spire","Robot Space Explorer","Spicy Shops","StSLib","TestMod","The Blackbeard","The Bug Knight","The Cursed","The Hayseed","The IronCluck","The Jungle","The Marked","The Runesmith","Waifu the Spire","Yakumo Yukari mod","【功能Mod】混沌之?修复?丁","【?物卡牌】REMEMod","篝火指南"],"gold_per_floor":[111,57,74,89,101,126,139,164,164],"floor_reached":8,"language":"ZHS","playtime":512,"items_purged":[],"score":167,"play_id":"ecafdc86-02c8-4196-a6c0-0aa962337745","local_time":"20210216023400","is_ascension_mode":true,"campfire_choices":[],"circlet_count":0,"master_deck":["Strike_B","Strike_B","Strike_B","Strike_B","Defend_B","Defend_B","Defend_B","Defend_B","Zap","Dualcast","BattleHymn","AT_OneInchPunch","Turbo","Turbo","ReplayRNGCard"],"relics":["Cracked Core","AT_ATBox","DaveBox","testmod-TestBox","REME_ComplimentaryCards","testmod-Hope","SacredBark","Dream Catcher","DemoMod:GlassGuonStoneRelic","SynthV:TestCard","Runesmith:Nanobots","REME_HandOfSuture"],"acts_visited":["Exordium"],"potions_floor_usage":[],"damage_taken":[{"damage":0,"enemies":"Small Slimes","floor":1,"turns":1},{"damage":0,"enemies":"2 Louse","floor":3,"turns":1},{"damage":0,"enemies":"conspire:RoseBush","floor":4,"turns":1},{"damage":0,"enemies":"Looter","floor":5,"turns":1},{"damage":0,"enemies":"Gremlin Nob","floor":6,"turns":1},{"damage":0,"enemies":"3 Louse","floor":7,"turns":1},{"damage":0,"enemies":"HollowMod:MossKnight","floor":8,"turns":1}],"seed_played":"7887986691199346695","potions_obtained":[{"floor":1,"key":"MagicPotion:ReiMu"},{"floor":6,"key":"Toxic Potion"},{"floor":7,"key":"Fire Potion"}],"is_trial":false,"path_per_floor":["M","$","M","M","M","E","M","E"],"character_chosen":"DEFECT","items_purchased":["Turbo"],"campfire_rested":0,"item_purchase_floors":[2],"current_hp_per_floor":[75,75,75,75,75,75,75,75,75],"gold":164,"neow_bonus":"RANDOM_COMMON_RELIC","is_daily":false,"chose_seed":false,"campfire_upgraded":0,"win_rate":0.0,"timestamp":1613414040,"path_taken":["M","$","M","M","M","E","M","E"],"items_purchased_type":["Card"],"build_version":"2020-12-22","purchased_purges":0,"victory":false,"max_hp_per_floor":[75,75,75,75,75,75,75,75,75],"relic_stats":{"Dream Catcher":0,"counters":[7,7],"obtain_stats":[{"Dream Catcher":0,"Runesmith:Nanobots":6,"AT_ATBox":0,"testmod-TestBox":0,"SynthV:TestCard":1,"DaveBox":0,"SacredBark":0,"testmod-Hope":0,"DemoMod:GlassGuonStoneRelic":1,"REME_HandOfSuture":8,"Cracked Core":0,"REME_ComplimentaryCards":0},{"Dream Catcher":0,"Runesmith:Nanobots":5,"AT_ATBox":0,"testmod-TestBox":0,"SynthV:TestCard":1,"DaveBox":0,"SacredBark":0,"testmod-Hope":0,"DemoMod:GlassGuonStoneRelic":1,"REME_HandOfSuture":7,"Cracked Core":0,"REME_ComplimentaryCards":0},{"Dream Catcher":0,"Runesmith:Nanobots":5,"AT_ATBox":0,"testmod-TestBox":0,"SynthV:TestCard":1,"DaveBox":0,"SacredBark":0,"testmod-Hope":0,"DemoMod:GlassGuonStoneRelic":1,"REME_HandOfSuture":7,"Cracked Core":0,"REME_ComplimentaryCards":0}]},"card_choices":[{"not_picked":["Reprogram","REME_Compress"],"picked":"Turbo","floor":1},{"not_picked":["Streamline","REME_Whirling","AT_WarpDrive","Cold Snap","Panic Button"],"picked":"SKIP","floor":3},{"not_picked":["Ball Lightning","Panic Button","AT_DarkMatter","Redo"],"picked":"ReplayRNGCard","floor":4},{"not_picked":["Panic Button","Stack","Beam Cell","Loop","jedi:BurstLightning"],"picked":"SKIP","floor":5},{"not_picked":["REME_DataAnalysis","White Noise","Doom and Gloom","Ball Lightning","ReplayTheSpireMod:Reroute Power"],"picked":"SKIP","floor":6},{"not_picked":["Consume","Compile Driver","Leap","Ball Lightning","Redo"],"picked":"SKIP","floor":7}],"player_experience":563821,"relics_obtained":[{"floor":1,"key":"SynthV:TestCard"},{"floor":6,"key":"Runesmith:Nanobots"},{"floor":8,"key":"REME_HandOfSuture"}],"event_choices":[],"is_beta":false,"boss_relics":[],"items_purged_floors":[],"is_endless":false,"potions_floor_spawned":[1,6,7,8],"killed_by":"HollowMod:MossKnight","ascension_level":3}}