{"host":"r4aerl4ckfvw1dw3","time":1613428030,"event":{"mods":["BaseMod","BetterRewards","Minty Spire (QoL Compilation)","Quick Restart","StSLib"],"gold_per_floor":[210,220,230,240,257,257,288,288,368,368,403,417,417,447,447,551,551,566,39,138,158,174,174,189,189,241,271,271,290,290,324,324,324,324],"floor_reached":33,"language":"ENG","playtime":1889,"items_purged":["Strike_B"],"score":368,"play_id":"56aae1b1-e4a5-48d3-a082-441ebb9e3a04","local_time":"20210215142710","is_ascension_mode":true,"campfire_choices":[{"data":"Zap","floor":6,"key":"SMITH"},{"floor":8,"key":"REST"},{"data":"Dualcast","floor":10,"key":"SMITH"},{"floor":13,"key":"REST"},{"data":"Go for the Eyes","floor":15,"key":"SMITH"},{"data":"Seek","floor":23,"key":"SMITH"},{"floor":25,"key":"REST"},{"floor":28,"key":"REST"},{"floor":32,"key":"REST"}],"circlet_count":0,"master_deck":["Strike_B","Strike_B","Strike_B","Defend_B","Defend_B","Defend_B","Defend_B","Zap+1","Dualcast+1","Steam","Glacier","Gash","Genetic Algorithm","Genetic Algorithm","Coolheaded","Go for the Eyes+1","Chill","Seek+1","Ball Lightning","Ball Lightning","Turbo","Hologram+1","Shame","Seek","Loop+1"],"relics":["Cracked Core","Pocketwatch","HornCleat","Juzu Bracelet","Cursed Key","Medical Kit","Blood Vial","Orichalcum","Omamori","Ancient Tea Set","Frozen Egg 2"],"acts_visited":["Exordium","TheCity"],"potions_floor_usage":[11,14,14,27,31,31,33],"damage_taken":[{"damage":6,"enemies":"Cultist","floor":1,"turns":4},{"damage":7,"enemies":"2 Louse","floor":2,"turns":3},{"damage":0,"enemies":"Small Slimes","floor":3,"turns":3},{"damage":10,"enemies":"3 Louse","floor":4,"turns":4},{"damage":7,"enemies":"Large Slime","floor":5,"turns":8},{"damage":13,"enemies":"3 Sentries","floor":7,"turns":11},{"damage":9,"enemies":"Gremlin Nob","floor":11,"turns":4},{"damage":16,"enemies":"Gremlin Gang","floor":12,"turns":6},{"damage":2,"enemies":"Lagavulin","floor":14,"turns":7},{"damage":10,"enemies":"The Guardian","floor":16,"turns":15},{"damage":16,"enemies":"Shell Parasite","floor":18,"turns":9},{"damage":3,"enemies":"Spheric Guardian","floor":21,"turns":6},{"damage":0,"enemies":"Centurion and Healer","floor":22,"turns":9},{"damage":15,"enemies":"Chosen and Byrds","floor":24,"turns":7},{"damage":64,"enemies":"Gremlin Leader","floor":27,"turns":10},{"damage":0,"enemies":"Snecko","floor":29,"turns":4},{"damage":24,"enemies":"Slavers","floor":31,"turns":10},{"damage":36,"enemies":"Automaton","floor":33,"turns":10}],"seed_played":"-7983955208013075219","potions_obtained":[{"floor":2,"key":"FocusPotion"},{"floor":7,"key":"Weak Potion"},{"floor":11,"key":"SteroidPotion"},{"floor":12,"key":"Regen Potion"},{"floor":14,"key":"Ancient Potion"},{"floor":21,"key":"AttackPotion"},{"floor":22,"key":"Ancient Potion"},{"floor":31,"key":"LiquidBronze"}],"is_trial":false,"path_per_floor":["M","M","M","M","M","R","E","R","T","R","E","M","R","E","R","B",null,"M","$","?","M","M","R","M","R","T","E","R","M","?","E","R","B"],"character_chosen":"DEFECT","items_purchased":["Medical Kit","Blood Vial","Orichalcum"],"campfire_rested":5,"item_purchase_floors":[19,19,19],"current_hp_per_floor":[69,62,62,52,45,45,32,54,54,54,45,29,51,64,64,54,75,59,59,59,58,60,60,47,69,69,7,29,31,31,9,31,0,0],"gold":324,"neow_bonus":"HUNDRED_GOLD","is_daily":false,"chose_seed":false,"campfire_upgraded":4,"win_rate":0.0,"timestamp":1613428030,"path_taken":["M","?","M","M","?","R","E","R","T","R","E","M","R","E","R","BOSS","M","$","?","M","M","R","M","R","T","E","R","M","?","E","R","BOSS"],"items_purchased_type":["Relic","Relic","Relic"],"build_version":"2020-12-22","purchased_purges":1,"victory":false,"max_hp_per_floor":[75,75,75,75,75,75,75,75,75,75,75,75,75,75,75,75,75,75,75,75,75,75,75,75,75,75,75,75,75,75,75,75,75,75],"card_choices":[{"not_picked":["Rebound","FTL"],"picked":"Steam","floor":1},{"not_picked":["Redo","Compile Driver"],"picked":"Glacier","floor":2},{"not_picked":["Aggregate","Turbo"],"picked":"Gash","floor":3},{"not_picked":["Turbo","Biased Cognition"],"picked":"Genetic Algorithm","floor":4},{"not_picked":["Barrage","Force Field"],"picked":"Genetic Algorithm","floor":5},{"not_picked":["Thunder Strike","Glacier","Barrage"],"picked":"SKIP","floor":7},{"not_picked":["Steam","Scrape"],"picked":"Coolheaded","floor":11},{"not_picked":["Coolheaded","Rebound"],"picked":"Go for the Eyes","floor":12},{"not_picked":["Darkness","Reprogram"],"picked":"Chill","floor":14},{"not_picked":["Meteor Strike","Thunder Strike"],"picked":"Seek","floor":16},{"not_picked":["Compile Driver","Conserve Battery+1"],"picked":"Ball Lightning","floor":18},{"not_picked":["Compile Driver","Go for the Eyes"],"picked":"Ball Lightning","floor":21},{"not_picked":["Rebound","Conserve Battery"],"picked":"Turbo","floor":22},{"not_picked":["Melter","Steam"],"picked":"Hologram+1","floor":24},{"not_picked":["Fusion+1","Rebound+1"],"picked":"Seek","floor":27},{"not_picked":["Compile Driver","Go for the Eyes+1","Tempest"],"picked":"SKIP","floor":29},{"not_picked":["Machine Learning+1","Tempest"],"picked":"Loop+1","floor":31}],"player_experience":598677,"relics_obtained":[{"floor":7,"key":"Pocketwatch"},{"floor":9,"key":"HornCleat"},{"floor":14,"key":"Juzu Bracelet"},{"floor":26,"key":"Omamori"},{"floor":27,"key":"Ancient Tea Set"},{"floor":31,"key":"Frozen Egg 2"}],"event_choices":[{"damage_healed":0,"gold_gain":99,"player_choice":"Stole From Cult","damage_taken":0,"max_hp_gain":0,"max_hp_loss":0,"event_name":"Nest","floor":20,"gold_loss":0},{"damage_healed":0,"gold_gain":0,"player_choice":"Ignored","damage_taken":0,"max_hp_gain":0,"max_hp_loss":0,"event_name":"Vampires","floor":30,"gold_loss":0}],"is_beta":false,"boss_relics":[{"not_picked":["Runic Pyramid","Coffee Dripper"],"picked":"Cursed Key"}],"items_purged_floors":[19],"is_endless":false,"potions_floor_spawned":[2,7,11,12,14,21,22,31],"killed_by":"Automaton","ascension_level":4}}