{"host":"rc0y5s0pznrxft0n","time":1613412796,"event":{"mods":["BaseMod","Hermit","Minty Spire (QoL Compilation)","StSLib"],"gold_per_floor":[114,136,158,181,37,37,77,77,145,167,200,200,215,215,215,335,335,358,358,42,42,65,65,65],"floor_reached":23,"language":"ENG","playtime":1097,"items_purged":[],"score":271,"play_id":"da175bc0-ea5f-41a6-b340-0aab0151e015","local_time":"20210215131316","is_ascension_mode":true,"campfire_choices":[{"data":"hermit:Vantage","floor":6,"key":"SMITH"},{"data":"hermit:Snapshot","floor":8,"key":"SMITH"},{"data":"hermit:Dissolve","floor":15,"key":"SMITH"}],"circlet_count":0,"master_deck":["hermit:Strike_Hermit","hermit:Strike_Hermit","hermit:Strike_Hermit","hermit:Strike_Hermit","hermit:Defend_Hermit","hermit:Defend_Hermit+1","hermit:Defend_Hermit","hermit:Defend_Hermit","hermit:Snapshot+1","hermit:Covet+1","Finesse","hermit:Scavenge","hermit:Ricochet","hermit:Vantage+1","hermit:Snipe","hermit:CursedWeapon","hermit:Dissolve+1","Parasite","hermit:TrackingShot","hermit:Roughhouse","hermit:ShadowCloak","hermit:Glare","hermit:BigShot"],"relics":["hermit:Momento","PreservedInsect","hermit:CharredGlove","Shuriken","War Paint","Golden Idol","Fusion Hammer","Gremlin Horn"],"acts_visited":["Exordium","TheCity"],"potions_floor_usage":[3,7,16,18],"damage_taken":[{"damage":1,"enemies":"Cultist","floor":1,"turns":3},{"damage":3,"enemies":"2 Louse","floor":2,"turns":3},{"damage":0,"enemies":"Small Slimes","floor":3,"turns":2},{"damage":2,"enemies":"Looter","floor":4,"turns":3},{"damage":6,"enemies":"Lagavulin","floor":7,"turns":4},{"damage":6,"enemies":"Exordium Thugs","floor":10,"turns":4},{"damage":2,"enemies":"Gremlin Nob","floor":11,"turns":2},{"damage":2,"enemies":"2 Fungi Beasts","floor":13,"turns":4},{"damage":30,"enemies":"Hexaghost","floor":16,"turns":9},{"damage":11,"enemies":"2 Thieves","floor":18,"turns":3},{"damage":8,"enemies":"Shell Parasite","floor":22,"turns":4},{"damage":48,"enemies":"Slavers","floor":23,"turns":4}],"seed_played":"-5469608391561449799","potions_obtained":[{"floor":2,"key":"Block Potion"},{"floor":3,"key":"Weak Potion"},{"floor":10,"key":"LiquidBronze"},{"floor":16,"key":"Fire Potion"}],"is_trial":false,"path_per_floor":["M","M","M","M","$","R","E","R","T","M","E","?","M","?","R","B",null,"M","?","$","?","M","E"],"character_chosen":"HERMIT","items_purchased":["PreservedInsect","hermit:BigShot","Gremlin Horn"],"campfire_rested":0,"item_purchase_floors":[5,20,20],"current_hp_per_floor":[74,71,71,69,69,69,63,63,63,57,55,73,71,69,69,39,69,58,58,58,52,44,0,0],"gold":65,"neow_bonus":"RANDOM_COLORLESS","is_daily":false,"chose_seed":false,"campfire_upgraded":3,"win_rate":0.0,"timestamp":1613412796,"path_taken":["M","M","?","M","$","R","E","R","T","M","E","?","M","?","R","BOSS","M","?","$","?","M","E"],"items_purchased_type":["Relic","Card","Relic"],"build_version":"2020-12-22","purchased_purges":0,"victory":false,"max_hp_per_floor":[75,75,75,75,75,75,75,75,75,75,75,75,75,69,69,69,69,69,69,69,69,69,69,69],"card_choices":[{"not_picked":["Purity","Forethought"],"picked":"Finesse","floor":0},{"not_picked":["hermit:Feint","hermit:Ricochet"],"picked":"hermit:Scavenge","floor":1},{"not_picked":["hermit:HoleUp","hermit:DeadMansHand"],"picked":"hermit:Ricochet","floor":2},{"not_picked":["hermit:FullyLoaded","hermit:Feint"],"picked":"hermit:Vantage","floor":3},{"not_picked":["hermit:Headshot","hermit:Virtue","hermit:Cheat"],"picked":"SKIP","floor":4},{"not_picked":["hermit:Brawl","hermit:Quickdraw"],"picked":"hermit:Snipe","floor":7},{"not_picked":["hermit:Showdown","hermit:ShadowCloak"],"picked":"hermit:CursedWeapon","floor":10},{"not_picked":["hermit:Headshot","hermit:HoleUp"],"picked":"hermit:Dissolve","floor":11},{"not_picked":["hermit:Dive","hermit:SprayPray"],"picked":"hermit:TrackingShot","floor":13},{"not_picked":["hermit:FatalDesire","hermit:Magnum"],"picked":"hermit:Roughhouse","floor":16},{"not_picked":["hermit:Manifest","hermit:GhostlyPresence+1"],"picked":"hermit:ShadowCloak","floor":18},{"not_picked":["hermit:Malice","hermit:WideOpen+1","hermit:Misfire"],"picked":"SKIP","floor":22}],"player_experience":726136,"relics_obtained":[{"floor":7,"key":"hermit:CharredGlove"},{"floor":9,"key":"Shuriken"},{"floor":11,"key":"War Paint"}],"event_choices":[{"damage_healed":18,"gold_gain":0,"player_choice":"Healed and dodged fight","damage_taken":0,"max_hp_gain":0,"max_hp_loss":0,"event_name":"Mushrooms","floor":12,"gold_loss":0,"cards_obtained":["Parasite"]},{"damage_healed":0,"gold_gain":0,"player_choice":"Lose Max HP","damage_taken":0,"relics_obtained":["Golden Idol"],"max_hp_gain":0,"max_hp_loss":6,"event_name":"Golden Idol","floor":14,"gold_loss":0},{"damage_healed":0,"gold_gain":0,"player_choice":"Read","damage_taken":0,"max_hp_gain":0,"max_hp_loss":0,"event_name":"The Library","floor":19,"gold_loss":0,"cards_obtained":["hermit:Glare"]},{"damage_healed":0,"gold_gain":0,"player_choice":"Damaged","damage_taken":6,"max_hp_gain":0,"max_hp_loss":0,"event_name":"Wheel of Change","floor":21,"gold_loss":0}],"is_beta":false,"boss_relics":[{"not_picked":["Ectoplasm","SacredBark"],"picked":"Fusion Hammer"}],"items_purged_floors":[],"is_endless":false,"potions_floor_spawned":[2,3,10,16],"killed_by":"Slavers","ascension_level":4}}