{"host":"bq4pt811tk9yrmjl","time":1613414730,"event":{"mods":["AchievementEnabler","BaseMod","Colored Map","Colored Powertips","Defuse TimeMaze Blight","Hermit","Minty Spire (QoL Compilation)","Smile Girya","StSLib","SuperFastMode"],"gold_per_floor":[119,119,119,119,119,119,152,152,152,192,210,230,244,275,275,275,275],"floor_reached":16,"language":"ENG","playtime":238,"items_purged":[],"score":166,"play_id":"df207a96-92e8-40e4-92ec-8e6d9f11f309","local_time":"20210215164530","is_ascension_mode":true,"campfire_choices":[{"data":"Bash","floor":6,"key":"SMITH"},{"data":"Armaments","floor":8,"key":"SMITH"},{"data":"Anger","floor":15,"key":"SMITH"}],"circlet_count":0,"master_deck":["Strike_R","Strike_R","Strike_R+1","Strike_R","Strike_R","Defend_R","Defend_R","Defend_R+1","Defend_R","Bash+1","Armaments+1","Disarm","Anger+1","Inflame"],"relics":["Burning Blood","NeowsBlessing","Sundial","Golden Idol","HornCleat","Art of War","Odd Mushroom"],"acts_visited":["Exordium"],"potions_floor_usage":[13,13,14],"damage_taken":[{"damage":0,"enemies":"Small Slimes","floor":1,"turns":1},{"damage":0,"enemies":"3 Sentries","floor":7,"turns":2},{"damage":0,"enemies":"Lagavulin","floor":10,"turns":1},{"damage":7,"enemies":"2 Louse","floor":11,"turns":4},{"damage":9,"enemies":"Jaw Worm","floor":12,"turns":4},{"damage":2,"enemies":"Exordium Thugs","floor":13,"turns":5},{"damage":2,"enemies":"The Mushroom Lair","floor":14,"turns":4},{"damage":72,"enemies":"Slime Boss","floor":16,"turns":7}],"seed_played":"5760927562859946515","potions_obtained":[{"floor":1,"key":"Strength Potion"},{"floor":7,"key":"PowerPotion"},{"floor":12,"key":"Regen Potion"}],"is_trial":false,"path_per_floor":["M","?","?","?","?","R","E","R","T","E","M","M","M","?","R","B"],"character_chosen":"IRONCLAD","items_purchased":[],"campfire_rested":0,"item_purchase_floors":[],"current_hp_per_floor":[80,80,60,53,37,37,43,43,43,49,48,45,63,67,67,0,0],"gold":275,"neow_bonus":"THREE_ENEMY_KILL","is_daily":false,"chose_seed":false,"campfire_upgraded":3,"win_rate":0.0,"timestamp":1613414730,"path_taken":["M","?","?","?","?","R","E","R","T","E","M","M","M","?","R","BOSS"],"items_purchased_type":[],"build_version":"2020-12-22","purchased_purges":0,"victory":false,"max_hp_per_floor":[80,80,80,80,80,80,80,80,80,80,80,80,80,80,80,80,80],"card_choices":[{"not_picked":["Searing Blow","Wild Strike","Sever Soul"],"picked":"SKIP","floor":1},{"not_picked":["Shrug It Off","Impervious"],"picked":"Armaments","floor":7},{"not_picked":["Hemokinesis","Warcry"],"picked":"Disarm","floor":10},{"not_picked":["Perfected Strike","Second Wind"],"picked":"Anger","floor":11},{"not_picked":["Infernal Blade","Burning Pact","Wild Strike"],"picked":"SKIP","floor":12},{"not_picked":["Anger","Havoc","Perfected Strike"],"picked":"SKIP","floor":13},{"not_picked":["Thunderclap","Anger"],"picked":"Inflame","floor":14}],"player_experience":307017,"relics_obtained":[{"floor":7,"key":"HornCleat"},{"floor":10,"key":"Art of War"},{"floor":14,"key":"Odd Mushroom"}],"event_choices":[{"damage_healed":0,"gold_gain":0,"player_choice":"Box","damage_taken":0,"relics_obtained":["Sundial"],"max_hp_gain":0,"max_hp_loss":0,"event_name":"Big Fish","floor":2,"gold_loss":0,"cards_obtained":["Regret"]},{"damage_healed":0,"gold_gain":0,"player_choice":"Take Damage","damage_taken":20,"relics_obtained":["Golden Idol"],"max_hp_gain":0,"max_hp_loss":0,"event_name":"Golden Idol","floor":3,"gold_loss":0},{"cards_removed":["Regret"],"damage_healed":0,"gold_gain":0,"player_choice":"Card Removal","damage_taken":7,"max_hp_gain":0,"max_hp_loss":0,"event_name":"Golden Wing","floor":4,"gold_loss":0},{"damage_healed":0,"gold_gain":0,"player_choice":"Entered Light","damage_taken":16,"max_hp_gain":0,"max_hp_loss":0,"event_name":"Shining Light","floor":5,"gold_loss":0,"cards_upgraded":["Strike_R","Defend_R"]},{"damage_healed":0,"gold_gain":0,"player_choice":"Fought Mushrooms","damage_taken":0,"max_hp_gain":0,"max_hp_loss":0,"event_name":"Mushrooms","floor":14,"gold_loss":0}],"is_beta":false,"boss_relics":[],"items_purged_floors":[],"is_endless":false,"potions_floor_spawned":[1,7,12],"killed_by":"Slime Boss","ascension_level":1}}