{"host":"fortuna","time":1613408365,"event":{"mods":["100% Spire Juice","Act Like it!","BaseMod","CapriCore","Gensokyo","Hallownest","Koishi","Minty Spire (QoL Compilation)","MostiFishMod","Reimu£®≤©¿ˆ¡È√Œ£©","Relic Stats","StSLib","The Alterego","The Animator","The Bug Knight","The Immortal","The Senshi","Waifu the Spire","Yakumo Yukari mod"],"gold_per_floor":[119,119,139,139,68,95,110,110,135,111,137,155,155,185,197,309,321,110,122,147,175,206,252,274,286,322,334,366,408,440,483,495,607,619,645,707,719,750,762,774,818,847,930,952,984,1026,1056,963,975,987,999,1011,298,331,331,331],"floor_reached":55,"language":"ZHS","playtime":3249,"items_purged":["Moonworks:Strike"],"score":1195,"play_id":"2bd29a37-81f6-41a5-8c6e-4f4dc6021631","local_time":"20210216005925","is_ascension_mode":true,"campfire_choices":[{"data":"Moonworks:NicePresent","floor":8.0,"key":"SMITH"},{"floor":15.0,"key":"REST"},{"data":"Moonworks:HolyNight","floor":25.0,"key":"SMITH"},{"data":"Moonworks:ForcedRevival","floor":32.0,"key":"SMITH"},{"data":"Moonworks:PlushieMaster","floor":40.0,"key":"SMITH"},{"floor":49,"key":"RECALL"},{"data":"MostiFishMod:TheLastGuard","floor":52,"key":"SMITH"}],"circlet_count":0,"master_deck":["Moonworks:Strike","Moonworks:Strike","Moonworks:Defend","Moonworks:Defend","Moonworks:Defend","Moonworks:Defend","Moonworks:Ambush","Moonworks:LongDistanceShot","Moonworks:MiracleRedBeanIceCream","Moonworks:TacticalRetreat","Moonworks:BigMagnum","Moonworks:NicePresent+1","Moonworks:CrystalBarrier","Moonworks:NicePresent","Moonworks:Dinner","Moonworks:BigMagnum","Moonworks:HolyNight+1","Moonworks:AnotherUltimateWeapon","Moonworks:NicePresent","Moonworks:CookingTime+1","Moonworks:BigBangBell","Moonworks:Encore+1","Moonworks:ForcedRevival+1","Moonworks:EvilSpyWorkPreparation","Moonworks:Bloodlust+1","Moonworks:LuckyCharm","Moonworks:PlushieMaster+1","Moonworks:EvilSpyWorkPreparation+1","Moonworks:SubspaceTunnel","MostiFishMod:ButterFly","MostiFishMod:TheLastGuard+1","Moonworks:BackdoorTrade+1","Moonworks:SweetBattle+1","Moonworks:CompletionReward+1","Moonworks:EvilSpyWorkPreparation+1","Moonworks:ReflectiveShell+1","Moonworks:BigMagnum+1","MostiFishMod:StoryBook","Moonworks:RagingMadness+1"],"relics":["Moonworks:BrokenBomb","Moonworks:Homemark","DaveBox","NeowsBlessing","SynthV:TestCard","HaiYi:Twilight","Strawberry","Anchor","MealTicket","MawBank","RedLine:ReiMu","Darkstone Periapt","Bag of Marbles","Akabeko","Bird Faced Urn","GreenFoldingFan","Dead Branch","ImprovedEquipment","Frozen Egg 2","CrazyTorch:ReiMu","SynthV","Letter Opener","TungstenRod"],"acts_visited":["Gensokyo:Gensokyo","TheCity","TheBeyond","TheEnding"],"potions_floor_usage":[55,55],"damage_taken":[{"damage":0.0,"enemies":"Gensokyo:Python","floor":1.0,"turns":1.0},{"damage":0.0,"enemies":"Gensokyo:3_Fairies","floor":3.0,"turns":2.0},{"damage":0.0,"enemies":"Gensokyo:Cirno","floor":6.0,"turns":2.0},{"damage":16.0,"enemies":"Gensokyo:Gryphon","floor":7.0,"turns":5.0},{"damage":19.0,"enemies":"Gensokyo:CorruptedTreant","floor":10.0,"turns":4.0},{"damage":15.0,"enemies":"Gensokyo:Mamizou","floor":11.0,"turns":8.0},{"damage":14.0,"enemies":"Gensokyo:Gryphon_and_Rabbit","floor":12.0,"turns":5.0},{"damage":26.0,"enemies":"Gensokyo:Aya","floor":14.0,"turns":3.0},{"damage":10.0,"enemies":"Gensokyo:Kokoro","floor":16.0,"turns":12.0},{"damage":0.0,"enemies":"Spheric Guardian","floor":18.0,"turns":2.0},{"damage":5.0,"enemies":"Chosen","floor":20.0,"turns":3.0},{"damage":10.0,"enemies":"Snake Plant","floor":21.0,"turns":4.0},{"damage":10.0,"enemies":"Cultist and Chosen","floor":22.0,"turns":3.0},{"damage":5.0,"enemies":"Gremlin Leader","floor":23.0,"turns":6.0},{"damage":10.0,"enemies":"Centurion and Healer","floor":24.0,"turns":5.0},{"damage":19.0,"enemies":"3 Cultists","floor":28.0,"turns":5.0},{"damage":61.0,"enemies":"Slavers","floor":29.0,"turns":6.0},{"damage":0.0,"enemies":"Sentry and Sphere","floor":30.0,"turns":4.0},{"damage":41.0,"enemies":"Book of Stabbing","floor":31.0,"turns":5.0},{"damage":11.0,"enemies":"Automaton","floor":33.0,"turns":7.0},{"damage":18.0,"enemies":"3 Darklings","floor":35.0,"turns":4.0},{"damage":18.0,"enemies":"Mind Bloom Boss Battle","floor":36.0,"turns":4.0},{"damage":49.0,"enemies":"3 Shapes","floor":38.0,"turns":3.0},{"damage":47.0,"enemies":"Reptomancer","floor":41.0,"turns":6.0},{"damage":7.0,"enemies":"Writhing Mass","floor":42.0,"turns":1.0},{"damage":19.0,"enemies":"Jaw Worm Horde","floor":44.0,"turns":4.0},{"damage":15.0,"enemies":"4 Shapes","floor":45.0,"turns":4.0},{"damage":12.0,"enemies":"Giant Head","floor":46.0,"turns":4.0},{"damage":21.0,"enemies":"Transient","floor":47.0,"turns":4.0},{"damage":21.0,"enemies":"Jaw Worm Horde","floor":48.0,"turns":3.0},{"damage":78,"enemies":"Awakened One","floor":50,"turns":7},{"damage":20,"enemies":"Shield and Spear","floor":54,"turns":2},{"damage":1027,"enemies":"The Heart","floor":55,"turns":3}],"seed_played":"1999685321740645987","potions_obtained":[{"floor":6.0,"key":"Moonworks:OneHundredPercentOrangeJuicePotion"},{"floor":12.0,"key":"Energy Potion"},{"floor":14.0,"key":"BlessingOfTheForge"},{"floor":18.0,"key":"Fruit Juice"},{"floor":23.0,"key":"SneckoOil"},{"floor":31.0,"key":"Ancient Potion"},{"floor":33.0,"key":"AttackPotion"},{"floor":38.0,"key":"FearPotion"}],"is_trial":false,"path_per_floor":["M","$","M","?","COS","E","M","R","T","M","E","M","?","E","R","B",null,"M","?","M","M","M","E","M","R","T","?","M","E","M","E","R","B",null,"M","?","?","M","?","R","E","M","T","M","M","E","M","M","R","B",null,"R","$","E","B"],"character_chosen":"THE_STARBREAKER","items_purchased":["SynthV","MostiFishMod:StoryBook","Moonworks:RagingMadness+1","Letter Opener"],"campfire_rested":1,"item_purchase_floors":[53,53,53,53],"current_hp_per_floor":[60,60,60,66,66,73,62,62,62,48,38,29,29,13,34,35,73,73,73,68,66,56,69,73,73,73,73,59,13,18,21,21,70,78,78,78,68,49,49,49,56,61,61,75,78,78,78,78,78,78,78,78,78,78,0,0],"gold":331,"neow_bonus":"THREE_ENEMY_KILL","is_daily":false,"chose_seed":false,"campfire_upgraded":5,"win_rate":0.0,"timestamp":1613408365,"path_taken":["M","$","M","?","COS","E","M","R","T","M","E","M","?","E","R","BOSS","M","?","?","M","M","E","M","R","T","?","M","E","M","E","R","BOSS","M","?","?","M","?","R","E","?","T","M","?","E","M","M","R","BOSS","R","$","E","BOSS"],"items_purchased_type":["Relic","Card","Card","Relic"],"build_version":"2020-12-18","purchased_purges":1,"victory":false,"max_hp_per_floor":[60,60,60,66,66,73,73,73,73,73,73,73,73,73,73,73,73,73,73,73,73,73,73,73,73,73,73,73,73,73,78,78,78,78,78,78,78,78,78,78,78,78,78,78,78,78,78,78,78,78,78,78,78,78,78,78],"relic_stats":{"Darkstone Periapt":0,"counters":[33,141],"Bird Faced Urn":[75],"Dead Branch":[111],"MealTicket":0,"Letter Opener":[75],"MawBank":468,"obtain_stats":[{"Darkstone Periapt":23,"DaveBox":0,"NeowsBlessing":0,"SynthV":53,"Dead Branch":36,"ImprovedEquipment":41,"Letter Opener":53,"Frozen Egg 2":43,"MawBank":14,"Akabeko":29,"RedLine:ReiMu":17,"GreenFoldingFan":34,"Anchor":10,"SynthV:TestCard":1,"HaiYi:Twilight":1,"Moonworks:Homemark":0,"Strawberry":6,"Bird Faced Urn":31,"CrazyTorch:ReiMu":46,"MealTicket":11,"Bag of Marbles":26,"TungstenRod":54,"Moonworks:BrokenBomb":0},{"Darkstone Periapt":14,"DaveBox":0,"NeowsBlessing":0,"SynthV":31,"Dead Branch":22,"ImprovedEquipment":24,"Letter Opener":31,"Frozen Egg 2":25,"MawBank":8,"Akabeko":17,"RedLine:ReiMu":9,"GreenFoldingFan":20,"Anchor":5,"SynthV:TestCard":1,"HaiYi:Twilight":1,"Moonworks:Homemark":0,"Strawberry":3,"Bird Faced Urn":19,"CrazyTorch:ReiMu":28,"MealTicket":6,"Bag of Marbles":15,"TungstenRod":32,"Moonworks:BrokenBomb":0},{"Darkstone Periapt":60,"DaveBox":0,"NeowsBlessing":0,"SynthV":136,"Dead Branch":100,"ImprovedEquipment":109,"Letter Opener":136,"Frozen Egg 2":110,"MawBank":30,"Akabeko":76,"RedLine:ReiMu":42,"GreenFoldingFan":92,"Anchor":12,"SynthV:TestCard":1,"HaiYi:Twilight":1,"Moonworks:Homemark":0,"Strawberry":5,"Bird Faced Urn":85,"CrazyTorch:ReiMu":122,"MealTicket":22,"Bag of Marbles":65,"TungstenRod":138,"Moonworks:BrokenBomb":0}],"TungstenRod":21},"card_choices":[{"not_picked":["Moonworks:SakisCookie","Moonworks:CloudOfSeagulls"],"picked":"Moonworks:MiracleRedBeanIceCream","floor":1.0},{"not_picked":["Moonworks:SakisCookie","Moonworks:CompletionReward","Moonworks:MiracleRedBeanIceCream","Moonworks:RedAndBlue"],"picked":"Moonworks:TacticalRetreat","floor":3.0},{"not_picked":["Moonworks:CastOff","Moonworks:DeployBits","Moonworks:GoAway","Moonworks:SealedMemories"],"picked":"Moonworks:BigMagnum","floor":6.0},{"not_picked":["Moonworks:ImOnFire","Moonworks:DeployBits","Moonworks:ScrambledEve","Moonworks:EvilSpyWorkPreparation"],"picked":"Moonworks:NicePresent","floor":7.0},{"not_picked":["Moonworks:MiracleWalker","Moonworks:SakisCookie","Moonworks:Flamethrower","Moonworks:LulusLuckyEgg"],"picked":"Moonworks:CloudOfSeagulls","floor":10.0},{"not_picked":["Moonworks:IndiscriminateFireSupport","Moonworks:CloudOfSeagulls","Moonworks:NicePresent","Moonworks:SealedMemories"],"picked":"Moonworks:CrystalBarrier","floor":11.0},{"not_picked":["Moonworks:BigMagnum","Moonworks:ImOnFire","Moonworks:Assault","Moonworks:SakisCookie"],"picked":"Moonworks:NicePresent","floor":12.0},{"not_picked":["Moonworks:LulusLuckyEgg","Moonworks:MixPhenomenon","Moonworks:BigMagnum","Moonworks:ImOnFire"],"picked":"Moonworks:Dinner","floor":13.0},{"not_picked":["Moonworks:SealedMemories","Moonworks:DevilHand","Moonworks:Assault","Moonworks:TacticalRetreat"],"picked":"Moonworks:BigMagnum","floor":13.0},{"not_picked":["Moonworks:JonathanRush","Moonworks:CastOff","Moonworks:DevilHand","Moonworks:EvilSpyWorkPreparation"],"picked":"Moonworks:HolyNight","floor":14.0},{"not_picked":["Moonworks:OutOfAmmo","Moonworks:Accelerator","Moonworks:RocketCannon","Moonworks:MeltingMemories"],"picked":"Moonworks:AnotherUltimateWeapon","floor":16.0},{"not_picked":["Moonworks:BigMagnum","Moonworks:ImOnFire","Moonworks:Assault","Moonworks:LulusLuckyEgg"],"picked":"Moonworks:NicePresent","floor":18.0},{"not_picked":["Moonworks:CloudOfSeagulls+1","Moonworks:CastOff+1","Moonworks:DeployBits","Moonworks:BigMagnum+1","Moonworks:Flamethrower"],"picked":"SKIP","floor":20.0},{"not_picked":["Moonworks:CloudOfSeagulls","Moonworks:AngelHand","Moonworks:LulusLuckyEgg","Moonworks:Assault","Moonworks:DeployBits"],"picked":"SKIP","floor":21.0},{"not_picked":["Moonworks:LulusLuckyEgg","Moonworks:JonathanRush","Moonworks:DeployBits","Moonworks:MiracleWalker+1"],"picked":"Moonworks:CookingTime+1","floor":22.0},{"not_picked":["Moonworks:AngelHand+1","Moonworks:ImmovableObject","Moonworks:IndiscriminateFireSupport","Moonworks:JonathanRush"],"picked":"Moonworks:BigBangBell","floor":23.0},{"not_picked":["Moonworks:BindingChains","Moonworks:AngelHand","Moonworks:Assault","Moonworks:NicePresent+1"],"picked":"Moonworks:Encore","floor":24.0},{"not_picked":["Moonworks:JonathanRush","Moonworks:BigBangBell","Moonworks:NicePresent","Moonworks:LulusLuckyEgg"],"picked":"Moonworks:ForcedRevival","floor":28.0},{"not_picked":["Moonworks:UnluckyCharm","Moonworks:ImOnFire","Moonworks:SakisCookie","Moonworks:Blazing"],"picked":"Moonworks:EvilSpyWorkPreparation","floor":29.0},{"not_picked":["Moonworks:LulusLuckyEgg","Moonworks:CloudOfSeagulls","Moonworks:Poppoformation+1","Moonworks:NicePresent"],"picked":"Moonworks:Bloodlust+1","floor":30.0},{"not_picked":["Moonworks:FinalBattle","Moonworks:Bloodlust","Moonworks:Assault","Moonworks:RedAndBlue"],"picked":"Moonworks:LuckyCharm","floor":31.0},{"not_picked":["Moonworks:AccelHyper","Moonworks:SubspaceTunnel","Moonworks:MetallicMonocoque","Moonworks:FinalBattle"],"picked":"Moonworks:PlushieMaster","floor":33.0},{"not_picked":["Moonworks:WindyEnchantment+1","Moonworks:NicePresent","Moonworks:CloudOfSeagulls+1","Moonworks:ReproductionOfRecords"],"picked":"Moonworks:EvilSpyWorkPreparation+1","floor":35.0},{"not_picked":["Moonworks:SakisCookie","Moonworks:BigBangBell","Moonworks:Heat300Percent","Moonworks:MiracleWalker"],"picked":"Moonworks:SubspaceTunnel","floor":36.0},{"not_picked":["MostiFishMod:ElfcollectionBox","Blind","Good Instincts","Trip"],"picked":"MostiFishMod:ButterFly","floor":37.0},{"not_picked":["Transmutation","Enlightenment","Deep Breath","Dark Shackles"],"picked":"MostiFishMod:TheLastGuard","floor":37.0},{"not_picked":["Moonworks:WindyEnchantment+1","Moonworks:CloudOfSeagulls+1","Moonworks:DeployBits","Moonworks:LuckyCharm+1"],"picked":"Moonworks:BackdoorTrade+1","floor":38.0},{"not_picked":["Moonworks:Bloodlust+1","Moonworks:ExtendedPhotonRifle","Moonworks:MixPhenomenon+1","Moonworks:WeAreWaruda"],"picked":"Moonworks:SweetBattle+1","floor":41.0},{"not_picked":["Moonworks:EvilSpyWorkPreparation+1","Moonworks:BigMagnum","Moonworks:RagingMadness","Moonworks:BigBangBell"],"picked":"Moonworks:CompletionReward+1","floor":42.0},{"not_picked":["Moonworks:SealedMemories+1","Moonworks:CompletionReward","Moonworks:BigBangBell+1","Moonworks:ReproductionOfRecords+1","Moonworks:BindingChains+1"],"picked":"SKIP","floor":44.0},{"not_picked":["Moonworks:DeployBits","Moonworks:JonathanRush+1","Moonworks:IntelligenceOfficer+1","Moonworks:Assault","Moonworks:UnpaidWork"],"picked":"SKIP","floor":45.0},{"not_picked":["Moonworks:UnluckyCharm","Moonworks:DeployBits+1","Moonworks:FinalSurgery","Moonworks:JonathanRush"],"picked":"Moonworks:EvilSpyWorkPreparation+1","floor":46.0},{"not_picked":["Moonworks:TacticalRetreat+1","Moonworks:BigMagnum","Moonworks:UnpaidWork","Moonworks:SakisCookie"],"picked":"Moonworks:ReflectiveShell+1","floor":47.0},{"not_picked":["Moonworks:IndiscriminateFireSupport","Moonworks:LulusLuckyEgg","Moonworks:WindyEnchantment","Moonworks:CloudOfSeagulls"],"picked":"Moonworks:BigMagnum+1","floor":48.0},{"not_picked":["Moonworks:CloudOfSeagulls","Moonworks:UnpaidWork","Moonworks:CookingTime","Moonworks:Flamethrower+1","Moonworks:JonathanRush"],"picked":"SKIP","floor":54}],"player_experience":372447,"relics_obtained":[{"floor":1.0,"key":"SynthV:TestCard"},{"floor":6.0,"key":"Strawberry"},{"floor":11.0,"key":"MealTicket"},{"floor":14.0,"key":"MawBank"},{"floor":23.0,"key":"Darkstone Periapt"},{"floor":26.0,"key":"Bag of Marbles"},{"floor":29.0,"key":"Akabeko"},{"floor":31.0,"key":"Bird Faced Urn"},{"floor":36.0,"key":"Dead Branch"},{"floor":41.0,"key":"ImprovedEquipment"},{"floor":43.0,"key":"Frozen Egg 2"},{"floor":46.0,"key":"CrazyTorch:ReiMu"},{"floor":54,"key":"TungstenRod"}],"event_choices":[{"cards_removed":["Moonworks:CloudOfSeagulls"],"damage_healed":0.0,"max_hp_gain":0.0,"max_hp_loss":0.0,"gold_gain":0.0,"event_name":"Purifier","player_choice":"Purged","floor":19.0,"gold_loss":0.0,"damage_taken":0.0},{"damage_healed":0.0,"max_hp_gain":0.0,"max_hp_loss":0.0,"gold_gain":0.0,"event_name":"Upgrade Shrine","player_choice":"Upgraded","floor":27.0,"gold_loss":0.0,"damage_taken":0.0,"cards_upgraded":["Moonworks:Encore"]},{"damage_healed":0.0,"max_hp_gain":0.0,"max_hp_loss":0.0,"gold_gain":0.0,"event_name":"MindBloom","player_choice":"Fight","floor":36.0,"gold_loss":0.0,"damage_taken":0.0},{"damage_healed":0.0,"max_hp_gain":0.0,"max_hp_loss":0.0,"gold_gain":0.0,"event_name":"SensoryStone","player_choice":"Memory 3","floor":37.0,"gold_loss":0.0,"damage_taken":10.0},{"cards_removed":["Moonworks:Strike"],"damage_healed":0.0,"max_hp_gain":0.0,"max_hp_loss":0.0,"gold_gain":0.0,"event_name":"Purifier","player_choice":"Purged","floor":39.0,"gold_loss":0.0,"damage_taken":0.0}],"is_beta":true,"boss_relics":[{"not_picked":["xbg","MoonlightInvasionPlan"],"picked":"RedLine:ReiMu"},{"not_picked":["OneHitWonderSystem","Velvet Choker"],"picked":"GreenFoldingFan"}],"items_purged_floors":[53],"is_endless":false,"potions_floor_spawned":[6,12,14,18,23,28,31,33,38,42,44,47],"killed_by":"The Heart","ascension_level":4}}