{"host":"swn8ychr123rw3gf","time":1613384981,"event":{"mods":["BaseMod","Minty Spire (QoL Compilation)","StSLib"],"gold_per_floor":[14,31,50,61,61,61,61,90,90,90,121,121,137,68,68,146,146,166,91,91,167,178,178,26,40,67,67,67,67],"floor_reached":28,"language":"ZHS","playtime":1028,"items_purged":["Bash"],"score":554,"play_id":"c68ff48a-af5d-4b02-97c6-69e3e1a2d8f2","local_time":"20210215182941","is_ascension_mode":true,"campfire_choices":[{"data":"Armaments","floor":6.0,"key":"SMITH"},{"data":"Inflame","floor":10.0,"key":"SMITH"},{"floor":12.0,"key":"REST"},{"data":"Spot Weakness","floor":15.0,"key":"SMITH"},{"data":"Berserk","floor":23.0,"key":"SMITH"},{"data":"Offering","floor":27.0,"key":"SMITH"}],"circlet_count":0,"master_deck":["AscendersBane","Strike_R","Strike_R","Strike_R","Defend_R","Defend_R","Defend_R","Sever Soul","Anger","Iron Wave","Shrug It Off","Armaments+1","Rupture+1","Inflame+1","Spot Weakness+1","Offering+1","Berserk+1","Heavy Blade","J.A.X.","Flex+1"],"relics":["Burning Blood","Bottled Tornado","Singing Bowl","StoneCalendar","Coffee Dripper","HornCleat","Membership Card","Ancient Tea Set"],"acts_visited":["Exordium","TheCity"],"potions_floor_usage":[28],"damage_taken":[{"damage":9.0,"enemies":"Jaw Worm","floor":1.0,"turns":4.0},{"damage":0.0,"enemies":"2 Louse","floor":2.0,"turns":2.0},{"damage":0.0,"enemies":"Cultist","floor":3.0,"turns":3.0},{"damage":5.0,"enemies":"2 Fungi Beasts","floor":4.0,"turns":3.0},{"damage":30.0,"enemies":"Lagavulin","floor":8.0,"turns":6.0},{"damage":32.0,"enemies":"3 Sentries","floor":11.0,"turns":9.0},{"damage":15.0,"enemies":"Exordium Wildlife","floor":13.0,"turns":5.0},{"damage":21.0,"enemies":"The Guardian","floor":16.0,"turns":9.0},{"damage":12.0,"enemies":"Chosen","floor":18.0,"turns":4.0},{"damage":9.0,"enemies":"Spheric Guardian","floor":22.0,"turns":3.0},{"damage":23.0,"enemies":"Cultist and Chosen","floor":25.0,"turns":5.0},{"damage":15,"enemies":"Slavers","floor":28,"turns":3}],"seed_played":"5161232645433702844","potions_obtained":[{"floor":3.0,"key":"ColorlessPotion"},{"floor":11.0,"key":"DuplicationPotion"},{"floor":13.0,"key":"EssenceOfSteel"},{"floor":16.0,"key":"Regen Potion"},{"floor":25.0,"key":"BlessingOfTheForge"}],"is_trial":false,"path_per_floor":["M","M","M","M","?","R","?","E","T","R","E","R","M","$","R","B",null,"M","$","?","T","M","R","$","M","T","R","E"],"character_chosen":"IRONCLAD","items_purchased":["Offering","Membership Card"],"campfire_rested":1,"item_purchase_floors":[14,24],"current_hp_per_floor":[65,71,75,75,68,68,68,44,44,44,20,43,34,34,34,19,63,57,57,57,57,54,54,54,39,39,39,24,24],"gold":67,"neow_bonus":"TRANSFORM_TWO_CARDS","is_daily":false,"chose_seed":false,"campfire_upgraded":5,"win_rate":0.0,"timestamp":1613384981,"path_taken":["M","M","M","M","?","R","?","E","T","R","E","R","M","$","R","BOSS","M","?","?","?","M","R","$","?","T","R","E"],"items_purchased_type":["Card","Relic"],"build_version":"2020-12-22","purchased_purges":1,"victory":false,"max_hp_per_floor":[75,75,75,75,75,75,75,75,75,75,77,77,77,77,77,77,77,77,77,77,77,77,77,77,79,79,79,79,79],"card_choices":[{"not_picked":["Cleave","Clothesline"],"picked":"Iron Wave","floor":1.0},{"not_picked":["Ghostly Armor","Anger"],"picked":"Shrug It Off","floor":2.0},{"not_picked":["Shrug It Off","Cleave"],"picked":"Armaments","floor":3.0},{"not_picked":["Anger","Warcry"],"picked":"Rupture","floor":4.0},{"not_picked":["Hemokinesis","Power Through"],"picked":"Inflame","floor":8.0},{"not_picked":["Ghostly Armor","Intimidate","Second Wind"],"picked":"Singing Bowl","floor":11.0},{"not_picked":["Iron Wave","Headbutt"],"picked":"Spot Weakness","floor":13.0},{"not_picked":["Juggernaut","Feed"],"picked":"Berserk","floor":16.0},{"not_picked":["Rampage","Clash"],"picked":"Heavy Blade","floor":18.0},{"not_picked":["Thunderclap","Havoc"],"picked":"Flex+1","floor":22.0},{"not_picked":["Heavy Blade","Havoc+1","Pummel"],"picked":"Singing Bowl","floor":25.0}],"player_experience":466970,"relics_obtained":[{"floor":8.0,"key":"Bottled Tornado"},{"floor":9.0,"key":"Singing Bowl"},{"floor":11.0,"key":"StoneCalendar"},{"floor":21.0,"key":"HornCleat"},{"floor":26.0,"key":"Ancient Tea Set"}],"event_choices":[{"cards_removed":["Defend_R"],"damage_healed":0.0,"max_hp_gain":0.0,"max_hp_loss":0.0,"gold_gain":0.0,"event_name":"Golden Wing","player_choice":"Card Removal","floor":5.0,"gold_loss":0.0,"damage_taken":7.0},{"damage_healed":0.0,"max_hp_gain":0.0,"max_hp_loss":0.0,"gold_gain":0.0,"event_name":"Upgrade Shrine","player_choice":"Upgraded","floor":7.0,"gold_loss":0.0,"damage_taken":0.0,"cards_upgraded":["Rupture"]},{"damage_healed":0.0,"max_hp_gain":0.0,"max_hp_loss":0.0,"gold_gain":0.0,"event_name":"Drug Dealer","player_choice":"Obtain J.A.X.","floor":20.0,"gold_loss":0.0,"damage_taken":0.0,"cards_obtained":["J.A.X."]}],"is_beta":false,"boss_relics":[{"not_picked":["Ectoplasm","Runic Dome"],"picked":"Coffee Dripper"}],"items_purged_floors":[19],"is_endless":false,"potions_floor_spawned":[3,11,13,16,25],"killed_by":"Slavers","ascension_level":14}}