{"host":"pv3sjfzbkjl0g4yo","time":1613391679,"event":{"mods":["BaseMod","Hubris","Marisa????????","Minty Spire (QoL Compilation)","Replay The Spire","StSLib","The Necromancer"],"gold_per_floor":[118,118,132,149,160,187,187,216,242,258,278,278,293,258,258,361,361,374,374,374,384,384,409,260,260,315,360,410,410,410],"floor_reached":29,"language":"ENG","playtime":1337,"items_purged":[],"score":300,"play_id":"dbf113a1-950b-4bdf-89e4-0eb98b00d2f5","local_time":"20210215072119","is_ascension_mode":false,"campfire_choices":[{"data":"Iron Wave","floor":12.0,"key":"SMITH"},{"data":"DarkMatter","floor":15.0,"key":"SMITH"}],"circlet_count":0,"master_deck":["Strike_MRS","Strike_MRS+1","Strike_MRS","Strike_MRS","Defend_MRS","Defend_MRS","Defend_MRS","MasterSpark+1","UpSweep","DarkMatter+1","Iron Wave+1","MagicAbsorber","MagicAbsorber","MachineGunSpark"],"relics":["MiniHakkero","Kunai","Happy Flower","Bag of Marbles","Ring of Chaos","Ring of Peace","ReplayTheSpireMod:Ring of Exchange","Potion Belt","Replay:Bandana","hubris:BottledHeart","Omamori","Ornamental Fan"],"acts_visited":["Exordium","TheCity"],"potions_floor_usage":[],"damage_taken":[{"damage":6.0,"enemies":"Cultist","floor":1.0,"turns":3.0},{"damage":2.0,"enemies":"2 Louse","floor":3.0,"turns":2.0},{"damage":0.0,"enemies":"Small Slimes","floor":4.0,"turns":2.0},{"damage":7.0,"enemies":"3 Louse","floor":5.0,"turns":3.0},{"damage":21.0,"enemies":"Replay:BlueRogue","floor":6.0,"turns":6.0},{"damage":12.0,"enemies":"3 Sentries","floor":8.0,"turns":8.0},{"damage":4.0,"enemies":"2 Fungi Beasts","floor":10.0,"turns":3.0},{"damage":8.0,"enemies":"Exordium Thugs","floor":11.0,"turns":3.0},{"damage":0.0,"enemies":"3 Louse","floor":13.0,"turns":3.0},{"damage":7.0,"enemies":"The Guardian","floor":16.0,"turns":11.0},{"damage":5.0,"enemies":"3 Byrds","floor":18.0,"turns":7.0},{"damage":3.0,"enemies":"Chosen","floor":21.0,"turns":5.0},{"damage":34.0,"enemies":"Book of Stabbing","floor":23.0,"turns":7.0},{"damage":0.0,"enemies":"Replay:Snechameleon","floor":27.0,"turns":11.0},{"damage":0.0,"enemies":"Snake Plant","floor":28.0,"turns":3.0},{"damage":0,"enemies":"Slavers","floor":29,"turns":1}],"seed_played":"2522612831200003896","potions_obtained":[{"floor":5.0,"key":"Cursed Concoction"},{"floor":11.0,"key":"BottledSpark"},{"floor":13.0,"key":"PowerPotion"},{"floor":23.0,"key":"Fire Potion"},{"floor":27.0,"key":"AttackPotion"}],"is_trial":false,"path_per_floor":["M","?","M","M","M","E","?","E","T","M","M","R","M","?","R","B",null,"M","?","?","M","?","E","$","?","T","E","M","E"],"character_chosen":"MARISA","items_purchased":["Replay:Bandana"],"campfire_rested":0,"item_purchase_floors":[24],"current_hp_per_floor":[74,58,56,56,49,28,28,16,16,12,4,4,4,24,24,17,80,75,75,75,72,72,38,38,1,1,1,1,1,1],"gold":410,"neow_bonus":"RANDOM_EVENT","is_daily":false,"chose_seed":false,"campfire_upgraded":2,"win_rate":0.0,"timestamp":1613391679,"path_taken":["M","?","M","M","M","E","?","E","T","M","M","R","?","?","R","BOSS","M","?","?","?","?","E","$","?","T","E","M","E"],"items_purchased_type":["Relic"],"build_version":"2020-12-22","purchased_purges":0,"victory":false,"max_hp_per_floor":[80,80,80,80,80,80,80,80,80,80,80,80,80,80,80,80,80,80,80,80,80,80,80,80,1,1,1,1,1,1],"card_choices":[{"not_picked":["DoubleSpark","UnstableBomb","MysteriousBeam"],"picked":"SKIP","floor":1.0},{"not_picked":["GravityBeat","NonDirectionalLaser","SporeBomb"],"picked":"SKIP","floor":3.0},{"not_picked":["MachineGunSpark","GalacticHalo","BigCrunch"],"picked":"SKIP","floor":4.0},{"not_picked":["NonDirectionalLaser","UnstableBomb"],"picked":"DarkMatter","floor":5.0},{"not_picked":["EventHorizon","DoubleSpark","ShootingEcho"],"picked":"SKIP","floor":6.0},{"not_picked":["WitchOfGreed","GalacticHalo","Orbital"],"picked":"SKIP","floor":8.0},{"not_picked":["ShootingEcho","LuminesStrike","StarlightTyphoon"],"picked":"SKIP","floor":10.0},{"not_picked":["ShootingEcho","WitchOfGreed"],"picked":"MagicAbsorber","floor":11.0},{"not_picked":["StarDustReverie","EnergyRecoil","LuminesStrike"],"picked":"SKIP","floor":13.0},{"not_picked":["GalacticHalo","GravityBeat+1","StarlightTyphoon"],"picked":"SKIP","floor":18.0},{"not_picked":["DC","ShootingEcho","MachineGunSpark"],"picked":"SKIP","floor":21.0},{"not_picked":["Acceleration","AsteroidBelt","TreasureHunter"],"picked":"SKIP","floor":23.0},{"not_picked":["MysteriousBeam","MilkyWay"],"picked":"MachineGunSpark","floor":27.0},{"not_picked":["MagicAbsorber","SuperPerseids","EventHorizon"],"picked":"SKIP","floor":28.0}],"player_experience":558427,"relics_obtained":[{"floor":6.0,"key":"Kunai"},{"floor":8.0,"key":"Happy Flower"},{"floor":9.0,"key":"Bag of Marbles"},{"floor":22.0,"key":"Ring of Peace"},{"floor":22.0,"key":"ReplayTheSpireMod:Ring of Exchange"},{"floor":23.0,"key":"Potion Belt"},{"floor":26.0,"key":"Omamori"},{"floor":27.0,"key":"Ornamental Fan"}],"event_choices":[{"damage_healed":0.0,"max_hp_gain":5.0,"max_hp_loss":0.0,"gold_gain":0.0,"event_name":"Big Fish","player_choice":"Donut","floor":0.0,"gold_loss":0.0,"damage_taken":0.0},{"damage_healed":0.0,"max_hp_gain":0.0,"max_hp_loss":0.0,"gold_gain":0.0,"event_name":"Shining Light","player_choice":"Entered Light","floor":2.0,"gold_loss":0.0,"damage_taken":16.0,"cards_upgraded":["Strike_MRS","MasterSpark"]},{"cards_removed":["Defend_MRS"],"damage_healed":0.0,"max_hp_gain":0.0,"max_hp_loss":0.0,"gold_gain":0.0,"event_name":"NoteForYourself","player_choice":"Took Card","floor":7.0,"gold_loss":0.0,"damage_taken":0.0,"cards_obtained":["Iron Wave"]},{"damage_healed":20.0,"max_hp_gain":0.0,"max_hp_loss":0.0,"gold_gain":0.0,"event_name":"The Cleric","player_choice":"Healed","floor":14.0,"gold_loss":35.0,"damage_taken":0.0},{"damage_healed":0.0,"max_hp_gain":0.0,"max_hp_loss":0.0,"gold_gain":0.0,"event_name":"Beggar","player_choice":"Ignored","floor":19.0,"gold_loss":0.0,"damage_taken":0.0},{"damage_healed":0.0,"max_hp_gain":0.0,"max_hp_loss":0.0,"gold_gain":0.0,"event_name":"Duplicator","player_choice":"Copied","floor":20.0,"gold_loss":0.0,"damage_taken":0.0,"cards_obtained":["MagicAbsorber"]}],"is_beta":false,"boss_relics":[{"not_picked":["Ectoplasm","Cursed Key"],"picked":"Ring of Chaos"}],"items_purged_floors":[],"is_endless":false,"potions_floor_spawned":[5,11,13,18,23,27],"killed_by":"Slavers","ascension_level":0}}