{"host":"b0hh64pqctf46s8m","time":1613431207,"event":{"mods":["100% Spire Juice","Act Like it!","Aspiration","BaseMod","Bestiary","Better Third Choice","CCEM2","CapriCore","ChefMod","Conspire","Curses Come First","Displayed Cursed Tome","Dota2Spire","Downfall","Ekko","Elementarium","Evolution","Fireblade Mod","Fox Events","Halation","Hallownest","Hermit","Hubris","Infinite Spire","Jess\u0027s Bottle","JesterMod","Jorbs\u0027s Wanderer Trilogy","Koishi","Kratos Character Expansion","Lobotomy","Luminous","Mari Mod (Legacy)","Mari\u0027s V1 Patch","Menagerie","Mimic Mod","Minty Spire (QoL Compilation)","Pale of the Ancients","Permanent Neow","Pikachu Mod","QueenMod","Random Character Button","Relic Sorter","Relic Stats","Reliquary","Replay The Spire","Robot Space Explorer","Shade Mod","Spire Arcade","StSLib","The Blue Laboratory","The Bug Knight","The Dragon Tamer","The Hayseed","The Immortal","TheSurvivalist","TheSwordswoman","TheVacant","TheWitcher","Treasure Hunter","UnlockEverythingMod","Wandering Minibosses","??????REMEMod"],"gold_per_floor":[114,39,39,39,55,55,55,55,78,78,88,2,2,22,22,22,22],"floor_reached":16,"language":"ENG","playtime":462,"items_purged":["ekkoTheBoyWhoShatteredTime:Strike"],"score":98,"play_id":"9b0b18d1-2ecb-42d7-897b-207811eb7334","local_time":"20210215152007","is_ascension_mode":false,"campfire_choices":[{"data":"FireBladeMod:RapidHits","floor":6,"key":"SMITH"},{"floor":8,"key":"REST"},{"data":"ekkoTheBoyWhoShatteredTime:TimeMaster","floor":10,"key":"SMITH"},{"data":"ekkoTheBoyWhoShatteredTime:SandstormSympathy","floor":15,"key":"SMITH"}],"circlet_count":0,"master_deck":["ekkoTheBoyWhoShatteredTime:Strike","ekkoTheBoyWhoShatteredTime:Strike","ekkoTheBoyWhoShatteredTime:Strike","ekkoTheBoyWhoShatteredTime:Strike","ekkoTheBoyWhoShatteredTime:Defend","ekkoTheBoyWhoShatteredTime:Defend","ekkoTheBoyWhoShatteredTime:Defend","ekkoTheBoyWhoShatteredTime:Defend","ekkoTheBoyWhoShatteredTime:TimeMaster+1","ekkoTheBoyWhoShatteredTime:Powered","FireBladeMod:RapidHits+1","ekkoTheBoyWhoShatteredTime:NaggingBlow","ekkoTheBoyWhoShatteredTime:Unchained","ekkoTheBoyWhoShatteredTime:NaggingBlow","ekkoTheBoyWhoShatteredTime:SandstormSympathy+1","ekkoTheBoyWhoShatteredTime:Vibin","ekkoTheBoyWhoShatteredTime:Vibin","hubris:NaturalOne","ekkoTheBoyWhoShatteredTime:FeelIt","ekkoTheBoyWhoShatteredTime:CalmingWaves"],"relics":["ekkoTheBoyWhoShatteredTime:zDriveResonance","hubris:Icosahedron","REME_ComplimentaryCards","EVO:Axolotl","aspiration:Nostalgia","champ:ChampionCrown","Hallownest:BankAccountRelic","Hallownest:SalubrasBlessingRelic","Replay:Kaleidoscope","Orichalcum"],"acts_visited":["Hallownest:Greenpath"],"potions_floor_usage":[],"damage_taken":[{"damage":6,"enemies":"Hallownest:monsterHuskWarrior","floor":1,"turns":3},{"damage":9,"enemies":"Hallownest:monsterHuskGuard","floor":5,"turns":4},{"damage":50,"enemies":"Hallownest:eliteCrystalGuardian","floor":7,"turns":6},{"damage":0,"enemies":"2_ Uuma","floor":11,"turns":4},{"damage":0,"enemies":"Hallownest:monsterAspidMother","floor":13,"turns":3},{"damage":0,"enemies":"Hallownest:monsterMossCharger","floor":14,"turns":3},{"damage":44,"enemies":"Hallownest:BossHornet","floor":16,"turns":5}],"seed_played":"-7023253779423569500","potions_obtained":[{"floor":1,"key":"Fire Potion"},{"floor":5,"key":"blueLaboratory:NullPotion"}],"is_trial":false,"path_per_floor":["M","?","?","?","M","R","E","R","T","R","M","$","M","M","R","B"],"character_chosen":"EKKO_THE_BOY_WHO_SHATTERED_TIME","items_purchased":["ekkoTheBoyWhoShatteredTime:Vibin"],"campfire_rested":1,"item_purchase_floors":[12],"current_hp_per_floor":[72,72,72,72,63,63,13,38,38,38,38,38,38,38,38,0,0],"gold":22,"neow_bonus":"NOSTALGIA","is_daily":false,"chose_seed":false,"campfire_upgraded":3,"win_rate":0.0,"timestamp":1613431207,"path_taken":["M","?","?","?","?","R","E","R","T","R","M","$","M","M","R","BOSS"],"items_purchased_type":["Card"],"build_version":"2020-12-22","purchased_purges":1,"victory":false,"max_hp_per_floor":[78,78,78,78,78,78,78,80,80,80,80,80,80,80,80,80,80],"relic_stats":{"counters":[7,28],"Orichalcum":[24],"obtain_stats":[{"Hallownest:SalubrasBlessingRelic":4,"hubris:Icosahedron":3,"aspiration:Nostalgia":0,"Hallownest:BankAccountRelic":2,"champ:ChampionCrown":0,"EVO:Axolotl":0,"Replay:Kaleidoscope":7,"Orichalcum":9,"ekkoTheBoyWhoShatteredTime:zDriveResonance":0,"REME_ComplimentaryCards":0},{"Hallownest:SalubrasBlessingRelic":1,"hubris:Icosahedron":1,"aspiration:Nostalgia":0,"Hallownest:BankAccountRelic":1,"champ:ChampionCrown":0,"EVO:Axolotl":0,"Replay:Kaleidoscope":3,"Orichalcum":3,"ekkoTheBoyWhoShatteredTime:zDriveResonance":0,"REME_ComplimentaryCards":0},{"Hallownest:SalubrasBlessingRelic":3,"hubris:Icosahedron":3,"aspiration:Nostalgia":0,"Hallownest:BankAccountRelic":3,"champ:ChampionCrown":0,"EVO:Axolotl":0,"Replay:Kaleidoscope":13,"Orichalcum":13,"ekkoTheBoyWhoShatteredTime:zDriveResonance":0,"REME_ComplimentaryCards":0}]},"card_choices":[{"not_picked":["ekkoTheBoyWhoShatteredTime:AfterimageTease","ekkoTheBoyWhoShatteredTime:Disturblast"],"picked":"ekkoTheBoyWhoShatteredTime:NaggingBlow","floor":1},{"not_picked":["ekkoTheBoyWhoShatteredTime:AfterimageHit","ekkoTheBoyWhoShatteredTime:AfterimageTease"],"picked":"ekkoTheBoyWhoShatteredTime:Unchained","floor":5},{"not_picked":["ekkoTheBoyWhoShatteredTime:AfterimageTease","ekkoTheBoyWhoShatteredTime:HauntedAfterimage"],"picked":"ekkoTheBoyWhoShatteredTime:NaggingBlow","floor":7},{"not_picked":["TH:PixieDust","TH:DeckOfManyThings"],"picked":"SKIP","floor":7},{"not_picked":["TH:EnergyPotion","TH:Mimic"],"picked":"SKIP","floor":9},{"not_picked":["ekkoTheBoyWhoShatteredTime:QuickBreak","ekkoTheBoyWhoShatteredTime:NeedlesslyLargeRod"],"picked":"ekkoTheBoyWhoShatteredTime:SandstormSympathy","floor":11},{"not_picked":["ekkoTheBoyWhoShatteredTime:QuickBreak","ekkoTheBoyWhoShatteredTime:WaitForKeyTiming"],"picked":"ekkoTheBoyWhoShatteredTime:FeelIt","floor":13},{"not_picked":["ekkoTheBoyWhoShatteredTime:NaggingBlow","ekkoTheBoyWhoShatteredTime:SpHit"],"picked":"ekkoTheBoyWhoShatteredTime:CalmingWaves","floor":14}],"player_experience":1585220,"relics_obtained":[{"floor":7,"key":"Replay:Kaleidoscope"},{"floor":9,"key":"Orichalcum"}],"event_choices":[],"is_beta":false,"boss_relics":[],"items_purged_floors":[12],"is_endless":false,"potions_floor_spawned":[1,5],"killed_by":"Hallownest:BossHornet","ascension_level":0}}