{"host":"8e3sp1tozjyrh64l","time":1613413704,"event":{"mods":["Act Like it!","BaseMod","Better Altar","Better Match","Better Note","Better Sensory Stone","Better Silent Start","Better Skull","Better Third Choice","BetterRewards","Conspire","Curses Come First","Defuse TimeMaze Blight","Infinite Spire","Minty Spire (QoL Compilation)","Permanent Neow","Rare Cards Sparkle","Relic Sorter","Reliquary","Replay The Spire","Shop Mod","Spicy Shops","StSLib","SuperFastMode","The Jungle","The Necromancer","Wandering Minibosses"],"gold_per_floor":[211,272,287,175,43,43,43,55,55,55,86,86,51,85,85,185,185,205,280,280,292,302,335,345,360,386,386,399,419,452,452,452,452,452],"floor_reached":33,"language":"ENG","playtime":911,"items_purged":["Strike_W"],"score":370,"play_id":"3d08c9da-01a3-4b69-b80a-dd592e0ed087","local_time":"20210215112824","is_ascension_mode":false,"campfire_choices":[{"data":"conspire:Banana","floor":6,"key":"SMITH"},{"data":"Summon_Undead_Army","floor":10,"key":"SMITH"},{"data":"Blood_Curse","floor":12,"key":"SMITH"},{"data":"Hellfire","floor":15,"key":"SMITH"},{"floor":27,"key":"REST"},{"data":"Negative_Energy_Javelin","floor":32,"key":"SMITH"}],"circlet_count":0,"master_deck":["Strike_W","Strike_W","Strike_W","Defend_W","Defend_W","Defend_W","Defend_W","Negative_Energy_Arrows","Bone_Wall","Negative_Energy_Javelin+1","Vampiric_Strike+1","Blood_Curse+1","Vampiric_Strike+1","conspire:Banana+1","Summon_Undead_Army+1","Hellfire+1","Negative_Energy_Sphere+1"],"relics":["Vampire_Amulet","Toy Ornithopter","reliquary:WeakTea","reliquary:Aerogel","Ice Cream","Replay:Mystery Machine","Black Star","reliquary:SharkskinSheath","reliquary:TridentHead","Happy Flower","Regal Pillow","reliquary:NewFriend","Omamori"],"acts_visited":["Exordium","TheCity"],"potions_floor_usage":[3,16,21,22,23,23,23,30],"damage_taken":[{"damage":0,"enemies":"Cultist","floor":1,"turns":4},{"damage":4,"enemies":"Jaw Worm","floor":3,"turns":3},{"damage":0,"enemies":"Small Slimes","floor":8,"turns":3},{"damage":32,"enemies":"3 Sentries","floor":11,"turns":6},{"damage":23,"enemies":"Lagavulin","floor":14,"turns":4},{"damage":0,"enemies":"Slime Boss","floor":16,"turns":4},{"damage":29,"enemies":"Shell Parasite","floor":18,"turns":4},{"damage":21,"enemies":"2 Thieves","floor":21,"turns":3},{"damage":7,"enemies":"Snake Plant","floor":22,"turns":4},{"damage":44,"enemies":"Book of Stabbing","floor":23,"turns":6},{"damage":18,"enemies":"Cultist and Chosen","floor":24,"turns":5},{"damage":5,"enemies":"Sentry and Sphere","floor":25,"turns":3},{"damage":31,"enemies":"Centurion and Healer","floor":28,"turns":6},{"damage":0,"enemies":"Snecko","floor":29,"turns":3},{"damage":6,"enemies":"Nightmare","floor":30,"turns":7},{"damage":90,"enemies":"Collector","floor":33,"turns":7}],"seed_played":"-3586824034038417622","potions_obtained":[{"floor":2,"key":"GamblersBrew"},{"floor":2,"key":"Elixir"},{"floor":8,"key":"LiquidMemories"},{"floor":11,"key":"DuplicationPotion"},{"floor":16,"key":"Explosive Potion"},{"floor":21,"key":"Reflective Coating"},{"floor":22,"key":"LiquidMemories"},{"floor":29,"key":"SpeedPotion"},{"floor":30,"key":"LifebloodPotion"}],"is_trial":false,"path_per_floor":["M","?","M","$","$","R","?","M","T","R","E","R","?","E","R","B",null,"M","?","AVR","M","M","E","M","M","T","R","M","M","NM","?","R","B"],"character_chosen":"NECROMANCER","items_purchased":["Vampiric_Strike+1","reliquary:WeakTea","conspire:Banana","Summon_Undead_Army"],"campfire_rested":1,"item_purchase_floors":[4,4,5,5],"current_hp_per_floor":[75,45,50,50,50,50,50,56,56,56,38,38,57,42,42,62,83,58,50,50,40,45,26,22,27,27,70,57,63,70,70,70,0,0],"gold":452,"neow_bonus":"HUNDRED_GOLD","is_daily":false,"chose_seed":false,"campfire_upgraded":5,"win_rate":0.0,"timestamp":1613413704,"path_taken":["M","?","M","?","$","R","?","M","T","R","E","R","?","E","R","BOSS","M","?","AVR","M","M","E","M","M","T","R","M","?","NM","?","R","BOSS"],"items_purchased_type":["Card","Relic","Card","Card"],"build_version":"2020-12-22","purchased_purges":1,"victory":false,"max_hp_per_floor":[75,75,75,75,75,75,75,77,77,77,79,79,79,81,81,83,83,85,85,85,87,89,91,93,95,95,95,97,99,101,101,101,103,103],"card_choices":[{"not_picked":["Bone_Bullets","Negative_Energy_Sphere"],"picked":"Negative_Energy_Javelin","floor":1},{"not_picked":["Negative_Energy_Mist","Strike_from_Beyond"],"picked":"Vampiric_Strike","floor":2},{"not_picked":["Negative_Energy_Javelin","Plague_Bolt"],"picked":"Blood_Curse","floor":3},{"not_picked":["Blood_Curse","Consume_Illness","Strike_from_Beyond"],"picked":"SKIP","floor":8},{"not_picked":["Negative_Energy_Shield","Scare"],"picked":"Hellfire","floor":11},{"not_picked":["Pandemic","Scare","Finger_Of_Death"],"picked":"SKIP","floor":14},{"not_picked":["Shackles_Of_Pain+1","Negative_Energy_Shield+1"],"picked":"Negative_Energy_Sphere+1","floor":18},{"not_picked":["Scare","Blood_Shield+1","Life_Tap"],"picked":"SKIP","floor":21},{"not_picked":["Slay_Living","Death_March_Dance+1","Finger_Of_Death"],"picked":"SKIP","floor":22},{"not_picked":["Blood_Whip","Consume_Illness","Blood_for_Blood+1"],"picked":"SKIP","floor":23},{"not_picked":["Vampiric_Strike","Violent_Necrosis+1","Strike_from_Beyond"],"picked":"SKIP","floor":24},{"not_picked":["Strike_from_Beyond","Toxic_Smoke_Screen","Consume_Illness"],"picked":"SKIP","floor":25},{"not_picked":["Vampiric_Strike","Finger_Of_Death","Negative_Energy_Bomb"],"picked":"SKIP","floor":28},{"not_picked":["Death_Coil+1","Scare","Negative_Energy_Javelin"],"picked":"SKIP","floor":29},{"not_picked":["Thousand_Bone_Knives","Negative_Energy_Shield+1","Negative_Energy_Sphere"],"picked":"SKIP","floor":30}],"player_experience":959420,"relics_obtained":[{"floor":2,"key":"Toy Ornithopter"},{"floor":9,"key":"reliquary:Aerogel"},{"floor":11,"key":"Ice Cream"},{"floor":14,"key":"Replay:Mystery Machine"},{"floor":23,"key":"reliquary:TridentHead"},{"floor":23,"key":"Happy Flower"},{"floor":26,"key":"Regal Pillow"},{"floor":30,"key":"reliquary:NewFriend"},{"floor":30,"key":"Omamori"}],"event_choices":[{"damage_healed":19,"gold_gain":0,"player_choice":"Healed","damage_taken":0,"max_hp_gain":0,"max_hp_loss":0,"event_name":"The Cleric","floor":13,"gold_loss":35},{"damage_healed":0,"gold_gain":75,"player_choice":"Touch","damage_taken":8,"max_hp_gain":0,"max_hp_loss":0,"event_name":"FaceTrader","floor":19,"gold_loss":0},{"damage_healed":0,"gold_gain":0,"player_choice":"Forge","damage_taken":0,"max_hp_gain":0,"max_hp_loss":0,"event_name":"Accursed Blacksmith","floor":31,"gold_loss":0,"cards_upgraded":["Vampiric_Strike"]}],"is_beta":false,"boss_relics":[{"not_picked":["Replay:Fungal Core","SacredBark"],"picked":"Black Star"}],"items_purged_floors":[20],"is_endless":true,"potions_floor_spawned":[8,11,16,18,21,22,29,30],"killed_by":"Collector","ascension_level":0}}