{"host":"kpyf5rnb72uwap8k","time":1613422155,"event":{"mods":["AchievementEnabler","BaseMod","Colored Map","Colored Powertips","DeckTracker","Minty Spire (QoL Compilation)","Permanent Neow","Quick Restart","StSLib","SuperFastMode"],"gold_per_floor":[114,126,79,79,93,93,125,143,167,182,206,221,238,251,251,351,351,324,343,120,135,35,35,66,66,89,17,34,47,47,67,67,163,163,179,191,66,66,84,84,94,94,119,130,130,140,140,140,140,140,140],"floor_reached":50,"language":"KOR","playtime":1774,"items_purged":["Strike_G","Strike_G","Strike_G"],"score":598,"play_id":"f016dd78-634a-4acb-97b4-fc3bd16ba1ee","local_time":"20210216054915","is_ascension_mode":true,"campfire_choices":[{"data":"Masterful Stab","floor":6.0,"key":"SMITH"},{"data":"Prepared","floor":15.0,"key":"SMITH"},{"data":"Glass Knife","floor":23.0,"key":"SMITH"},{"floor":30.0,"key":"REST"},{"floor":32.0,"key":"REST"},{"floor":40.0,"key":"REST"},{"floor":42.0,"key":"REST"},{"floor":45,"key":"REST"},{"floor":47,"key":"REST"},{"floor":49,"key":"REST"}],"circlet_count":0,"master_deck":["Strike_G","Strike_G","Defend_G","Defend_G","Defend_G","Defend_G","Defend_G","Survivor+1","Neutralize+1","Backstab","Masterful Stab+1","Deflect","Leg Sweep","Backstab","Blur+1","Dagger Throw","Slice","Prepared+1","Slice","Footwork+1","Glass Knife+1","Predator+1","Neutralize","Slice","Acrobatics","Heel Hook+1"],"relics":["Ring of the Snake","Pen Nib","War Paint","Odd Mushroom","SlaversCollar","Oddly Smooth Stone","Omamori","Busted Crown","Bag of Marbles"],"acts_visited":["Exordium","TheCity","TheBeyond"],"potions_floor_usage":[50,50],"damage_taken":[{"damage":0.0,"enemies":"2 Louse","floor":1.0,"turns":4.0},{"damage":0.0,"enemies":"Jaw Worm","floor":2.0,"turns":4.0},{"damage":0.0,"enemies":"Cultist","floor":5.0,"turns":3.0},{"damage":4.0,"enemies":"Lagavulin","floor":7.0,"turns":7.0},{"damage":0.0,"enemies":"2 Fungi Beasts","floor":8.0,"turns":2.0},{"damage":0.0,"enemies":"Gremlin Gang","floor":10.0,"turns":3.0},{"damage":0.0,"enemies":"The Mushroom Lair","floor":11.0,"turns":4.0},{"damage":0.0,"enemies":"Blue Slaver","floor":12.0,"turns":2.0},{"damage":0.0,"enemies":"Exordium Wildlife","floor":13.0,"turns":4.0},{"damage":12.0,"enemies":"Large Slime","floor":14.0,"turns":4.0},{"damage":0.0,"enemies":"Slime Boss","floor":16.0,"turns":6.0},{"damage":3.0,"enemies":"2 Thieves","floor":18.0,"turns":5.0},{"damage":0.0,"enemies":"Spheric Guardian","floor":19.0,"turns":3.0},{"damage":23.0,"enemies":"Centurion and Healer","floor":21.0,"turns":5.0},{"damage":14.0,"enemies":"Book of Stabbing","floor":24.0,"turns":6.0},{"damage":3.0,"enemies":"Cultist and Chosen","floor":28.0,"turns":4.0},{"damage":3.0,"enemies":"Snake Plant","floor":29.0,"turns":4.0},{"damage":2.0,"enemies":"3 Cultists","floor":31.0,"turns":6.0},{"damage":14.0,"enemies":"Automaton","floor":33.0,"turns":14.0},{"damage":45.0,"enemies":"3 Darklings","floor":35.0,"turns":12.0},{"damage":0.0,"enemies":"Orb Walker","floor":36.0,"turns":2.0},{"damage":20.0,"enemies":"Writhing Mass","floor":39.0,"turns":12.0},{"damage":5.0,"enemies":"4 Shapes","floor":41.0,"turns":5.0},{"damage":26,"enemies":"Transient","floor":44,"turns":5},{"damage":7,"enemies":"Sphere and 2 Shapes","floor":46,"turns":5},{"damage":70,"enemies":"Awakened One","floor":50,"turns":29}],"seed_played":"-5549863734652423273","potions_obtained":[{"floor":1.0,"key":"BlessingOfTheForge"},{"floor":7.0,"key":"SkillPotion"},{"floor":10.0,"key":"FearPotion"},{"floor":11.0,"key":"Strength Potion"},{"floor":12.0,"key":"GamblersBrew"},{"floor":16.0,"key":"SpeedPotion"},{"floor":18.0,"key":"Explosive Potion"},{"floor":28.0,"key":"EssenceOfSteel"},{"floor":31.0,"key":"SmokeBomb"},{"floor":36.0,"key":"LiquidBronze"},{"floor":41.0,"key":"SpeedPotion"}],"is_trial":false,"path_per_floor":["M","M","$","?","M","R","E","M","T","M","?","M","M","M","R","B",null,"M","M","$","M","$","R","E","?","T","$","M","M","R","M","R","B",null,"M","M","$","?","M","R","M","R","T","M","R","M","R","$","R","B"],"character_chosen":"THE_SILENT","items_purchased":["Deflect","Glass Knife","Slice","Acrobatics"],"campfire_rested":7,"item_purchase_floors":[3,20,27,27],"current_hp_per_floor":[70,70,70,70,70,70,66,66,66,66,66,66,66,54,54,54,70,67,67,67,44,44,44,30,30,30,30,27,24,45,43,64,50,70,25,25,25,25,5,26,21,42,42,16,37,30,51,51,70,0,0],"gold":140,"neow_bonus":"UPGRADE_CARD","is_daily":false,"chose_seed":false,"campfire_upgraded":3,"win_rate":0.0,"timestamp":1613422155,"path_taken":["M","M","$","?","M","R","E","M","T","M","?","M","M","M","R","BOSS","M","M","$","M","$","R","E","?","T","?","M","M","R","M","R","BOSS","M","M","$","?","M","R","M","R","T","M","R","?","R","$","R","BOSS"],"items_purchased_type":["Card","Card","Card","Card"],"build_version":"2020-12-22","purchased_purges":3,"victory":false,"max_hp_per_floor":[70,70,70,70,70,70,70,70,70,70,70,70,70,70,70,70,70,70,70,70,70,70,70,70,70,70,70,70,70,70,70,70,70,70,70,70,70,70,70,70,70,70,70,70,70,70,70,70,70,70,70],"card_choices":[{"not_picked":["Escape Plan","Noxious Fumes"],"picked":"Backstab","floor":1.0},{"not_picked":["Noxious Fumes","Dodge and Roll"],"picked":"Masterful Stab","floor":2.0},{"not_picked":["Sucker Punch","Setup"],"picked":"Leg Sweep","floor":5.0},{"not_picked":["Accuracy","Heel Hook"],"picked":"Backstab","floor":7.0},{"not_picked":["PiercingWail","Dodge and Roll"],"picked":"Blur","floor":8.0},{"not_picked":["Flechettes","Bane"],"picked":"Dagger Throw","floor":10.0},{"not_picked":["Finisher","Calculated Gamble"],"picked":"Slice","floor":12.0},{"not_picked":["Dagger Spray","Cloak And Dagger"],"picked":"Prepared","floor":13.0},{"not_picked":["Flechettes","Blade Dance","Deadly Poison"],"picked":"SKIP","floor":14.0},{"not_picked":["Dagger Throw","Deadly Poison"],"picked":"Slice","floor":18.0},{"not_picked":["Finisher+1","Deflect"],"picked":"Footwork+1","floor":19.0},{"not_picked":["All Out Attack","Backflip+1"],"picked":"Predator+1","floor":21.0},{"not_picked":["Crippling Poison+1","Riddle With Holes","Dagger Spray"],"picked":"SKIP","floor":24.0},{"not_picked":["Deadly Poison+1","Slice","Crippling Poison"],"picked":"SKIP","floor":28.0},{"not_picked":["Concentrate","Flechettes+1"],"picked":"Heel Hook+1","floor":29.0},{"not_picked":["Poisoned Stab","Riddle With Holes","Well Laid Plans"],"picked":"SKIP","floor":31.0},{"not_picked":["Choke"],"picked":"SKIP","floor":35.0},{"not_picked":["Deadly Poison"],"picked":"SKIP","floor":36.0},{"not_picked":["Cloak And Dagger+1"],"picked":"SKIP","floor":39.0},{"not_picked":["Leg Sweep+1"],"picked":"SKIP","floor":41.0},{"not_picked":["Cloak And Dagger"],"picked":"SKIP","floor":44},{"not_picked":["Dash+1"],"picked":"SKIP","floor":46}],"player_experience":278220,"relics_obtained":[{"floor":7.0,"key":"Pen Nib"},{"floor":9.0,"key":"War Paint"},{"floor":11.0,"key":"Odd Mushroom"},{"floor":24.0,"key":"Oddly Smooth Stone"},{"floor":26.0,"key":"Omamori"},{"floor":43.0,"key":"Bag of Marbles"}],"event_choices":[{"damage_healed":0.0,"max_hp_gain":0.0,"max_hp_loss":0.0,"gold_gain":0.0,"event_name":"Liars Game","player_choice":"Ignored","floor":4.0,"gold_loss":0.0,"damage_taken":0.0},{"damage_healed":0.0,"max_hp_gain":0.0,"max_hp_loss":0.0,"gold_gain":0.0,"event_name":"Mushrooms","player_choice":"Fought Mushrooms","floor":11.0,"gold_loss":0.0,"damage_taken":0.0},{"damage_healed":0.0,"max_hp_gain":0.0,"max_hp_loss":0.0,"gold_gain":0.0,"event_name":"Match and Keep!","player_choice":"1 cards matched","floor":25.0,"gold_loss":0.0,"damage_taken":0.0,"cards_obtained":["Neutralize"]},{"damage_healed":0.0,"max_hp_gain":0.0,"max_hp_loss":0.0,"gold_gain":0.0,"event_name":"Match and Keep!","player_choice":"0 cards matched","floor":38.0,"gold_loss":0.0,"damage_taken":0.0,"cards_obtained":[]}],"is_beta":false,"boss_relics":[{"not_picked":["Velvet Choker","Pandora\u0027s Box"],"picked":"SlaversCollar"},{"not_picked":["HoveringKite","Sozu"],"picked":"Busted Crown"}],"items_purged_floors":[20,22,37],"is_endless":false,"potions_floor_spawned":[1,7,10,11,12,16,18,28,31,36,41,44],"killed_by":"Awakened One","ascension_level":3}}