{"host":"s509oin3ptw7n5v1","time":1613355048,"event":{"mods":["2.2 Compatiblity","AchievementEnabler","BaseMod","Colored Map","Colored Powertips","Highlight Path","Minty Spire (QoL Compilation)","Rare Cards Sparkle","Relic Stats","Spicy Shops","StSLib"],"gold_per_floor":[112,112,132,51,70,70,134,134,158,190,207,207,234,244,244,340,340,350,350,161,181,181,210,210,242,294,294,312,5,22,41,41,138,138,153,206,206,221,39,39,70,83,133,143,143,27,27,58,58,58,58,58,15,43,43],"floor_reached":56,"language":"ENG","playtime":7220,"items_purged":["Strike_B","Stack"],"score":1865,"play_id":"9315aaaa-4c52-4242-99eb-f91ac418478f","local_time":"20210214211048","is_ascension_mode":true,"campfire_choices":[{"floor":6.0,"key":"REST"},{"data":"Streamline","floor":8.0,"key":"SMITH"},{"floor":12.0,"key":"REST"},{"floor":15.0,"key":"REST"},{"data":"Hologram","floor":24.0,"key":"SMITH"},{"floor":27.0,"key":"REST"},{"data":"Double Energy","floor":32.0,"key":"SMITH"},{"floor":40.0,"key":"RECALL"},{"data":"Echo Form","floor":45.0,"key":"SMITH"},{"data":"Storm","floor":47.0,"key":"SMITH"},{"data":"Echo Form","floor":49.0,"key":"SMITH"},{"floor":52.0,"key":"REST"}],"circlet_count":0,"master_deck":["AscendersBane","Defend_B","Defend_B","Defend_B","Defend_B","Zap","Dualcast","Streamline+1","Hello World","Rip and Tear","Reinforced Body","Doom and Gloom+1","Ball Lightning","Hologram+1","Electrodynamics","Sweeping Beam+1","Capacitor","Double Energy+1","Capacitor","Meteor Strike","Echo Form+1","Stack","Rebound+1","Heatsinks","Machine Learning","Auto Shields+1","Stack+1","Hello World+1","Turbo+1","Fusion","White Noise","Capacitor","Undo","Echo Form+1","Storm+1","Melter","Auto Shields+1","Defragment","Fusion"],"relics":["Cracked Core","Pear","Toy Ornithopter","Bag of Marbles","MealTicket","Runic Pyramid","Oddly Smooth Stone","Mummified Hand","Anchor","Regal Pillow","Membership Card","Torii","Astrolabe","FossilizedHelix","Whetstone","Dream Catcher","Bronze Scales","Runic Capacitor","White Beast Statue","DataDisk"],"acts_visited":["Exordium","TheCity","TheBeyond","TheEnding"],"potions_floor_usage":[55,55],"damage_taken":[{"damage":4.0,"enemies":"2 Louse","floor":1.0,"turns":2.0},{"damage":1.0,"enemies":"Cultist","floor":3.0,"turns":3.0},{"damage":0.0,"enemies":"Small Slimes","floor":5.0,"turns":3.0},{"damage":12.0,"enemies":"Gremlin Nob","floor":7.0,"turns":3.0},{"damage":30.0,"enemies":"3 Sentries","floor":10.0,"turns":5.0},{"damage":24.0,"enemies":"Exordium Thugs","floor":11.0,"turns":2.0},{"damage":16.0,"enemies":"Gremlin Nob","floor":13.0,"turns":4.0},{"damage":3.0,"enemies":"Blue Slaver","floor":14.0,"turns":2.0},{"damage":18.0,"enemies":"Slime Boss","floor":16.0,"turns":9.0},{"damage":58.0,"enemies":"Shell Parasite","floor":18.0,"turns":6.0},{"damage":12.0,"enemies":"Chosen","floor":21.0,"turns":4.0},{"damage":21.0,"enemies":"Gremlin Leader","floor":23.0,"turns":6.0},{"damage":23.0,"enemies":"Book of Stabbing","floor":25.0,"turns":5.0},{"damage":29.0,"enemies":"Centurion and Healer","floor":28.0,"turns":7.0},{"damage":1.0,"enemies":"Cultist and Chosen","floor":30.0,"turns":5.0},{"damage":12.0,"enemies":"Sentry and Sphere","floor":31.0,"turns":6.0},{"damage":34.0,"enemies":"Automaton","floor":33.0,"turns":8.0},{"damage":19.0,"enemies":"3 Shapes","floor":35.0,"turns":4.0},{"damage":26.0,"enemies":"2 Orb Walkers","floor":36.0,"turns":4.0},{"damage":0.0,"enemies":"Orb Walker","floor":38.0,"turns":2.0},{"damage":0.0,"enemies":"Giant Head","floor":41.0,"turns":7.0},{"damage":0.0,"enemies":"4 Shapes","floor":42.0,"turns":6.0},{"damage":6.0,"enemies":"Sphere and 2 Shapes","floor":44.0,"turns":4.0},{"damage":41.0,"enemies":"Reptomancer","floor":48.0,"turns":5.0},{"damage":29.0,"enemies":"Donu and Deca","floor":50.0,"turns":5.0},{"damage":29.0,"enemies":"Shield and Spear","floor":54.0,"turns":4.0},{"damage":55,"enemies":"The Heart","floor":55,"turns":8}],"seed_played":"3119183485035207140","potions_obtained":[{"floor":5.0,"key":"Strength Potion"},{"floor":7.0,"key":"FearPotion"},{"floor":10.0,"key":"LiquidBronze"},{"floor":11.0,"key":"SpeedPotion"},{"floor":16.0,"key":"Fruit Juice"},{"floor":21.0,"key":"SpeedPotion"},{"floor":28.0,"key":"FearPotion"},{"floor":33.0,"key":"LiquidMemories"},{"floor":35.0,"key":"DuplicationPotion"},{"floor":41.0,"key":"Strength Potion"},{"floor":42.0,"key":"PotionOfCapacity"},{"floor":44.0,"key":"LiquidMemories"},{"floor":54.0,"key":"Strength Potion"}],"is_trial":false,"path_per_floor":["M","?","M","$","M","R","?","R","T","E","M","R","E","M","R","B",null,"M","?","$","M","?","E","R","E","T","R","M","$","M","M","R","B",null,"M","?","?","M","$","R","E","M","T","M","R","$","R","E","R","B",null,"R","$","E","B",null],"character_chosen":"DEFECT","items_purchased":["Hello World","Capacitor","Oddly Smooth Stone","Membership Card","Torii","Stack","Capacitor","Whetstone","DuplicationPotion","Runic Capacitor","Storm","Defragment","PowerPotion"],"campfire_rested":5,"item_purchase_floors":[4,20,20,29,29,29,39,39,39,46,46,53,53],"current_hp_per_floor":[60,45,44,44,44,73,61,61,61,31,17,46,35,32,61,53,91,33,104,104,92,92,76,76,53,53,99,70,85,84,72,72,43,89,70,49,104,104,104,104,104,104,104,98,98,104,104,63,63,34,87,104,104,80,35],"gold":43,"neow_bonus":"TWENTY_PERCENT_HP_BONUS","is_daily":false,"chose_seed":false,"campfire_upgraded":6,"win_rate":0.0,"timestamp":1613355048,"path_taken":["M","?","M","$","M","R","?","R","T","E","M","R","E","M","R","BOSS","M","?","$","?","?","E","R","E","T","R","M","$","M","M","R","BOSS","M","?","?","M","$","R","E","M","T","?","R","$","R","E","R","BOSS","R","$","E","BOSS"],"items_purchased_type":["Card","Card","Relic","Relic","Relic","Card","Card","Relic","Potion","Relic","Card","Card","Potion"],"build_version":"2020-12-22","purchased_purges":2,"victory":true,"max_hp_per_floor":[89,99,99,99,99,99,99,99,99,99,99,99,99,99,99,104,104,104,104,104,104,104,104,104,104,104,104,104,104,104,104,104,104,104,104,104,104,104,104,104,104,104,104,104,104,104,104,104,104,104,104,104,104,104,104],"relic_stats":{"Regal Pillow":15,"Dream Catcher":1,"Torii":36,"counters":[27,129],"Mummified Hand":[170],"Astrolabe":["Auto Shields","Stack","Hello World"],"Bronze Scales":[156],"MealTicket":21,"Whetstone":["Sweeping Beam","Doom and Gloom"],"obtain_stats":[{"Regal Pillow":26,"Pear":2,"Torii":29,"Astrolabe":34,"Oddly Smooth Stone":20,"Runic Capacitor":46,"Whetstone":39,"White Beast Statue":48,"Anchor":25,"Dream Catcher":41,"DataDisk":54,"Mummified Hand":23,"Bronze Scales":43,"MealTicket":13,"Bag of Marbles":10,"Membership Card":29,"Cracked Core":0,"Toy Ornithopter":7,"FossilizedHelix":36,"Runic Pyramid":17},{"Regal Pillow":13,"Pear":1,"Torii":14,"Astrolabe":17,"Oddly Smooth Stone":10,"Runic Capacitor":23,"Whetstone":20,"White Beast Statue":24,"Anchor":13,"Dream Catcher":21,"DataDisk":26,"Mummified Hand":12,"Bronze Scales":22,"MealTicket":7,"Bag of Marbles":5,"Membership Card":14,"Cracked Core":0,"Toy Ornithopter":4,"FossilizedHelix":19,"Runic Pyramid":9},{"Regal Pillow":54,"Pear":2,"Torii":61,"Astrolabe":80,"Oddly Smooth Stone":39,"Runic Capacitor":107,"Whetstone":90,"White Beast Statue":112,"Anchor":54,"Dream Catcher":97,"DataDisk":121,"Mummified Hand":49,"Bronze Scales":103,"MealTicket":22,"Bag of Marbles":16,"Membership Card":61,"Cracked Core":0,"Toy Ornithopter":11,"FossilizedHelix":88,"Runic Pyramid":33}],"Toy Ornithopter":50},"card_choices":[{"not_picked":["Compile Driver","Gash"],"picked":"Streamline","floor":1.0},{"not_picked":["Steam Power","Steam"],"picked":"Stack","floor":3.0},{"not_picked":["Force Field","Double Energy"],"picked":"Rip and Tear","floor":5.0},{"not_picked":["Redo","Rebound"],"picked":"Reinforced Body","floor":7.0},{"not_picked":["Redo","Loop"],"picked":"Doom and Gloom","floor":10.0},{"not_picked":["Cold Snap","Chaos"],"picked":"Ball Lightning","floor":11.0},{"not_picked":["Coolheaded","Gash"],"picked":"Sunder","floor":13.0},{"not_picked":["Go for the Eyes","Steam Power"],"picked":"Hologram","floor":14.0},{"not_picked":["Core Surge","Rainbow"],"picked":"Electrodynamics","floor":16.0},{"not_picked":["Turbo","Cold Snap"],"picked":"Sweeping Beam","floor":18.0},{"not_picked":["Gash","Ball Lightning"],"picked":"Double Energy","floor":21.0},{"not_picked":["Go for the Eyes+1","Sweeping Beam"],"picked":"Meteor Strike","floor":23.0},{"not_picked":["Turbo","Cold Snap"],"picked":"Echo Form","floor":25.0},{"not_picked":["Hologram","Streamline","Scrape"],"picked":"SKIP","floor":28.0},{"not_picked":["Hologram","Scrape"],"picked":"Rebound+1","floor":30.0},{"not_picked":["Hologram+1","Scrape"],"picked":"Heatsinks","floor":31.0},{"not_picked":["Electrodynamics","Hyperbeam"],"picked":"Machine Learning","floor":33.0},{"not_picked":["Beam Cell+1","Conserve Battery"],"picked":"Turbo+1","floor":35.0},{"not_picked":["FTL","Streamline+1"],"picked":"Fusion","floor":36.0},{"not_picked":["Sunder","Ball Lightning"],"picked":"White Noise","floor":38.0},{"not_picked":["Cold Snap","Sunder+1"],"picked":"Undo","floor":41.0},{"not_picked":["Hologram","Sunder","Sweeping Beam"],"picked":"SKIP","floor":42.0},{"not_picked":["Ball Lightning+1","Stack"],"picked":"Echo Form","floor":44.0},{"not_picked":["Darkness+1","Undo+1"],"picked":"Melter","floor":48.0},{"not_picked":["Coolheaded","Hologram"],"picked":"Auto Shields+1","floor":52.0},{"not_picked":["Leap","Coolheaded"],"picked":"Fusion","floor":54.0}],"player_experience":1176828,"relics_obtained":[{"floor":7.0,"key":"Toy Ornithopter"},{"floor":10.0,"key":"Bag of Marbles"},{"floor":13.0,"key":"MealTicket"},{"floor":23.0,"key":"Mummified Hand"},{"floor":25.0,"key":"Anchor"},{"floor":26.0,"key":"Regal Pillow"},{"floor":36.0,"key":"FossilizedHelix"},{"floor":41.0,"key":"Dream Catcher"},{"floor":43.0,"key":"Bronze Scales"},{"floor":48.0,"key":"White Beast Statue"},{"floor":54.0,"key":"DataDisk"}],"event_choices":[{"damage_healed":0.0,"max_hp_gain":0.0,"max_hp_loss":0.0,"gold_gain":0.0,"event_name":"Scrap Ooze","player_choice":"Success","floor":2.0,"gold_loss":0.0,"damage_taken":25.0,"relics_obtained":["Pear"]},{"damage_healed":0.0,"max_hp_gain":0.0,"max_hp_loss":0.0,"gold_gain":30.0,"event_name":"Dead Adventurer","player_choice":"Searched \u00273\u0027 times","floor":7.0,"gold_loss":0.0,"damage_taken":0.0},{"cards_removed":["Sunder"],"damage_healed":71.0,"max_hp_gain":0.0,"max_hp_loss":0.0,"gold_gain":0.0,"event_name":"Bonfire Elementals","player_choice":"Offered Uncommon","floor":19.0,"gold_loss":0.0,"damage_taken":0.0},{"damage_healed":0.0,"max_hp_gain":0.0,"max_hp_loss":0.0,"gold_gain":0.0,"event_name":"Duplicator","player_choice":"Copied","floor":22.0,"gold_loss":0.0,"damage_taken":0.0,"cards_obtained":["Capacitor"]},{"damage_healed":0.0,"max_hp_gain":0.0,"max_hp_loss":0.0,"gold_gain":0.0,"event_name":"Mysterious Sphere","player_choice":"Fight","floor":36.0,"gold_loss":0.0,"damage_taken":0.0},{"damage_healed":55.0,"max_hp_gain":0.0,"max_hp_loss":0.0,"gold_gain":0.0,"event_name":"Wheel of Change","player_choice":"Full Heal","floor":37.0,"gold_loss":0.0,"damage_taken":0.0}],"is_beta":false,"boss_relics":[{"not_picked":["Tiny House","Runic Dome"],"picked":"Runic Pyramid"},{"not_picked":["Empty Cage","FrozenCore"],"picked":"Astrolabe"}],"items_purged_floors":[20,39],"is_endless":false,"potions_floor_spawned":[5,7,10,11,16,21,28,33,35,41,42,44,54],"ascension_level":12}}