{"host":"eft627g0ddukeijo","time":1613385178,"event":{"mods":["AchievementEnabler","BaseMod","Bestiary","Better Note","Block Reminder","Colored Powertips","Filter the Spire","Highlight Path","Minty Spire (QoL Compilation)","Permanent Neow","Quick Restart","Rare Cards Sparkle","Relic Stats","Slay-I","StSLib","Weighted Paths"],"gold_per_floor":[119,138,138,58,68,68,99,99,99,111,137,169,193,216,228,336,348,370,382,394,406,428,440,466,491,503,515,541,553,565,87,87,187,187,197,197,209,222,146,146,157,157,184,227,227,18,33,33,33,33,33,33,33,64,64,64],"floor_reached":55,"language":"ENG","playtime":2035,"items_purged":["Defend_B"],"score":874,"play_id":"a884fdfb-6830-47cd-b5a9-9eceaf1a0cb6","local_time":"20210215193258","is_ascension_mode":true,"campfire_choices":[{"data":"Zap","floor":6.0,"key":"SMITH"},{"floor":10.0,"key":"REST"},{"floor":15.0,"key":"REST"},{"floor":23.0,"key":"REST"},{"floor":27.0,"key":"REST"},{"floor":30.0,"key":"REST"},{"floor":32.0,"key":"REST"},{"floor":40,"key":"REST"},{"floor":42,"key":"REST"},{"floor":45,"key":"REST"},{"floor":49,"key":"RECALL"},{"data":"Buffer","floor":52,"key":"SMITH"}],"circlet_count":0,"master_deck":["Defend_B","Defend_B","Defend_B","Zap+1","Dualcast","Core Surge+1","Static Discharge+1","Reboot+1","Defragment","Defragment","Storm","Biased Cognition","Defragment","Cold Snap","Cold Snap","Buffer+1","Skim","Zap","Buffer","Consume","BootSequence+1","Echo Form","Storm","Conserve Battery+1","Glacier","Blizzard"],"relics":["Astrolabe","Sundial","MawBank","Inserter","FossilizedHelix","Medical Kit","Regal Pillow","Black Star","CeramicFish","CaptainsWheel","Runic Capacitor","Ginger","Kunai"],"acts_visited":["Exordium","TheCity","TheBeyond","TheEnding"],"potions_floor_usage":[41,47,50],"damage_taken":[{"damage":10.0,"enemies":"Small Slimes","floor":1.0,"turns":2.0},{"damage":1.0,"enemies":"Cultist","floor":2.0,"turns":3.0},{"damage":12.0,"enemies":"Jaw Worm","floor":5.0,"turns":3.0},{"damage":37.0,"enemies":"Gremlin Nob","floor":7.0,"turns":4.0},{"damage":7.0,"enemies":"2 Fungi Beasts","floor":11.0,"turns":3.0},{"damage":5.0,"enemies":"Lots of Slimes","floor":12.0,"turns":4.0},{"damage":13.0,"enemies":"Large Slime","floor":13.0,"turns":4.0},{"damage":3.0,"enemies":"Exordium Thugs","floor":14.0,"turns":3.0},{"damage":0.0,"enemies":"Slime Boss","floor":16.0,"turns":10.0},{"damage":14.0,"enemies":"Shell Parasite","floor":18.0,"turns":3.0},{"damage":18.0,"enemies":"3 Byrds","floor":22.0,"turns":2.0},{"damage":12.0,"enemies":"Centurion and Healer","floor":24.0,"turns":5.0},{"damage":30.0,"enemies":"Snake Plant","floor":25.0,"turns":4.0},{"damage":0.0,"enemies":"3 Cultists","floor":28.0,"turns":4.0},{"damage":4.0,"enemies":"Champ","floor":33.0,"turns":9.0},{"damage":13.0,"enemies":"Orb Walker","floor":35.0,"turns":6.0},{"damage":50.0,"enemies":"3 Darklings","floor":37.0,"turns":6.0},{"damage":13.0,"enemies":"4 Shapes","floor":38.0,"turns":7.0},{"damage":34,"enemies":"Writhing Mass","floor":41,"turns":5},{"damage":30,"enemies":"Giant Head","floor":44,"turns":7},{"damage":20,"enemies":"Transient","floor":47,"turns":5},{"damage":16,"enemies":"Donu and Deca","floor":50,"turns":10},{"damage":34,"enemies":"Shield and Spear","floor":54,"turns":10},{"damage":31,"enemies":"The Heart","floor":55,"turns":2}],"seed_played":"-6858650340017597615","potions_obtained":[{"floor":5.0,"key":"FearPotion"},{"floor":7.0,"key":"Ancient Potion"},{"floor":8.0,"key":"LiquidMemories"},{"floor":8.0,"key":"FearPotion"},{"floor":11.0,"key":"AttackPotion"},{"floor":12.0,"key":"GamblersBrew"},{"floor":16.0,"key":"LiquidBronze"},{"floor":18.0,"key":"Energy Potion"},{"floor":25.0,"key":"Ancient Potion"},{"floor":37.0,"key":"SpeedPotion"},{"floor":38.0,"key":"BlessingOfTheForge"},{"floor":44,"key":"FocusPotion"}],"is_trial":false,"path_per_floor":["M","M","?","$","M","R","E","?","T","R","M","M","M","M","R","B",null,"M","?","?","$","M","R","M","M","T","R","M","?","R","$","R","B",null,"M","?","M","M","$","R","M","R","T","E","R","$","M","?","R","B",null,"R","$","E","B"],"character_chosen":"DEFECT","items_purchased":["Defragment","Medical Kit","Regal Pillow","FairyPotion","Glacier","Runic Capacitor","FocusPotion"],"campfire_rested":9,"item_purchase_floors":[4,31,31,31,39,46,46],"current_hp_per_floor":[65,64,64,64,52,52,15,15,15,37,30,25,12,9,31,31,64,50,50,50,50,32,54,42,12,12,34,34,34,56,56,75,71,74,61,61,11,22,22,59,25,62,62,32,69,69,49,49,49,33,65,65,65,31,0,0],"gold":64,"neow_bonus":"BOSS_RELIC","is_daily":false,"chose_seed":false,"campfire_upgraded":2,"win_rate":0.0,"timestamp":1613385178,"path_taken":["M","M","?","$","M","R","E","?","T","R","M","?","M","M","R","BOSS","M","?","?","$","?","R","M","M","T","R","M","?","R","$","R","BOSS","M","?","M","M","$","R","M","R","T","E","R","$","M","?","R","BOSS","R","$","E","BOSS"],"items_purchased_type":["Card","Relic","Relic","Potion","Card","Relic","Potion"],"build_version":"2020-12-22","purchased_purges":1,"victory":false,"max_hp_per_floor":[75,75,75,75,75,75,75,75,75,75,75,75,75,75,75,75,75,75,75,75,75,75,75,75,75,75,75,75,75,75,75,75,75,75,75,75,75,75,75,75,75,75,75,75,75,75,75,75,75,75,75,75,75,75,75,75],"relic_stats":{"Regal Pillow":45,"Inserter":[42],"counters":[24,121],"Sundial":[22],"Astrolabe":["Core Surge","Static Discharge","Reboot"],"CeramicFish":9,"Black Star":2,"Ginger":[2],"Kunai":[0],"MawBank":264,"Medical Kit":[22],"obtain_stats":[{"Regal Pillow":31,"Inserter":17,"Astrolabe":0,"CeramicFish":44,"Runic Capacitor":46,"Ginger":54,"MawBank":9,"Medical Kit":31,"CaptainsWheel":44,"Sundial":7,"Black Star":34,"Kunai":54,"Cracked Core":0,"FossilizedHelix":26},{"Regal Pillow":14,"Inserter":9,"Astrolabe":0,"CeramicFish":20,"Runic Capacitor":20,"Ginger":23,"MawBank":4,"Medical Kit":14,"CaptainsWheel":20,"Sundial":4,"Black Star":15,"Kunai":23,"Cracked Core":0,"FossilizedHelix":13},{"Regal Pillow":54,"Inserter":36,"Astrolabe":0,"CeramicFish":94,"Runic Capacitor":94,"Ginger":119,"MawBank":12,"Medical Kit":54,"CaptainsWheel":94,"Sundial":12,"Black Star":63,"Kunai":119,"Cracked Core":0,"FossilizedHelix":50}]},"card_choices":[{"not_picked":["Sweeping Beam","Leap"],"picked":"Defragment","floor":1.0},{"not_picked":["Gash","Streamline","Fusion"],"picked":"SKIP","floor":2.0},{"not_picked":["Rip and Tear","Hologram"],"picked":"Storm","floor":5.0},{"not_picked":["Recycle","Aggregate"],"picked":"Biased Cognition","floor":7.0},{"not_picked":["Conserve Battery","Static Discharge"],"picked":"Defragment","floor":11.0},{"not_picked":["Compile Driver","Chill"],"picked":"Cold Snap","floor":12.0},{"not_picked":["Streamline","Rainbow","Undo"],"picked":"SKIP","floor":13.0},{"not_picked":["Static Discharge","Hologram"],"picked":"Cold Snap","floor":14.0},{"not_picked":["Machine Learning","Rainbow"],"picked":"Buffer","floor":16.0},{"not_picked":["Redo","Leap"],"picked":"Skim","floor":18.0},{"not_picked":["Hologram","Reinforced Body","Stack+1"],"picked":"SKIP","floor":22.0},{"not_picked":["Tempest+1","Skim"],"picked":"Consume","floor":24.0},{"not_picked":["Compile Driver","Auto Shields"],"picked":"BootSequence+1","floor":25.0},{"not_picked":["Turbo","Go for the Eyes","Barrage"],"picked":"SKIP","floor":28.0},{"not_picked":["Core Surge","All For One"],"picked":"Echo Form","floor":33.0},{"not_picked":["Gash","Compile Driver","Sweeping Beam+1"],"picked":"SKIP","floor":35.0},{"not_picked":["Cold Snap+1","Sweeping Beam"],"picked":"Storm","floor":37.0},{"not_picked":["Go for the Eyes","Recycle+1"],"picked":"Conserve Battery+1","floor":38.0},{"not_picked":["Steam+1","Leap","Compile Driver"],"picked":"SKIP","floor":41},{"not_picked":["Static Discharge","Rip and Tear+1"],"picked":"Blizzard","floor":44},{"not_picked":["Streamline","Rip and Tear","Reprogram+1"],"picked":"SKIP","floor":47},{"not_picked":["Hello World+1","Amplify","Machine Learning"],"picked":"SKIP","floor":54}],"player_experience":592314,"relics_obtained":[{"floor":7.0,"key":"Sundial"},{"floor":9.0,"key":"MawBank"},{"floor":26.0,"key":"FossilizedHelix"},{"floor":44,"key":"CeramicFish"},{"floor":44,"key":"CaptainsWheel"},{"floor":54,"key":"Ginger"},{"floor":54,"key":"Kunai"}],"event_choices":[{"damage_healed":0.0,"max_hp_gain":0.0,"max_hp_loss":0.0,"gold_gain":0.0,"event_name":"Shining Light","player_choice":"Ignored","floor":3.0,"gold_loss":0.0,"damage_taken":0.0},{"damage_healed":0.0,"max_hp_gain":0.0,"max_hp_loss":0.0,"gold_gain":0.0,"event_name":"Lab","player_choice":"Got Potions","floor":8.0,"gold_loss":0.0,"damage_taken":0.0},{"damage_healed":0.0,"max_hp_gain":0.0,"max_hp_loss":0.0,"gold_gain":0.0,"event_name":"The Mausoleum","player_choice":"Ignored","floor":19.0,"gold_loss":0.0,"damage_taken":0.0},{"damage_healed":0.0,"max_hp_gain":0.0,"max_hp_loss":0.0,"gold_gain":0.0,"event_name":"Match and Keep!","player_choice":"2 cards matched","floor":20.0,"gold_loss":0.0,"damage_taken":0.0,"cards_obtained":["Zap","Buffer"]},{"cards_removed":["Strike_B"],"damage_healed":0.0,"max_hp_gain":0.0,"max_hp_loss":0.0,"gold_gain":0.0,"event_name":"Bonfire Elementals","player_choice":"Offered Basic","floor":29.0,"gold_loss":0.0,"damage_taken":0.0},{"damage_healed":0.0,"max_hp_gain":0.0,"max_hp_loss":0.0,"gold_gain":0.0,"event_name":"Tomb of Lord Red Mask","player_choice":"Ignored","floor":36.0,"gold_loss":0.0,"damage_taken":0.0},{"damage_healed":0,"gold_gain":0,"player_choice":"Ignored","damage_taken":0,"max_hp_gain":0,"max_hp_loss":0,"event_name":"SecretPortal","floor":48,"gold_loss":0}],"is_beta":false,"boss_relics":[{"not_picked":["Calling Bell","Tiny House"],"picked":"Inserter"},{"not_picked":["Nuclear Battery","Runic Pyramid"],"picked":"Black Star"}],"items_purged_floors":[31],"is_endless":false,"potions_floor_spawned":[5,7,11,12,16,18,25,37,38,44],"killed_by":"The Heart","ascension_level":5}}