{"host":"kiqwdjvbe02g19y1","time":1613399347,"event":{"mods":["BaseMod","BetterRewards","Colored Powertips","Downfall","Googly Eyes","Hubris","Minty Spire (QoL Compilation)","Relic Stats","Spicy Shops","StSLib","everything is the same but u backflip on backflip","slay the spire mod where everything is the same but ironclad has a cowboy hat"],"gold_per_floor":[113,113,38,49,49,49,49,81,104,142,171,193,233,265,277,384,396,424,449,461,473,165,165,176,176,176],"floor_reached":25,"language":"ENG","playtime":1217,"items_purged":["Strike_R","Strike_R","Defend_R"],"score":295,"play_id":"fd356a6c-092f-4ed6-8572-91f7b604e6a0","local_time":"20210216002907","is_ascension_mode":true,"campfire_choices":[{"data":"Dual Wield","floor":6.0,"key":"SMITH"},{"floor":15.0,"key":"REST"},{"floor":23,"key":"REST"}],"circlet_count":0,"master_deck":["Strike_R","Strike_R","Strike_R","Defend_R","Defend_R","Defend_R","Dual Wield+1","Clash","Inflame","Inflame+1","Bandage Up"],"relics":["Burning Blood","NeowsBlessing","Blue Candle","hubris:Towel","Juzu Bracelet","MawBank","Vajra","Kunai","hubris:Stopwatch"],"acts_visited":["Exordium","TheCity"],"potions_floor_usage":[],"damage_taken":[{"damage":0.0,"enemies":"2 Louse","floor":1.0,"turns":1.0},{"damage":0.0,"enemies":"Jaw Worm","floor":4.0,"turns":1.0},{"damage":0.0,"enemies":"Gremlin Nob","floor":8.0,"turns":1.0},{"damage":60.0,"enemies":"Lagavulin","floor":10.0,"turns":7.0},{"damage":1.0,"enemies":"Cultist","floor":11.0,"turns":3.0},{"damage":2.0,"enemies":"Exordium Wildlife","floor":12.0,"turns":2.0},{"damage":13.0,"enemies":"Gremlin Nob","floor":13.0,"turns":3.0},{"damage":20.0,"enemies":"Gremlin Gang","floor":14.0,"turns":6.0},{"damage":31.0,"enemies":"The Guardian","floor":16.0,"turns":11.0},{"damage":21,"enemies":"3 Byrds","floor":18,"turns":5},{"damage":27,"enemies":"Spheric Guardian","floor":19,"turns":5},{"damage":23,"enemies":"Shelled Parasite and Fungi","floor":24,"turns":4},{"damage":62,"enemies":"Book of Stabbing","floor":25,"turns":4}],"seed_played":"6082267453209881113","potions_obtained":[{"floor":1.0,"key":"Ancient Potion"},{"floor":4.0,"key":"champ:CounterPotion"},{"floor":14.0,"key":"sneckomod:MuddlingPotion"},{"floor":16.0,"key":"Dexterity Potion"},{"floor":18,"key":"hexamod:SoulburnPotion"},{"floor":19,"key":"SteroidPotion"}],"is_trial":false,"path_per_floor":["M","?","$","M","?","R","?","E","T","E","M","M","E","M","R","B",null,"M","M","?","?","$","R","M","E"],"character_chosen":"IRONCLAD","items_purchased":["Bandage Up"],"campfire_rested":2,"item_purchase_floors":[22],"current_hp_per_floor":[80,68,68,74,74,74,74,80,80,26,31,35,28,14,38,13,80,65,44,44,44,44,68,55,0,0],"gold":176,"neow_bonus":"THREE_ENEMY_KILL","is_daily":false,"chose_seed":false,"campfire_upgraded":1,"win_rate":0.0,"timestamp":1613399347,"path_taken":["M","?","$","M","?","R","?","E","T","E","M","M","E","M","R","BOSS","M","M","?","?","$","R","M","E"],"items_purchased_type":["Card"],"build_version":"2020-12-22","purchased_purges":3,"victory":false,"max_hp_per_floor":[80,80,80,80,80,80,80,80,80,80,80,80,80,80,80,80,80,80,80,80,80,80,80,80,80,80],"relic_stats":{"counters":[13,53],"Blue Candle":[0],"Juzu Bracelet":0,"Kunai":[8],"MawBank":156,"obtain_stats":[{"NeowsBlessing":0,"Blue Candle":2,"hubris:Stopwatch":17,"Vajra":10,"Juzu Bracelet":8,"Kunai":13,"hubris:Towel":7,"MawBank":9,"Burning Blood":0},{"NeowsBlessing":0,"Blue Candle":1,"hubris:Stopwatch":9,"Vajra":4,"Juzu Bracelet":3,"Kunai":7,"hubris:Towel":2,"MawBank":3,"Burning Blood":0},{"NeowsBlessing":0,"Blue Candle":1,"hubris:Stopwatch":35,"Vajra":10,"Juzu Bracelet":3,"Kunai":18,"hubris:Towel":2,"MawBank":3,"Burning Blood":0}],"Burning Blood":66},"card_choices":[{"not_picked":["Bloodletting","Twin Strike"],"picked":"Dual Wield","floor":1.0},{"not_picked":["Armaments","True Grit","Perfected Strike"],"picked":"SKIP","floor":4.0},{"not_picked":["Offering","Burning Pact"],"picked":"Clash","floor":8.0},{"not_picked":["Thunderclap","Hemokinesis"],"picked":"Inflame","floor":10.0},{"not_picked":["Cleave","Pommel Strike","Intimidate"],"picked":"SKIP","floor":11.0},{"not_picked":["Thunderclap","Disarm","Reckless Charge"],"picked":"SKIP","floor":12.0},{"not_picked":["Sentinel","Body Slam","Sever Soul"],"picked":"SKIP","floor":13.0},{"not_picked":["Second Wind","Barricade","Anger"],"picked":"SKIP","floor":14.0},{"not_picked":["Searing Blow+1","Entrench"],"picked":"Inflame+1","floor":18},{"not_picked":["Sword Boomerang","Wild Strike","Iron Wave"],"picked":"SKIP","floor":19},{"not_picked":["Perfected Strike","Impervious","Searing Blow+1"],"picked":"SKIP","floor":24}],"player_experience":326566,"relics_obtained":[{"floor":8.0,"key":"Juzu Bracelet"},{"floor":9.0,"key":"MawBank"},{"floor":10.0,"key":"Vajra"},{"floor":13.0,"key":"Kunai"}],"event_choices":[{"damage_healed":0.0,"max_hp_gain":0.0,"max_hp_loss":0.0,"gold_gain":0.0,"event_name":"Scrap Ooze","player_choice":"Success","floor":2.0,"gold_loss":0.0,"damage_taken":12.0,"relics_obtained":["Blue Candle"]},{"cards_removed":["Bash"],"damage_healed":0,"gold_gain":0,"player_choice":"Purged","damage_taken":0,"max_hp_gain":0,"max_hp_loss":0,"event_name":"Purifier","floor":21,"gold_loss":0}],"is_beta":false,"boss_relics":[{"not_picked":["hubris:CrackedHourglass","bronze:MakeshiftBattery"],"picked":"hubris:Stopwatch"}],"items_purged_floors":[3,22,22],"is_endless":false,"potions_floor_spawned":[1,4,14,16,18,19],"killed_by":"Book of Stabbing","ascension_level":4}}