{"host":"eglukmwb6rueyn6u","time":1613404176,"event":{"mods":["BaseMod","Colored Map","Minty Spire (QoL Compilation)"],"gold_per_floor":[217,292,306,306,330,330,79,100,124,124,74,74,88,109,109,239,239,239,277,44,44,44,44,44,44,92,92,92],"floor_reached":27,"language":"ENG","playtime":1336,"items_purged":[],"score":219,"play_id":"d6e659fd-240e-4987-961a-6a16a0667c84","local_time":"20210215174936","is_ascension_mode":true,"campfire_choices":[{"data":"Anger","floor":6.0,"key":"SMITH"},{"data":"Spot Weakness","floor":10.0,"key":"SMITH"},{"data":"Flex","floor":12.0,"key":"SMITH"},{"data":"Shockwave","floor":15.0,"key":"SMITH"},{"data":"Sentinel","floor":23.0,"key":"SMITH"}],"circlet_count":0,"master_deck":["Strike_R","Strike_R","Strike_R+1","Defend_R","Defend_R","Defend_R","Defend_R","Bash+1","Flex+1","Injury","Anger+1","Spot Weakness+1","Shrug It Off","Headbutt","Shockwave+1","Feed","CurseOfTheBell","PanicButton+1","Sentinel+1"],"relics":["Burning Blood","Golden Idol","Juzu Bracelet","Whetstone","Calling Bell","PreservedInsect","Question Card","Torii","Red Mask","Brimstone","Boot","Strawberry"],"acts_visited":["Exordium","TheCity"],"potions_floor_usage":[],"damage_taken":[{"damage":10.0,"enemies":"Jaw Worm","floor":1.0,"turns":5.0},{"damage":0.0,"enemies":"Small Slimes","floor":3.0,"turns":3.0},{"damage":9.0,"enemies":"2 Louse","floor":5.0,"turns":2.0},{"damage":10.0,"enemies":"Exordium Thugs","floor":8.0,"turns":5.0},{"damage":16.0,"enemies":"Lots of Slimes","floor":13.0,"turns":5.0},{"damage":2.0,"enemies":"2 Fungi Beasts","floor":14.0,"turns":3.0},{"damage":25.0,"enemies":"Slime Boss","floor":16.0,"turns":9.0},{"damage":13.0,"enemies":"Chosen","floor":18.0,"turns":5.0},{"damage":61.0,"enemies":"Masked Bandits","floor":19.0,"turns":6.0},{"damage":35,"enemies":"Slavers","floor":27,"turns":3}],"seed_played":"8800767565224866878","potions_obtained":[{"floor":3.0,"key":"BlessingOfTheForge"},{"floor":8.0,"key":"ElixirPotion"},{"floor":14.0,"key":"Swift Potion"}],"is_trial":false,"path_per_floor":["M","?","M","?","M","R","$","M","T","R","?","R","M","M","R","B",null,"M","?","$","?","?","R","?","?","T","E"],"character_chosen":"IRONCLAD","items_purchased":["Juzu Bracelet","Spot Weakness","Shrug It Off","Brimstone","PanicButton"],"campfire_rested":0,"item_purchase_floors":[7,7,7,20,20],"current_hp_per_floor":[76,65,71,71,68,68,68,64,64,64,64,64,54,58,58,39,80,76,24,24,24,24,24,24,24,31,0,0],"gold":92,"neow_bonus":"HUNDRED_GOLD","is_daily":false,"chose_seed":false,"campfire_upgraded":5,"win_rate":0.0,"timestamp":1613404176,"path_taken":["M","?","M","?","M","R","$","M","T","R","?","R","M","M","R","BOSS","M","?","$","?","?","R","?","?","T","E"],"items_purchased_type":["Relic","Card","Card","Relic","Card"],"build_version":"2020-12-22","purchased_purges":0,"victory":false,"max_hp_per_floor":[80,80,80,80,80,80,80,80,80,80,80,80,80,80,80,80,80,83,86,86,86,86,86,86,86,93,93,93],"card_choices":[{"not_picked":["Thunderclap","True Grit"],"picked":"Flex","floor":1.0},{"not_picked":["Power Through","Whirlwind","Armaments"],"picked":"SKIP","floor":3.0},{"not_picked":["Pummel","Seeing Red"],"picked":"Anger","floor":5.0},{"not_picked":["Juggernaut","Iron Wave","Feel No Pain"],"picked":"SKIP","floor":8.0},{"not_picked":["Wild Strike","Whirlwind"],"picked":"Headbutt","floor":13.0},{"not_picked":["Sword Boomerang","Perfected Strike"],"picked":"Shockwave","floor":14.0},{"not_picked":["Brutality","Barricade"],"picked":"Feed","floor":16.0},{"not_picked":["Bloodletting","Clash","Wild Strike","Twin Strike"],"picked":"SKIP","floor":18.0}],"player_experience":58152,"relics_obtained":[{"floor":9.0,"key":"Whetstone"},{"floor":17.0,"key":"PreservedInsect"},{"floor":17.0,"key":"Question Card"},{"floor":17.0,"key":"Torii"},{"floor":19.0,"key":"Red Mask"},{"floor":26.0,"key":"Strawberry"}],"event_choices":[{"damage_healed":0.0,"max_hp_gain":0.0,"max_hp_loss":0.0,"gold_gain":75.0,"event_name":"World of Goop","player_choice":"Gather Gold","floor":2.0,"gold_loss":0.0,"damage_taken":11.0},{"damage_healed":0.0,"max_hp_gain":0.0,"max_hp_loss":0.0,"gold_gain":0.0,"event_name":"Golden Idol","player_choice":"Take Wound","floor":4.0,"gold_loss":0.0,"damage_taken":0.0,"relics_obtained":["Golden Idol"],"cards_obtained":["Injury"]},{"cards_removed":["Strike_R"],"damage_healed":0.0,"max_hp_gain":0.0,"max_hp_loss":0.0,"gold_gain":0.0,"event_name":"The Cleric","player_choice":"Card Removal","floor":11.0,"gold_loss":50.0,"damage_taken":0.0},{"damage_healed":0.0,"max_hp_gain":0.0,"max_hp_loss":0.0,"gold_gain":0.0,"event_name":"Masked Bandits","player_choice":"Fought Bandits","floor":19.0,"gold_loss":0.0,"damage_taken":0.0},{"damage_healed":0.0,"max_hp_gain":0.0,"max_hp_loss":0.0,"gold_gain":0.0,"event_name":"Vampires","player_choice":"Ignored","floor":21.0,"gold_loss":0.0,"damage_taken":0.0},{"damage_healed":0.0,"max_hp_gain":0.0,"max_hp_loss":0.0,"gold_gain":0.0,"cards_transformed":["Strike_R"],"event_name":"Transmorgrifier","player_choice":"Transformed","floor":22.0,"gold_loss":0.0,"damage_taken":0.0,"cards_obtained":["Sentinel"]},{"damage_healed":0.0,"max_hp_gain":0.0,"max_hp_loss":0.0,"gold_gain":0.0,"event_name":"Accursed Blacksmith","player_choice":"Forge","floor":24.0,"gold_loss":0.0,"damage_taken":0.0,"cards_upgraded":["PanicButton"]},{"damage_healed":0.0,"max_hp_gain":0.0,"max_hp_loss":0.0,"gold_gain":0.0,"event_name":"The Mausoleum","player_choice":"Opened","floor":25.0,"gold_loss":0.0,"damage_taken":0.0,"relics_obtained":["Boot"]}],"is_beta":false,"boss_relics":[{"not_picked":["Runic Cube","SacredBark"],"picked":"Calling Bell"}],"items_purged_floors":[],"is_endless":false,"potions_floor_spawned":[3,8,14,18],"killed_by":"Slavers","ascension_level":2}}