{"host":"phy652c7lim9lcu2","time":1613401425,"event":{"mods":["BaseMod","Colored Powertips","Googly Eyes","Minty Spire (QoL Compilation)","Relic Stats","Spicy Shops","StSLib","everything is the same but u backflip on backflip"],"gold_per_floor":[359,17,17,30,30,30,73,73,73,73,82,105,105,132,132,216,216,233,262,262,262],"floor_reached":20,"language":"ENG","playtime":544,"items_purged":["Defend_B"],"score":284,"play_id":"332d1221-8ede-4254-9e17-372b0c3cd97d","local_time":"20210216010345","is_ascension_mode":true,"campfire_choices":[{"data":"Sunder","floor":6,"key":"SMITH"},{"data":"Fusion","floor":8,"key":"SMITH"},{"data":"Zap","floor":10,"key":"SMITH"},{"data":"Defragment","floor":15,"key":"SMITH"}],"circlet_count":0,"master_deck":["AscendersBane","Strike_B","Strike_B","Strike_B","Defend_B","Defend_B","Defend_B","Zap+1","Dualcast","Sunder+1","Barrage","Fusion+1","Defragment+1","Barrage","Genetic Algorithm","Meteor Strike","Undo"],"relics":["Cracked Core","Membership Card","Orichalcum","Runic Capacitor","CeramicFish","Akabeko","Black Star"],"acts_visited":["Exordium","TheCity"],"potions_floor_usage":[16,16],"damage_taken":[{"damage":12,"enemies":"2 Louse","floor":1,"turns":3},{"damage":0,"enemies":"Small Slimes","floor":4,"turns":3},{"damage":27,"enemies":"3 Sentries","floor":7,"turns":6},{"damage":0,"enemies":"Cultist","floor":12,"turns":3},{"damage":0,"enemies":"2 Fungi Beasts","floor":14,"turns":2},{"damage":18,"enemies":"Hexaghost","floor":16,"turns":7},{"damage":31,"enemies":"3 Byrds","floor":18,"turns":5},{"damage":21,"enemies":"Spheric Guardian","floor":19,"turns":4},{"damage":12,"enemies":"Shelled Parasite and Fungi","floor":20,"turns":2}],"seed_played":"29201830328405027","potions_obtained":[{"floor":1,"key":"Swift Potion"},{"floor":7,"key":"Regen Potion"},{"floor":16,"key":"FearPotion"}],"is_trial":false,"path_per_floor":["M","$","?","M","?","R","E","R","T","R","?","M","?","M","R","B",null,"M","M","M"],"character_chosen":"DEFECT","items_purchased":["Membership Card","Orichalcum","Runic Capacitor"],"campfire_rested":0,"item_purchase_floors":[2,2,2],"current_hp_per_floor":[56,56,61,61,49,49,22,22,22,22,22,22,15,15,15,12,58,27,6,0,0],"gold":262,"neow_bonus":"TWO_FIFTY_GOLD","is_daily":false,"chose_seed":true,"campfire_upgraded":4,"win_rate":0.0,"timestamp":1613401425,"path_taken":["M","$","?","M","?","R","E","R","T","R","?","?","?","M","R","BOSS","M","M","M"],"items_purchased_type":["Relic","Relic","Relic"],"build_version":"2020-12-22","purchased_purges":1,"victory":false,"max_hp_per_floor":[68,68,73,73,73,73,73,73,73,73,73,73,73,73,73,73,73,73,73,73,73],"relic_stats":{"counters":[9,35],"CeramicFish":54,"Black Star":0,"Orichalcum":[96],"obtain_stats":[{"CeramicFish":5,"Runic Capacitor":2,"Black Star":17,"Membership Card":2,"Orichalcum":2,"Cracked Core":0,"Akabeko":7},{"CeramicFish":2,"Runic Capacitor":1,"Black Star":6,"Membership Card":1,"Orichalcum":1,"Cracked Core":0,"Akabeko":3},{"CeramicFish":6,"Runic Capacitor":3,"Black Star":24,"Membership Card":3,"Orichalcum":3,"Cracked Core":0,"Akabeko":12}]},"card_choices":[{"not_picked":["Turbo","Conserve Battery"],"picked":"Sunder","floor":1},{"not_picked":["Rip and Tear","BootSequence"],"picked":"Barrage","floor":4},{"not_picked":["Steam","Turbo"],"picked":"Fusion","floor":7},{"not_picked":["Skim","Coolheaded"],"picked":"Barrage","floor":12},{"not_picked":["Stack","Cold Snap"],"picked":"Genetic Algorithm","floor":14},{"not_picked":["Echo Form","Reboot"],"picked":"Meteor Strike","floor":16},{"not_picked":["Hello World","Chill","Ball Lightning"],"picked":"SKIP","floor":18},{"not_picked":["Auto Shields","Rebound"],"picked":"Undo","floor":19}],"player_experience":339116,"relics_obtained":[{"floor":7,"key":"Akabeko"}],"event_choices":[{"damage_healed":0,"gold_gain":0,"player_choice":"Donut","damage_taken":0,"max_hp_gain":5,"max_hp_loss":0,"event_name":"Big Fish","floor":3,"gold_loss":0},{"damage_healed":0,"gold_gain":0,"player_choice":"Success","damage_taken":12,"relics_obtained":["CeramicFish"],"max_hp_gain":0,"max_hp_loss":0,"event_name":"Scrap Ooze","floor":5,"gold_loss":0},{"damage_healed":0,"gold_gain":0,"player_choice":"1 cards matched","damage_taken":0,"max_hp_gain":0,"max_hp_loss":0,"event_name":"Match and Keep!","floor":11,"gold_loss":0,"cards_obtained":["Defragment"]},{"cards_removed":["Strike_B"],"damage_healed":0,"gold_gain":0,"player_choice":"Card Removal","damage_taken":7,"max_hp_gain":0,"max_hp_loss":0,"event_name":"Golden Wing","floor":13,"gold_loss":0}],"is_beta":false,"boss_relics":[{"not_picked":["Ectoplasm","Runic Dome"],"picked":"Black Star"}],"items_purged_floors":[2],"is_endless":false,"potions_floor_spawned":[1,7,12,16],"killed_by":"Shelled Parasite and Fungi","ascension_level":13}}