{"host":"y4mx56vxqys6xwyn","time":1613355522,"event":{"mods":["BaseMod","Hermit","Minty Spire (QoL Compilation)","StSLib"],"gold_per_floor":[117,117,132,143,143,156,256,275,352,388,408,408,433,447,447,573,573,588,588,588,603,624,657,657,673,722,722,722,722,738,61,61,189,189,212,545,545,545,556,567,567,567,567,477,493,40,58,71,71,71],"floor_reached":51,"language":"ENG","playtime":3628,"items_purged":["Riddle With Holes"],"score":873,"play_id":"5d9ae9f8-70d2-48b4-a327-6f67d911b634","local_time":"20210214201842","is_ascension_mode":false,"campfire_choices":[{"data":"Infinite Blades","floor":12,"key":"SMITH"},{"data":"Skewer","floor":15,"key":"SMITH"},{"data":"After Image","floor":24,"key":"SMITH"},{"data":"Ghostly","floor":32,"key":"SMITH"},{"data":"Terror","floor":41,"key":"SMITH"},{"data":"After Image","floor":49,"key":"SMITH"}],"circlet_count":0,"master_deck":["Defend_G","Defend_G","Defend_G","Defend_G","Defend_G","Survivor","Neutralize","Finisher","Endless Agony","Quick Slash","Skewer+1","Quick Slash","Terror+1","Blade Dance","Infinite Blades+1","Dagger Spray","A Thousand Cuts","Bite","Bite","Bite","Bite","Bite","RitualDagger","Flying Knee","Backflip","After Image+1","Riddle With Holes+1","Ghostly+1","Ghostly","Ghostly","Ghostly+1","Ghostly","Backflip+1","After Image+1","Choke+1","Dash","Blade Dance+1","Slice+1","Flying Knee"],"relics":["Philosopher\u0027s Stone","Mummified Hand","Unceasing Top","Coffee Dripper","Regal Pillow","Pen Nib","Enchiridion","MutagenicStrength","Gremlin Horn","PreservedInsect","Chemical X","Runic Pyramid","Mango","Calipers","Strange Spoon"],"acts_visited":["Exordium","TheCity","TheBeyond"],"potions_floor_usage":[16,18,23,23,33,33,33,39,50,50,50],"damage_taken":[{"damage":2,"enemies":"2 Louse","floor":1,"turns":3},{"damage":0,"enemies":"Small Slimes","floor":3,"turns":3},{"damage":0,"enemies":"Cultist","floor":4,"turns":4},{"damage":0,"enemies":"Blue Slaver","floor":6,"turns":4},{"damage":6,"enemies":"Exordium Wildlife","floor":8,"turns":5},{"damage":10,"enemies":"Lagavulin","floor":10,"turns":5},{"damage":0,"enemies":"Looter","floor":11,"turns":2},{"damage":2,"enemies":"Large Slime","floor":13,"turns":3},{"damage":0,"enemies":"3 Louse","floor":14,"turns":3},{"damage":5,"enemies":"Hexaghost","floor":16,"turns":7},{"damage":6,"enemies":"Spheric Guardian","floor":18,"turns":4},{"damage":20,"enemies":"Shell Parasite","floor":21,"turns":3},{"damage":12,"enemies":"3 Cultists","floor":22,"turns":3},{"damage":0,"enemies":"Gremlin Leader","floor":23,"turns":4},{"damage":18,"enemies":"Centurion and Healer","floor":25,"turns":3},{"damage":0,"enemies":"Sentry and Sphere","floor":30,"turns":3},{"damage":0,"enemies":"Collector","floor":33,"turns":4},{"damage":0,"enemies":"3 Shapes","floor":35,"turns":4},{"damage":0,"enemies":"3 Darklings","floor":39,"turns":2},{"damage":0,"enemies":"Spire Growth","floor":40,"turns":3},{"damage":0,"enemies":"Jaw Worm Horde","floor":45,"turns":2},{"damage":0,"enemies":"Writhing Mass","floor":47,"turns":4},{"damage":0,"enemies":"Spire Growth","floor":48,"turns":2},{"damage":0,"enemies":"Donu and Deca","floor":50,"turns":9}],"seed_played":"-3639783923550436704","potions_obtained":[{"floor":1,"key":"GamblersBrew"},{"floor":6,"key":"GhostInAJar"},{"floor":10,"key":"BlessingOfTheForge"},{"floor":13,"key":"DuplicationPotion"},{"floor":21,"key":"EssenceOfSteel"},{"floor":22,"key":"Poison Potion"},{"floor":30,"key":"DistilledChaos"},{"floor":33,"key":"AttackPotion"},{"floor":40,"key":"Energy Potion"},{"floor":47,"key":"Explosive Potion"},{"floor":48,"key":"DistilledChaos"}],"is_trial":false,"path_per_floor":["M","?","M","M","?","M","?","M","T","E","M","R","M","M","R","B",null,"M","?","?","M","M","E","R","M","T","?","?","?","M","$","R","B",null,"M","?","?","?","M","M","R","?","T","?","M","$","M","M","R","B",null],"character_chosen":"THE_SILENT","items_purchased":["Gremlin Horn","PreservedInsect","Chemical X","Fire Potion","Calipers","Strange Spoon"],"campfire_rested":0,"item_purchase_floors":[31,31,31,31,46,46],"current_hp_per_floor":[68,68,68,68,51,51,51,45,45,35,35,35,33,33,33,28,70,64,49,43,31,27,35,35,19,19,3,3,3,5,5,5,13,24,24,24,24,24,24,24,24,23,37,37,37,37,37,37,37,37],"gold":71,"neow_bonus":"BOSS_RELIC","is_daily":false,"chose_seed":false,"campfire_upgraded":6,"win_rate":0.0,"timestamp":1613355522,"path_taken":["M","?","M","M","?","M","?","?","T","E","M","R","M","M","R","BOSS","M","?","?","M","M","E","R","M","T","?","?","?","?","?","R","BOSS","M","?","?","?","M","?","R","?","T","?","M","$","M","M","R","BOSS"],"items_purchased_type":["Relic","Relic","Relic","Potion","Relic","Relic"],"build_version":"2020-12-22","purchased_purges":1,"victory":true,"max_hp_per_floor":[70,70,70,70,70,70,70,70,70,70,70,70,70,70,70,70,70,70,49,49,49,49,49,49,49,49,49,24,24,24,24,24,24,24,24,24,24,24,24,24,24,23,37,37,37,37,37,37,37,37],"card_choices":[{"not_picked":["Reflex","Flying Knee"],"picked":"Finisher","floor":1},{"not_picked":["Dodge and Roll","Terror"],"picked":"Quick Slash","floor":3},{"not_picked":["Sucker Punch","Poisoned Stab"],"picked":"Skewer","floor":4},{"not_picked":["Underhanded Strike","Eviscerate"],"picked":"Quick Slash","floor":6},{"not_picked":["Outmaneuver","Deflect"],"picked":"Terror","floor":8},{"not_picked":["Backstab","Dagger Throw"],"picked":"Blade Dance","floor":10},{"not_picked":["Sucker Punch","Deflect"],"picked":"Infinite Blades","floor":11},{"not_picked":["Backflip","Sucker Punch"],"picked":"Riddle With Holes","floor":13},{"not_picked":["Quick Slash","PiercingWail"],"picked":"Dagger Spray","floor":14},{"not_picked":["Adrenaline","After Image"],"picked":"A Thousand Cuts","floor":16},{"not_picked":["Deflect","Underhanded Strike+1"],"picked":"Infinite Blades","floor":18},{"not_picked":["Quick Slash","Dodge and Roll"],"picked":"Flying Knee","floor":21},{"not_picked":["Poisoned Stab","Flechettes"],"picked":"Backflip","floor":22},{"not_picked":["Skewer+1","Underhanded Strike"],"picked":"After Image","floor":23},{"not_picked":["Eviscerate","Underhanded Strike"],"picked":"Riddle With Holes+1","floor":25},{"not_picked":["Dagger Throw","Prepared"],"picked":"Backflip+1","floor":30},{"not_picked":["Glass Knife","Bullet Time"],"picked":"After Image","floor":33},{"not_picked":["All Out Attack+1","Dagger Spray+1"],"picked":"Choke+1","floor":35},{"not_picked":["Distraction","Underhanded Strike"],"picked":"Blade Dance+1","floor":39},{"not_picked":["Reflex+1","Backflip","Deadly Poison+1"],"picked":"SKIP","floor":40},{"not_picked":["Deadly Poison+1","Prepared+1","Expertise+1"],"picked":"SKIP","floor":45},{"not_picked":["Dagger Spray","Quick Slash"],"picked":"Slice+1","floor":47},{"not_picked":["Sucker Punch+1","Choke"],"picked":"Flying Knee","floor":48}],"player_experience":42469,"relics_obtained":[{"floor":9,"key":"Mummified Hand"},{"floor":10,"key":"Unceasing Top"},{"floor":23,"key":"Regal Pillow"},{"floor":26,"key":"Pen Nib"},{"floor":27,"key":"Enchiridion"},{"floor":43,"key":"Mango"}],"event_choices":[{"damage_healed":0,"gold_gain":0,"cards_transformed":["Strike_G"],"player_choice":"Change","damage_taken":0,"max_hp_gain":0,"max_hp_loss":0,"event_name":"Living Wall","floor":2,"gold_loss":0,"cards_obtained":["Endless Agony"]},{"damage_healed":0,"gold_gain":0,"player_choice":"Take Damage","damage_taken":17,"relics_obtained":["Golden Idol"],"max_hp_gain":0,"max_hp_loss":0,"event_name":"Golden Idol","floor":5,"gold_loss":0},{"damage_healed":0,"gold_gain":100,"player_choice":"Pray","damage_taken":0,"max_hp_gain":0,"max_hp_loss":0,"event_name":"Golden Shrine","floor":7,"gold_loss":0},{"damage_healed":0,"gold_gain":0,"player_choice":"Became a vampire","damage_taken":0,"max_hp_gain":0,"max_hp_loss":21,"event_name":"Vampires","floor":19,"gold_loss":0,"cards_obtained":["Bite","Bite","Bite","Bite","Bite"]},{"damage_healed":0,"gold_gain":0,"player_choice":"Joined the Cult","damage_taken":6,"max_hp_gain":0,"max_hp_loss":0,"event_name":"Nest","floor":20,"gold_loss":0,"cards_obtained":["RitualDagger"]},{"damage_healed":0,"gold_gain":0,"player_choice":"Obtained Book","damage_taken":16,"max_hp_gain":0,"max_hp_loss":0,"event_name":"Cursed Tome","floor":27,"gold_loss":0},{"damage_healed":0,"gold_gain":0,"player_choice":"Became a Ghost","damage_taken":0,"max_hp_gain":0,"max_hp_loss":25,"event_name":"Ghosts","floor":28,"gold_loss":0,"cards_obtained":["Ghostly","Ghostly","Ghostly","Ghostly","Ghostly"]},{"damage_healed":0,"gold_gain":0,"player_choice":"Inject Mutagens","damage_taken":0,"relics_obtained":["MutagenicStrength"],"max_hp_gain":0,"max_hp_loss":0,"event_name":"Drug Dealer","floor":29,"gold_loss":0},{"damage_healed":0,"gold_gain":333,"player_choice":"Gave Idol","damage_taken":0,"max_hp_gain":0,"max_hp_loss":0,"event_name":"The Moai Head","floor":36,"relics_lost":["Golden Idol"],"gold_loss":0},{"cards_removed":["Infinite Blades"],"damage_healed":0,"gold_gain":0,"player_choice":"Removed Power","damage_taken":0,"max_hp_gain":0,"max_hp_loss":0,"event_name":"Falling","floor":37,"gold_loss":0},{"damage_healed":0,"gold_gain":0,"player_choice":"2 cards matched","damage_taken":0,"max_hp_gain":0,"max_hp_loss":0,"event_name":"Match and Keep!","floor":38,"gold_loss":0,"cards_obtained":["Dash","Neutralize"]},{"damage_healed":0,"gold_gain":0,"player_choice":"Max HP","damage_taken":0,"max_hp_gain":0,"max_hp_loss":1,"event_name":"Winding Halls","floor":42,"gold_loss":0},{"cards_removed":["Neutralize"],"damage_healed":0,"gold_gain":0,"player_choice":"Upgrade and Remove","damage_taken":0,"max_hp_gain":0,"max_hp_loss":0,"event_name":"Designer","floor":44,"gold_loss":90,"cards_upgraded":["Ghostly"]}],"is_beta":false,"boss_relics":[{"not_picked":["Ectoplasm","Empty Cage"],"picked":"Coffee Dripper"},{"not_picked":["Cursed Key","Calling Bell"],"picked":"Runic Pyramid"}],"items_purged_floors":[31],"is_endless":false,"potions_floor_spawned":[1,6,10,13,14,21,22,30,33,40,47,48],"ascension_level":0}}