{"host":"Bilverbakes","time":1613401833,"event":{"mods":["2.2 Compatiblity","AchievementEnabler","BaseMod","Bestiary","Colored Map","Minty Spire (QoL Compilation)","Relic Stats","StSLib","ojb\u0027s Info Mod"],"gold_per_floor":[99,99,12,12,12,12,12,12,12,12,12,12,12,12,12,12,12,12,12,0,0,0,0,0,0,0],"floor_reached":25,"language":"ENG","playtime":1225,"items_purged":[],"score":508,"play_id":"d85444fc-7a60-4a14-bb28-424742ab1437","local_time":"20210215091033","is_ascension_mode":true,"campfire_choices":[{"floor":7.0,"key":"REST"},{"data":"Neutralize","floor":10.0,"key":"SMITH"},{"data":"Eviscerate","floor":15.0,"key":"SMITH"},{"data":"Eviscerate","floor":24,"key":"SMITH"}],"circlet_count":0,"master_deck":["AscendersBane","Strike_G","Strike_G","Strike_G+1","Strike_G","Strike_G","Defend_G","Defend_G","Defend_G","Defend_G","Defend_G+1","Survivor","Neutralize+1","Eviscerate+1","Caltrops","Masterful Stab","Eviscerate+1","Finisher","Dagger Throw","Tools of the Trade","Prepared+1","Expertise+1"],"relics":["Ectoplasm","Turnip","Pen Nib","Toy Ornithopter","Golden Idol","Coffee Dripper","Mummified Hand"],"acts_visited":["Exordium","TheCity"],"potions_floor_usage":[23],"damage_taken":[{"damage":0.0,"enemies":"Small Slimes","floor":1.0,"turns":5.0},{"damage":0.0,"enemies":"Jaw Worm","floor":2.0,"turns":3.0},{"damage":29.0,"enemies":"Lagavulin","floor":6.0,"turns":8.0},{"damage":0.0,"enemies":"2 Louse","floor":11.0,"turns":2.0},{"damage":0.0,"enemies":"Gremlin Nob","floor":12.0,"turns":2.0},{"damage":0.0,"enemies":"Exordium Thugs","floor":14.0,"turns":4.0},{"damage":20.0,"enemies":"Slime Boss","floor":16.0,"turns":7.0},{"damage":0.0,"enemies":"Chosen","floor":18.0,"turns":3.0},{"damage":18.0,"enemies":"Shell Parasite","floor":19.0,"turns":5.0},{"damage":0,"enemies":"Centurion and Healer","floor":21,"turns":3},{"damage":29,"enemies":"Book of Stabbing","floor":23,"turns":5},{"damage":0,"enemies":"Slavers","floor":25,"turns":1}],"seed_played":"6211640132038537045","potions_obtained":[{"floor":6.0,"key":"EssenceOfSteel"},{"floor":11.0,"key":"CunningPotion"},{"floor":16.0,"key":"CultistPotion"}],"is_trial":false,"path_per_floor":["M","M","$","?","?","E","R","$","T","R","M","E","?","M","R","B",null,"M","M","?","M","?","E","R","E"],"character_chosen":"THE_SILENT","items_purchased":["Masterful Stab"],"campfire_rested":1,"item_purchase_floors":[3],"current_hp_per_floor":[59,59,59,64,43,14,35,35,35,35,35,35,35,35,35,15,52,52,34,34,34,34,10,10,10,10],"gold":0,"neow_bonus":"BOSS_RELIC","is_daily":false,"chose_seed":false,"campfire_upgraded":3,"win_rate":0.0,"timestamp":1613401833,"path_taken":["M","M","$","?","?","E","R","?","T","R","M","E","?","M","R","BOSS","M","M","?","M","?","E","R","E"],"items_purchased_type":["Card"],"build_version":"2020-12-18","purchased_purges":0,"victory":false,"max_hp_per_floor":[66,66,66,71,71,71,71,71,71,71,71,71,64,64,64,64,64,64,64,64,64,64,64,64,64,64],"relic_stats":{"counters":[12,48],"Golden Idol":43,"Mummified Hand":[0],"Ectoplasm":315,"Turnip":[9],"Pen Nib":[7],"obtain_stats":[{"Golden Idol":13,"Mummified Hand":23,"Ectoplasm":0,"Turnip":6,"Pen Nib":9,"Coffee Dripper":17,"Toy Ornithopter":12,"Ring of the Snake":0},{"Golden Idol":5,"Mummified Hand":11,"Ectoplasm":0,"Turnip":3,"Pen Nib":3,"Coffee Dripper":7,"Toy Ornithopter":5,"Ring of the Snake":0},{"Golden Idol":20,"Mummified Hand":47,"Ectoplasm":0,"Turnip":16,"Pen Nib":16,"Coffee Dripper":31,"Toy Ornithopter":20,"Ring of the Snake":0}],"Toy Ornithopter":5},"card_choices":[{"not_picked":["Deflect","PiercingWail"],"picked":"Eviscerate","floor":1.0},{"not_picked":["Poisoned Stab","Cloak And Dagger"],"picked":"Caltrops","floor":2.0},{"not_picked":["Prepared","Calculated Gamble"],"picked":"Eviscerate","floor":6.0},{"not_picked":["PiercingWail","Slice"],"picked":"Finisher","floor":11.0},{"not_picked":["Quick Slash","Endless Agony"],"picked":"Dagger Throw","floor":12.0},{"not_picked":["Infinite Blades","Accuracy","Distraction"],"picked":"SKIP","floor":14.0},{"not_picked":["Phantasmal Killer","Bullet Time"],"picked":"Tools of the Trade","floor":16.0},{"not_picked":["Outmaneuver","Flying Knee"],"picked":"Prepared+1","floor":18.0},{"not_picked":["Bane","Flechettes"],"picked":"Expertise+1","floor":19.0},{"not_picked":["Sucker Punch","Dagger Spray","Flying Knee"],"picked":"SKIP","floor":21},{"not_picked":["Slice","Cloak And Dagger","Bane"],"picked":"SKIP","floor":23}],"player_experience":964977,"relics_obtained":[{"floor":6.0,"key":"Turnip"},{"floor":9.0,"key":"Pen Nib"},{"floor":12.0,"key":"Toy Ornithopter"},{"floor":23,"key":"Mummified Hand"}],"event_choices":[{"damage_healed":0.0,"max_hp_gain":5.0,"max_hp_loss":0.0,"gold_gain":0.0,"event_name":"Big Fish","player_choice":"Donut","floor":4.0,"gold_loss":0.0,"damage_taken":0.0},{"damage_healed":0.0,"max_hp_gain":0.0,"max_hp_loss":0.0,"gold_gain":0.0,"event_name":"Shining Light","player_choice":"Entered Light","floor":5.0,"gold_loss":0.0,"damage_taken":21.0,"cards_upgraded":["Strike_G","Defend_G"]},{"damage_healed":0.0,"max_hp_gain":0.0,"max_hp_loss":7.0,"gold_gain":0.0,"event_name":"Golden Idol","player_choice":"Lose Max HP","floor":13.0,"gold_loss":0.0,"damage_taken":0.0,"relics_obtained":["Golden Idol"]},{"damage_healed":0.0,"max_hp_gain":0.0,"max_hp_loss":0.0,"gold_gain":0.0,"event_name":"Masked Bandits","player_choice":"Paid Fearfully","floor":20.0,"gold_loss":12.0,"damage_taken":0.0},{"damage_healed":0,"gold_gain":0,"player_choice":"0 cards matched","damage_taken":0,"max_hp_gain":0,"max_hp_loss":0,"event_name":"Match and Keep!","floor":22,"gold_loss":0,"cards_obtained":[]}],"is_beta":true,"boss_relics":[{"not_picked":["Fusion Hammer","Philosopher\u0027s Stone"],"picked":"Coffee Dripper"}],"items_purged_floors":[],"is_endless":false,"potions_floor_spawned":[6,11,16,19,21],"killed_by":"Slavers","ascension_level":20}}