{"host":"dlqyscxstsnu98l1","time":1613350589,"event":{"mods":["AchievementEnabler","BaseMod","Colored Map","Colored Powertips","GifTheSpireLib","Highlight Path","Minty Spire (QoL Compilation)","Random Character Button","SacredBarkPlus","StSLib","everything is the same but u backflip on backflip"],"gold_per_floor":[209,226,226,49,49,75,75,89,89,103,103,103,121,149,149,249,249,266,286,385,403,230,230,257,257,284,314,314,325,325,359,359,359,359],"floor_reached":33,"language":"ENG","playtime":1276,"items_purged":["Regret","Strike_R"],"score":461,"play_id":"29d7af4d-fbf1-4389-a606-bc54c7cdd23e","local_time":"20210214185629","is_ascension_mode":true,"campfire_choices":[{"data":"Shrug It Off","floor":11,"key":"SMITH"},{"data":"Power Through","floor":15,"key":"SMITH"},{"floor":23,"key":"RECALL"},{"floor":28,"key":"REST"},{"floor":30,"key":"REST"},{"floor":32,"key":"REST"}],"circlet_count":0,"master_deck":["Strike_R+1","Strike_R","Strike_R+1","Defend_R","Defend_R","Defend_R","Defend_R","Bash+1","Anger+1","Shrug It Off+1","Sword Boomerang+1","Iron Wave+1","Cleave+1","Evolve","Power Through+1","Feed+1","Cleave+1","Armaments+1","Burning Pact","Flame Barrier","Spot Weakness","Spot Weakness+1"],"relics":["Burning Blood","Molten Egg 2","InkBottle","Toy Ornithopter","Pen Nib","Fusion Hammer","Self Forming Clay","Bronze Scales","TungstenRod","Nunchaku"],"acts_visited":["Exordium","TheCity"],"potions_floor_usage":[6,16,19,21,24],"damage_taken":[{"damage":13,"enemies":"Small Slimes","floor":1,"turns":5},{"damage":4,"enemies":"2 Louse","floor":2,"turns":3},{"damage":5,"enemies":"Gremlin Nob","floor":6,"turns":3},{"damage":7,"enemies":"Jaw Worm","floor":8,"turns":3},{"damage":7,"enemies":"Exordium Thugs","floor":10,"turns":4},{"damage":0,"enemies":"Looter","floor":13,"turns":2},{"damage":3,"enemies":"3 Sentries","floor":14,"turns":6},{"damage":0,"enemies":"Slime Boss","floor":16,"turns":6},{"damage":0,"enemies":"Chosen","floor":18,"turns":4},{"damage":6,"enemies":"2 Thieves","floor":19,"turns":3},{"damage":18,"enemies":"Snecko","floor":21,"turns":6},{"damage":29,"enemies":"Gremlin Leader","floor":24,"turns":11},{"damage":29,"enemies":"Slavers","floor":27,"turns":5},{"damage":14,"enemies":"Snake Plant","floor":29,"turns":2},{"damage":44,"enemies":"Gremlin Leader","floor":31,"turns":6},{"damage":92,"enemies":"Champ","floor":33,"turns":10}],"seed_played":"8925850266545366974","potions_obtained":[{"floor":1,"key":"AttackPotion"},{"floor":8,"key":"CultistPotion"},{"floor":16,"key":"Block Potion"},{"floor":18,"key":"LiquidMemories"},{"floor":19,"key":"HeartOfIron"}],"is_trial":false,"path_per_floor":["M","M","?","$","?","E","?","M","T","M","R","?","M","E","R","B",null,"M","M","?","M","$","R","E","?","T","E","R","M","R","E","R","B"],"character_chosen":"IRONCLAD","items_purchased":["Anger+1","Shrug It Off","Burning Pact"],"campfire_rested":3,"item_purchase_floors":[4,4,22],"current_hp_per_floor":[73,75,75,75,59,60,60,59,59,58,58,51,57,60,60,71,80,84,88,88,85,85,85,67,67,67,48,76,68,96,62,92,0,0],"gold":359,"neow_bonus":"HUNDRED_GOLD","is_daily":false,"chose_seed":false,"campfire_upgraded":2,"win_rate":0.0,"timestamp":1613350589,"path_taken":["M","M","?","$","?","E","?","M","T","M","R","?","M","E","R","BOSS","M","M","?","M","$","R","E","?","T","E","R","M","R","E","R","BOSS"],"items_purchased_type":["Card","Card","Card"],"build_version":"2020-12-22","purchased_purges":2,"victory":false,"max_hp_per_floor":[80,80,80,80,80,80,80,80,80,80,80,80,80,80,80,80,80,84,88,88,92,92,92,92,92,92,96,96,96,96,100,100,100,100],"card_choices":[{"not_picked":["Sever Soul","Headbutt","Seeing Red"],"picked":"SKIP","floor":1},{"not_picked":["Havoc","Clash","Flex"],"picked":"SKIP","floor":2},{"not_picked":["Double Tap","Infernal Blade"],"picked":"Sword Boomerang+1","floor":6},{"not_picked":["Burning Pact","Rampage+1"],"picked":"Iron Wave+1","floor":8},{"not_picked":["Flex","Warcry"],"picked":"Cleave+1","floor":10},{"not_picked":["Blood for Blood+1","Thunderclap+1"],"picked":"Evolve","floor":13},{"not_picked":["Rage","Perfected Strike+1"],"picked":"Power Through","floor":14},{"not_picked":["Demon Form","Limit Break"],"picked":"Feed+1","floor":16},{"not_picked":["Blood for Blood+1","Sword Boomerang+1"],"picked":"Cleave+1","floor":18},{"not_picked":["Wild Strike+1","Warcry"],"picked":"Armaments+1","floor":19},{"not_picked":["Rupture","Wild Strike+1","True Grit"],"picked":"SKIP","floor":21},{"not_picked":["Juggernaut","Evolve+1","Armaments"],"picked":"SKIP","floor":24},{"not_picked":["Sword Boomerang+1","Iron Wave+1"],"picked":"Spot Weakness","floor":27},{"not_picked":["Clash+1","Flex","Havoc"],"picked":"SKIP","floor":29},{"not_picked":["Demon Form","Armaments"],"picked":"Spot Weakness+1","floor":31}],"player_experience":209123,"relics_obtained":[{"floor":6,"key":"InkBottle"},{"floor":9,"key":"Toy Ornithopter"},{"floor":14,"key":"Pen Nib"},{"floor":24,"key":"Self Forming Clay"},{"floor":26,"key":"Bronze Scales"},{"floor":27,"key":"TungstenRod"},{"floor":31,"key":"Nunchaku"}],"event_choices":[{"damage_healed":0,"gold_gain":0,"player_choice":"Box","damage_taken":0,"relics_obtained":["Molten Egg 2"],"max_hp_gain":0,"max_hp_loss":0,"event_name":"Big Fish","floor":3,"gold_loss":0,"cards_obtained":["Regret"]},{"damage_healed":0,"gold_gain":0,"player_choice":"Entered Light","damage_taken":16,"max_hp_gain":0,"max_hp_loss":0,"event_name":"Shining Light","floor":5,"gold_loss":0,"cards_upgraded":["Strike_R","Strike_R"]},{"damage_healed":0,"gold_gain":0,"player_choice":"Grow","damage_taken":0,"max_hp_gain":0,"max_hp_loss":0,"event_name":"Living Wall","floor":7,"gold_loss":0,"cards_upgraded":["Bash"]},{"cards_removed":["Strike_R"],"damage_healed":0,"gold_gain":0,"player_choice":"Card Removal","damage_taken":7,"max_hp_gain":0,"max_hp_loss":0,"event_name":"Golden Wing","floor":12,"gold_loss":0},{"damage_healed":0,"gold_gain":99,"player_choice":"Stole From Cult","damage_taken":0,"max_hp_gain":0,"max_hp_loss":0,"event_name":"Nest","floor":20,"gold_loss":0},{"damage_healed":0,"gold_gain":0,"player_choice":"Read","damage_taken":0,"max_hp_gain":0,"max_hp_loss":0,"event_name":"The Library","floor":25,"gold_loss":0,"cards_obtained":["Flame Barrier"]}],"is_beta":false,"boss_relics":[{"not_picked":["SacredBark","Coffee Dripper"],"picked":"Fusion Hammer"}],"items_purged_floors":[4,22],"is_endless":false,"potions_floor_spawned":[1,8,16,18,19],"killed_by":"Champ","ascension_level":4}}