{"host":"vxxgntm1odai56nh","time":1613353292,"event":{"mods":["AchievementEnabler","BaseMod","Colored Map","Colored Powertips","Highlight Path","Minty Spire (QoL Compilation)","Permanent Neow","Rare Cards Sparkle","Relic Stats","StSLib"],"gold_per_floor":[117,130,35,45,45,77,77,77,154,154,3,3,23,58,58,179,179,195,170,184,184,224,265,265,300,374,374,417,64,64,89,89,220,220,243,257,26,26,26,26,26,26,51,51,273,308,308,322,322,322],"floor_reached":51,"language":"ENG","playtime":1687,"items_purged":["Injury","Pain"],"score":977,"play_id":"507c4cc5-abb2-4e89-b275-a86db25a5c51","local_time":"20210214204132","is_ascension_mode":true,"campfire_choices":[{"data":"Dualcast","floor":7,"key":"SMITH"},{"data":"Rainbow","floor":10,"key":"SMITH"},{"data":"Defragment","floor":12,"key":"SMITH"},{"data":"Glacier","floor":15,"key":"SMITH"},{"data":"Reboot","floor":24,"key":"SMITH"},{"data":"Barrage","floor":27,"key":"SMITH"},{"data":"Capacitor","floor":32,"key":"SMITH"},{"data":"Barrage","floor":40,"key":"SMITH"},{"data":"Rebound","floor":42,"key":"SMITH"},{"data":"Loop","floor":44,"key":"SMITH"},{"data":"Seek","floor":49,"key":"SMITH"}],"circlet_count":0,"master_deck":["Strike_B+1","Strike_B+1","Strike_B+1","Strike_B+1","Defend_B+1","Defend_B+1","Defend_B+1","Defend_B+1","Zap+1","Dualcast+1","Ball Lightning","Loop+1","Rebound+1","Rainbow+1","Glacier+1","Defragment+1","Barrage+1","Cold Snap","Reboot+1","Self Repair+1","Barrage+1","Capacitor+1","Seek+1","Defragment+1","Writhe","Writhe","Pain","Stack+1"],"relics":["Cracked Core","Orichalcum","Vajra","Golden Idol","StrikeDummy","Singing Bowl","Cursed Key","Red Mask","Lantern","Pear","Blue Candle","Du-Vu Doll","Membership Card","Juzu Bracelet","Tiny Chest","Velvet Choker","DollysMirror","Nunchaku","Pen Nib","Symbiotic Virus","Art of War","Oddly Smooth Stone"],"acts_visited":["Exordium","TheCity","TheBeyond"],"potions_floor_usage":[20,22,50,50],"damage_taken":[{"damage":1,"enemies":"Cultist","floor":1,"turns":3},{"damage":2,"enemies":"Jaw Worm","floor":2,"turns":2},{"damage":1,"enemies":"2 Louse","floor":4,"turns":2},{"damage":23,"enemies":"Lagavulin","floor":6,"turns":6},{"damage":3,"enemies":"Blue Slaver","floor":13,"turns":3},{"damage":10,"enemies":"Gremlin Nob","floor":14,"turns":3},{"damage":11,"enemies":"The Guardian","floor":16,"turns":8},{"damage":4,"enemies":"Chosen","floor":18,"turns":3},{"damage":22,"enemies":"3 Byrds","floor":20,"turns":4},{"damage":20,"enemies":"Masked Bandits","floor":22,"turns":4},{"damage":8,"enemies":"Slavers","floor":23,"turns":5},{"damage":0,"enemies":"Gremlin Leader","floor":25,"turns":6},{"damage":18,"enemies":"Book of Stabbing","floor":28,"turns":5},{"damage":9,"enemies":"Snake Plant","floor":31,"turns":3},{"damage":51,"enemies":"Collector","floor":33,"turns":7},{"damage":12,"enemies":"3 Shapes","floor":35,"turns":4},{"damage":12,"enemies":"3 Darklings","floor":36,"turns":5},{"damage":44,"enemies":"Reptomancer","floor":46,"turns":7},{"damage":1,"enemies":"Transient","floor":48,"turns":5},{"damage":25,"enemies":"Time Eater","floor":50,"turns":7}],"seed_played":"2487085934171891670","potions_obtained":[{"floor":6,"key":"Ancient Potion"},{"floor":13,"key":"Energy Potion"},{"floor":16,"key":"Regen Potion"},{"floor":20,"key":"Dexterity Potion"},{"floor":28,"key":"Dexterity Potion"},{"floor":31,"key":"FearPotion"},{"floor":46,"key":"BlessingOfTheForge"}],"is_trial":false,"path_per_floor":["M","M","$","M","?","E","R","?","T","R","$","R","M","E","R","B",null,"M","$","M","?","?","E","R","E","T","R","E","$","?","M","R","B",null,"M","M","$","?","?","R","T","R","T","R","?","E","?","M","R","B",null],"character_chosen":"DEFECT","items_purchased":["Ball Lightning","Rebound","Defragment","Barrage","Membership Card","Juzu Bracelet","Tiny Chest","DollysMirror","Nunchaku","Pen Nib"],"campfire_rested":0,"item_purchase_floors":[3,3,11,19,29,29,29,37,37,37],"current_hp_per_floor":[74,72,72,71,71,48,48,48,48,48,48,48,45,35,35,24,75,71,71,66,66,58,62,62,84,84,84,78,78,78,71,71,20,97,87,87,87,87,101,101,101,101,101,101,101,67,69,80,80,65],"gold":322,"neow_bonus":"RANDOM_COMMON_RELIC","is_daily":false,"chose_seed":false,"campfire_upgraded":11,"win_rate":0.0,"timestamp":1613353292,"path_taken":["M","M","?","M","?","E","R","?","T","R","?","R","M","E","R","BOSS","M","$","M","?","?","E","R","E","T","R","E","$","?","M","R","BOSS","M","M","$","?","?","R","?","R","T","R","?","E","?","M","R","BOSS"],"items_purchased_type":["Card","Card","Card","Card","Relic","Relic","Relic","Relic","Relic","Relic"],"build_version":"2020-12-22","purchased_purges":2,"victory":true,"max_hp_per_floor":[75,75,75,75,75,75,75,75,75,75,75,75,75,75,75,75,75,75,75,77,77,79,81,81,93,93,93,95,95,95,97,97,97,97,99,101,101,101,101,101,101,101,101,101,101,101,103,105,105,105],"relic_stats":{"Nunchaku":[3],"Singing Bowl":20,"counters":[20,92],"Golden Idol":146,"Blue Candle":[3],"Tiny Chest":1,"Pen Nib":[3],"Juzu Bracelet":0,"Art of War":[1],"Orichalcum":[138],"Cursed Key":3,"obtain_stats":[{"Lantern":23,"Pear":25,"Singing Bowl":14,"Golden Idol":8,"Blue Candle":26,"Vajra":6,"Velvet Choker":34,"Oddly Smooth Stone":46,"Pen Nib":37,"Juzu Bracelet":29,"Orichalcum":0,"Cursed Key":17,"Du-Vu Doll":28,"Nunchaku":37,"DollysMirror":37,"Tiny Chest":29,"Red Mask":22,"Art of War":43,"Membership Card":29,"Cracked Core":0,"StrikeDummy":9,"Symbiotic Virus":41},{"Lantern":11,"Pear":12,"Singing Bowl":6,"Golden Idol":4,"Blue Candle":12,"Vajra":4,"Velvet Choker":15,"Oddly Smooth Stone":18,"Pen Nib":17,"Juzu Bracelet":13,"Orichalcum":0,"Cursed Key":7,"Du-Vu Doll":13,"Nunchaku":17,"DollysMirror":17,"Tiny Chest":13,"Red Mask":10,"Art of War":17,"Membership Card":13,"Cracked Core":0,"StrikeDummy":4,"Symbiotic Virus":17},{"Lantern":43,"Pear":49,"Singing Bowl":19,"Golden Idol":13,"Blue Candle":49,"Vajra":13,"Velvet Choker":64,"Oddly Smooth Stone":80,"Pen Nib":73,"Juzu Bracelet":54,"Orichalcum":0,"Cursed Key":27,"Du-Vu Doll":54,"Nunchaku":73,"DollysMirror":73,"Tiny Chest":54,"Red Mask":38,"Art of War":73,"Membership Card":54,"Cracked Core":0,"StrikeDummy":13,"Symbiotic Virus":73}]},"card_choices":[{"not_picked":["Conserve Battery","Stack"],"picked":"Ball Lightning","floor":1},{"not_picked":["Coolheaded","Barrage"],"picked":"Loop","floor":2},{"not_picked":["Turbo","Fusion"],"picked":"Rainbow","floor":4},{"not_picked":["Lockon","Ball Lightning"],"picked":"Glacier","floor":6},{"not_picked":["Sweeping Beam","Static Discharge"],"picked":"Barrage","floor":13},{"not_picked":["Barrage","Skim"],"picked":"Cold Snap","floor":14},{"not_picked":["Seek","Amplify"],"picked":"Reboot","floor":16},{"not_picked":["FTL","Hologram"],"picked":"Self Repair+1","floor":18},{"not_picked":["Hello World","Double Energy","Redo"],"picked":"Singing Bowl","floor":20},{"not_picked":["FTL","Steam","Hello World+1"],"picked":"Singing Bowl","floor":22},{"not_picked":["Storm","Steam Power","Ball Lightning+1"],"picked":"Singing Bowl","floor":23},{"not_picked":["Cold Snap","Sunder","Heatsinks"],"picked":"Singing Bowl","floor":25},{"not_picked":["Stack+1","Undo","Turbo"],"picked":"Singing Bowl","floor":28},{"not_picked":["Undo","Conserve Battery","Biased Cognition"],"picked":"Singing Bowl","floor":31},{"not_picked":["Thunder Strike","Core Surge"],"picked":"Seek","floor":33},{"not_picked":["Reinforced Body","Consume","Scrape+1"],"picked":"Singing Bowl","floor":35},{"not_picked":["Fusion+1","Redo","Streamline+1"],"picked":"Singing Bowl","floor":36},{"not_picked":["Self Repair+1","Ball Lightning"],"picked":"Stack+1","floor":46},{"not_picked":["Impatience","Panacea","Deep Breath"],"picked":"Singing Bowl","floor":47},{"not_picked":["Steam+1","Cold Snap","Conserve Battery+1"],"picked":"Singing Bowl","floor":48}],"player_experience":152540,"relics_obtained":[{"floor":6,"key":"Vajra"},{"floor":9,"key":"StrikeDummy"},{"floor":14,"key":"Singing Bowl"},{"floor":22,"key":"Red Mask"},{"floor":23,"key":"Lantern"},{"floor":25,"key":"Pear"},{"floor":26,"key":"Blue Candle"},{"floor":28,"key":"Du-Vu Doll"},{"floor":41,"key":"Symbiotic Virus"},{"floor":43,"key":"Art of War"},{"floor":46,"key":"Oddly Smooth Stone"}],"event_choices":[{"damage_healed":0,"gold_gain":0,"player_choice":"Grow","damage_taken":0,"max_hp_gain":0,"max_hp_loss":0,"event_name":"Living Wall","floor":5,"gold_loss":0,"cards_upgraded":["Zap"]},{"damage_healed":0,"gold_gain":0,"player_choice":"Take Wound","damage_taken":0,"relics_obtained":["Golden Idol"],"max_hp_gain":0,"max_hp_loss":0,"event_name":"Golden Idol","floor":8,"gold_loss":0,"cards_obtained":["Injury"]},{"damage_healed":0,"gold_gain":0,"player_choice":"Simplicity","damage_taken":0,"max_hp_gain":0,"max_hp_loss":0,"event_name":"Back to Basics","floor":21,"gold_loss":0,"cards_upgraded":["Strike_B","Strike_B","Strike_B","Strike_B","Defend_B","Defend_B","Defend_B","Defend_B"]},{"damage_healed":0,"gold_gain":0,"player_choice":"Fought Bandits","damage_taken":0,"max_hp_gain":0,"max_hp_loss":0,"event_name":"Masked Bandits","floor":22,"gold_loss":0},{"damage_healed":0,"gold_gain":0,"player_choice":"Read","damage_taken":0,"max_hp_gain":0,"max_hp_loss":0,"event_name":"The Library","floor":30,"gold_loss":0,"cards_obtained":["Capacitor"]},{"cards_removed":["Ball Lightning"],"damage_healed":0,"gold_gain":0,"player_choice":"Removed Attack","damage_taken":0,"max_hp_gain":0,"max_hp_loss":0,"event_name":"Falling","floor":38,"gold_loss":0},{"damage_healed":25,"gold_gain":0,"player_choice":"Writhe","damage_taken":0,"max_hp_gain":0,"max_hp_loss":0,"event_name":"Winding Halls","floor":39,"gold_loss":0,"cards_obtained":["Writhe"]},{"damage_healed":0,"gold_gain":222,"player_choice":"Wore Mask","damage_taken":0,"max_hp_gain":0,"max_hp_loss":0,"event_name":"Tomb of Lord Red Mask","floor":45,"gold_loss":0},{"damage_healed":0,"gold_gain":0,"player_choice":"Memory 1","damage_taken":0,"max_hp_gain":0,"max_hp_loss":0,"event_name":"SensoryStone","floor":47,"gold_loss":0}],"is_beta":false,"boss_relics":[{"not_picked":["Runic Pyramid","Calling Bell"],"picked":"Cursed Key"},{"not_picked":["Black Star","Empty Cage"],"picked":"Velvet Choker"}],"items_purged_floors":[11,29],"is_endless":false,"potions_floor_spawned":[6,13,16,18,20,28,31,36,46],"ascension_level":4}}