{"host":"xc18ixkpjvqrt8st","time":1613408150,"event":{"mods":["Act Like it!","BaseMod","Better Match","Better Third Choice","Conspire","Hallownest","Hermit","Minty Spire (QoL Compilation)","Reliquary","Robot Space Explorer","Shop Mod","Spicy Shops","Spire Arcade","StSLib","The Animator","The Jungle","The Sage"],"gold_per_floor":[122,138,1,1,1,36,36,77,77,97,97,1,1,28,28,133,133,151,66,79,79,118,118,143,143,191,20,47,57,11,30,30,126,126,166,166,176,176,193,193,193,193],"floor_reached":41,"language":"ENG","playtime":1522,"items_purged":[],"score":494,"play_id":"b816e987-f140-4d38-8313-f6b09b2580a5","local_time":"20210215105550","is_ascension_mode":false,"campfire_choices":[{"floor":7.0,"key":"REST"},{"data":"1","floor":11.0,"key":"LIFT"},{"data":"2","floor":13.0,"key":"LIFT"},{"data":"3","floor":15.0,"key":"LIFT"},{"floor":23.0,"key":"REST"},{"floor":25.0,"key":"RECALL"},{"floor":32,"key":"REST"},{"data":"animator:Shalltear","floor":40,"key":"SMITH"}],"circlet_count":0,"master_deck":["animator:Strike_Konosuba","animator:Defend_Konosuba","animator:Strike","animator:Strike","animator:Strike","animator:Defend","animator:Defend","animator:Defend","animator:Kazuma","animator:Aqua","animator:Eris","animator:NarberalGamma","animator:DolaSchwi+1","animator:ElricAlphonse","animator:YunYun","animator:Entoma+3","animator:MisaKurobane","animator:Shigure","animator:Envy","animator:Vanir","animator:RoyMustang","animator:Greed","animator:HighElfArcher+1","animator:Shinoa","animator:PandorasActor","animator:Shalltear+1","animator:Pride","animator:Sora","animator:Sebas+1","animator:HigakiRinne","animator:Aqua","animator:CrowleyEusford+1"],"relics":["animator:VividPicture","animator:TheMissingPiece","Girya","HandDrill","Gremlin Horn","Darkstone Periapt","Shuriken","Ice Cream","animator:OldCoffin","reliquary:Aerogel","Vajra","Membership Card"],"acts_visited":["Exordium","TheCity","TheBeyond"],"potions_floor_usage":[31,33,41],"damage_taken":[{"damage":0.0,"enemies":"conspire:RoseBush","floor":1.0,"turns":4.0},{"damage":0.0,"enemies":"Cultist","floor":2.0,"turns":4.0},{"damage":30.0,"enemies":"Lagavulin","floor":6.0,"turns":6.0},{"damage":22.0,"enemies":"Gremlin Nob","floor":8.0,"turns":4.0},{"damage":0.0,"enemies":"2 Louse","floor":10.0,"turns":2.0},{"damage":1.0,"enemies":"2 Fungi Beasts","floor":14.0,"turns":3.0},{"damage":0.0,"enemies":"Slime Boss","floor":16.0,"turns":4.0},{"damage":15.0,"enemies":"2 Thieves","floor":18.0,"turns":3.0},{"damage":0.0,"enemies":"conspire:FuzzyDice","floor":20.0,"turns":3.0},{"damage":33.0,"enemies":"conspire:MimicChest","floor":22.0,"turns":5.0},{"damage":0.0,"enemies":"animator:HornedBat","floor":24.0,"turns":5.0},{"damage":18.0,"enemies":"Centurion and Healer","floor":28.0,"turns":4.0},{"damage":1.0,"enemies":"3 Cultists","floor":29.0,"turns":3.0},{"damage":14,"enemies":"Shelled Parasite and Fungi","floor":31,"turns":3},{"damage":24,"enemies":"Collector","floor":33,"turns":7},{"damage":0,"enemies":"3 Darklings","floor":35,"turns":3},{"damage":0,"enemies":"3 Shapes","floor":37,"turns":2},{"damage":21,"enemies":"Sphere and 2 Shapes","floor":39,"turns":4},{"damage":85,"enemies":"Giant Head","floor":41,"turns":8}],"seed_played":"6117172688002716043","potions_obtained":[{"floor":1.0,"key":"Strength Potion"},{"floor":6.0,"key":"Energy Potion"},{"floor":14.0,"key":"Dexterity Potion"},{"floor":20.0,"key":"Block Potion"},{"floor":28.0,"key":"Dexterity Potion"},{"floor":29.0,"key":"FearPotion"},{"floor":35,"key":"Strength Potion"},{"floor":39,"key":"AttackPotion"}],"is_trial":false,"path_per_floor":["M","M","$","?","?","E","R","E","T","M","R","$","R","M","R","B",null,"M","?","M","?","?","R","E","R","T","$","M","M","$","M","R","B",null,"M","?","M","?","M","R","E"],"character_chosen":"THE_ANIMATOR","items_purchased":["Girya","HandDrill","animator:MisaKurobane","Membership Card","animator:Shinoa","animator:Kagari"],"campfire_rested":3,"item_purchase_floors":[3,3,12,27,27,30],"current_hp_per_floor":[66,66,66,66,60,35,54,37,37,43,43,43,43,47,47,54,69,58,58,63,63,35,56,59,59,59,59,48,50,50,41,62,43,73,73,64,67,73,60,60,0,0],"gold":193,"neow_bonus":"ONE_RANDOM_RARE_CARD","is_daily":false,"chose_seed":false,"campfire_upgraded":1,"win_rate":0.0,"timestamp":1613408150,"path_taken":["M","M","$","?","?","E","R","E","T","M","R","$","R","?","R","BOSS","M","?","M","?","?","R","E","R","T","$","M","M","$","M","R","BOSS","M","?","M","?","M","R","E"],"items_purchased_type":["Relic","Relic","Card","Relic","Card","Card"],"build_version":"2020-12-22","purchased_purges":0,"victory":false,"max_hp_per_floor":[66,66,66,66,66,66,66,66,66,67,67,67,67,67,67,69,69,70,70,70,70,70,70,70,70,70,70,72,73,73,73,73,73,73,73,73,73,73,76,76,76,76],"card_choices":[{"not_picked":["animator:ChlammyZell","animator:Shion"],"picked":"animator:NarberalGamma","floor":1.0},{"not_picked":["animator:CowGirl","animator:Verdia"],"picked":"animator:DolaSchwi","floor":2.0},{"not_picked":["animator:Tet","animator:Wiz"],"picked":"animator:ElricAlphonse","floor":6.0},{"not_picked":["animator:Chris","animator:Verdia"],"picked":"animator:YunYun","floor":8.0},{"not_picked":["animator:LizardPriest","animator:Shigure"],"picked":"animator:Entoma","floor":10.0},{"not_picked":["animator:DolaSchwi","animator:CrowleyEusford"],"picked":"animator:Shigure","floor":14.0},{"not_picked":["animator:Shiro","animator:Rimuru"],"picked":"animator:Envy","floor":16.0},{"not_picked":["animator:DolaRiku","animator:ElricEdward"],"picked":"animator:Vanir","floor":18.0},{"not_picked":["animator:Gluttony","animator:ElricAlphonse"],"picked":"animator:RoyMustang","floor":20.0},{"not_picked":["animator:Shuna+1","animator:RoyMustang"],"picked":"animator:Greed","floor":22.0},{"not_picked":["animator:Vesta","animator:Sloth+1"],"picked":"animator:HighElfArcher+1","floor":24.0},{"not_picked":["animator:Entoma","animator:FielNirvalen"],"picked":"animator:PandorasActor","floor":28.0},{"not_picked":["animator:Benimaru+1","animator:Shiro"],"picked":"animator:Shalltear","floor":29.0},{"not_picked":["animator:Gluttony","animator:WinryRockbell"],"picked":"animator:Pride","floor":31},{"not_picked":["animator:Envy","animator:GoblinSlayer"],"picked":"animator:Sora","floor":33},{"not_picked":["animator:Spearman+1","animator:Shuna"],"picked":"animator:Sebas+1","floor":35},{"not_picked":["animator:Pride+1","animator:DolaCouronne"],"picked":"animator:Aqua","floor":37},{"not_picked":["animator:LizardPriest","animator:Yoichi+1"],"picked":"animator:CrowleyEusford+1","floor":39}],"player_experience":655488,"relics_obtained":[{"floor":6.0,"key":"Gremlin Horn"},{"floor":8.0,"key":"Darkstone Periapt"},{"floor":9.0,"key":"Shuriken"},{"floor":22.0,"key":"animator:OldCoffin"},{"floor":24.0,"key":"reliquary:Aerogel"},{"floor":26.0,"key":"Vajra"}],"event_choices":[{"damage_healed":0.0,"max_hp_gain":0.0,"max_hp_loss":0.0,"gold_gain":0.0,"event_name":"Living Wall","player_choice":"Grow","floor":4.0,"gold_loss":0.0,"damage_taken":0.0,"cards_upgraded":["animator:DolaSchwi"]},{"damage_healed":0.0,"max_hp_gain":0.0,"max_hp_loss":0.0,"gold_gain":0.0,"event_name":"Wheel of Change","player_choice":"Damaged","floor":5.0,"gold_loss":0.0,"damage_taken":6.0},{"damage_healed":0.0,"max_hp_gain":0.0,"max_hp_loss":0.0,"gold_gain":0.0,"event_name":"Addict","player_choice":"Obtained Relic","floor":19.0,"gold_loss":85.0,"damage_taken":0.0,"relics_obtained":["Ice Cream"]},{"damage_healed":0,"gold_gain":0,"player_choice":"Embrace Madness","damage_taken":9,"max_hp_gain":0,"max_hp_loss":0,"event_name":"Winding Halls","floor":36,"gold_loss":0,"cards_obtained":["animator:HigakiRinne"]},{"cards_removed":["animator:Kagari"],"damage_healed":6,"gold_gain":0,"player_choice":"Offered Uncommon","damage_taken":0,"max_hp_gain":0,"max_hp_loss":0,"event_name":"Bonfire Elementals","floor":38,"gold_loss":0}],"is_beta":false,"boss_relics":[{"not_picked":["conspire:SeveredTorchhead","reliquary:WritOfMandamus"],"picked":"animator:VividPicture"},{"not_picked":["Velvet Choker","Coffee Dripper","sagemod:Falmels_Amulet"]}],"items_purged_floors":[],"is_endless":false,"potions_floor_spawned":[1,6,14,20,28,29,35,39],"killed_by":"Giant Head","ascension_level":0}}