{"host":"Jinnai","time":1613417814,"event":{"mods":["BaseMod","Block Reminder","Colored Map","Colored Powertips","Curses Come First","Highlight Path","Minty Spire (QoL Compilation)","Permanent Neow","Potion Indicator Mod","Quick Restart","Relic Stats","StSLib","ojb\u0027s Better Paths Mod","ojb\u0027s Info Mod"],"gold_per_floor":[112,112,126,138,151,176,195,222,248,268,285,285,311,335,347,430,442,468,498,510,4,15,43,43,43],"floor_reached":24,"language":"ENG","playtime":934,"items_purged":[],"score":684,"play_id":"14d44cae-efc6-4ede-b3c1-7dab339134ad","local_time":"20210215143654","is_ascension_mode":true,"campfire_choices":[{"floor":12,"key":"REST"},{"floor":15,"key":"REST"}],"circlet_count":0,"master_deck":["AscendersBane","Strike_P","Strike_P","Strike_P","Defend_P","Defend_P","Eruption","Vigilance+1","CrushJoints","FlurryOfBlows","Establishment","SashWhip+1","Fasting2","Prostrate","EmptyMind","BowlingBash","Prostrate","Halt","Brilliance","LessonLearned","ThirdEye","Consecrate+1","Brilliance","Halt","CutThroughFate","EmptyFist","ThirdEye"],"relics":["PureWater","CultistMask","Ice Cream","Bag of Marbles","MawBank","SlaversCollar","Sling","Akabeko","Toy Ornithopter"],"acts_visited":["Exordium","TheCity"],"potions_floor_usage":[6,16,22,23,24],"damage_taken":[{"damage":2,"enemies":"2 Louse","floor":1,"turns":3},{"damage":0,"enemies":"Cultist","floor":3,"turns":2},{"damage":7,"enemies":"Small Slimes","floor":4,"turns":3},{"damage":1,"enemies":"Exordium Wildlife","floor":5,"turns":3},{"damage":0,"enemies":"Gremlin Nob","floor":6,"turns":2},{"damage":6,"enemies":"Looter","floor":7,"turns":3},{"damage":10,"enemies":"Lagavulin","floor":8,"turns":6},{"damage":8,"enemies":"3 Louse","floor":10,"turns":4},{"damage":8,"enemies":"Blue Slaver","floor":11,"turns":2},{"damage":22,"enemies":"3 Sentries","floor":13,"turns":8},{"damage":0,"enemies":"Looter","floor":14,"turns":2},{"damage":0,"enemies":"Slime Boss","floor":16,"turns":5},{"damage":11,"enemies":"Chosen","floor":18,"turns":4},{"damage":22,"enemies":"Spheric Guardian","floor":19,"turns":3},{"damage":10,"enemies":"Chosen and Byrds","floor":22,"turns":5},{"damage":0,"enemies":"Slavers","floor":23,"turns":5},{"damage":21,"enemies":"Snake Plant","floor":24,"turns":2}],"seed_played":"7716693611118682297","potions_obtained":[{"floor":1,"key":"DistilledChaos"},{"floor":5,"key":"BottledMiracle"},{"floor":6,"key":"BlessingOfTheForge"},{"floor":19,"key":"Dexterity Potion"},{"floor":23,"key":"DuplicationPotion"}],"is_trial":false,"path_per_floor":["M","?","M","M","M","E","M","E","T","M","M","R","E","M","R","B",null,"M","M","?","$","M","E","M"],"character_chosen":"WATCHER","items_purchased":["Sling","Akabeko","Brilliance","Halt","CutThroughFate"],"campfire_rested":2,"item_purchase_floors":[21,21,21,21,21],"current_hp_per_floor":[59,59,59,52,51,51,45,35,35,27,19,37,15,15,33,33,55,44,22,22,22,12,12,0,0],"gold":43,"neow_bonus":"REMOVE_TWO","is_daily":false,"chose_seed":false,"campfire_upgraded":0,"win_rate":0.0,"timestamp":1613417814,"path_taken":["M","?","M","M","M","E","M","E","T","?","M","R","E","M","R","BOSS","M","M","?","$","M","E","M"],"items_purchased_type":["Relic","Relic","Card","Card","Card"],"build_version":"2020-12-18","purchased_purges":0,"victory":false,"max_hp_per_floor":[62,62,62,62,62,62,62,62,62,62,62,62,62,62,62,62,62,62,62,62,62,62,62,62,62],"relic_stats":{"counters":[17,62],"MawBank":96,"obtain_stats":[{"Ice Cream":6,"SlaversCollar":17,"CultistMask":2,"Bag of Marbles":8,"PureWater":0,"MawBank":13,"Sling":21,"Akabeko":21,"Toy Ornithopter":23},{"Ice Cream":5,"SlaversCollar":12,"CultistMask":1,"Bag of Marbles":7,"PureWater":0,"MawBank":10,"Sling":14,"Akabeko":14,"Toy Ornithopter":16},{"Ice Cream":13,"SlaversCollar":43,"CultistMask":3,"Bag of Marbles":22,"PureWater":0,"MawBank":36,"Sling":50,"Akabeko":50,"Toy Ornithopter":60}],"Toy Ornithopter":5},"card_choices":[{"not_picked":["ForeignInfluence","FollowUp"],"picked":"CrushJoints","floor":1},{"not_picked":["ForeignInfluence","Evaluate"],"picked":"FlurryOfBlows","floor":3},{"not_picked":["ThirdEye","ClearTheMind"],"picked":"Establishment","floor":4},{"not_picked":["Evaluate","EmptyBody"],"picked":"SashWhip","floor":5},{"not_picked":["MasterReality","SashWhip"],"picked":"Fasting2","floor":6},{"not_picked":["Crescendo","Sanctity"],"picked":"Prostrate","floor":7},{"not_picked":["CrushJoints","PathToVictory"],"picked":"EmptyMind","floor":8},{"not_picked":["WindmillStrike","EmptyMind"],"picked":"BowlingBash","floor":10},{"not_picked":["ReachHeaven","SignatureMove"],"picked":"Prostrate","floor":11},{"not_picked":["Vengeance","Evaluate"],"picked":"Halt","floor":13},{"not_picked":["SashWhip","Collect"],"picked":"Brilliance","floor":14},{"not_picked":["MasterReality","Omniscience"],"picked":"LessonLearned","floor":16},{"not_picked":["Crescendo","Protect"],"picked":"ThirdEye","floor":18},{"not_picked":["ThirdEye","Halt"],"picked":"Consecrate+1","floor":19},{"not_picked":["Weave","Protect"],"picked":"EmptyFist","floor":22},{"not_picked":["ForeignInfluence","Establishment"],"picked":"ThirdEye","floor":23}],"player_experience":1746757,"relics_obtained":[{"floor":6,"key":"Ice Cream"},{"floor":8,"key":"Bag of Marbles"},{"floor":13,"key":"MawBank"},{"floor":23,"key":"Toy Ornithopter"}],"event_choices":[{"damage_healed":0,"gold_gain":0,"player_choice":"Trade","damage_taken":0,"relics_obtained":["CultistMask"],"max_hp_gain":0,"max_hp_loss":0,"event_name":"FaceTrader","floor":2,"gold_loss":0},{"cards_removed":["Strike_P"],"damage_healed":0,"gold_gain":0,"player_choice":"Card Removal","damage_taken":0,"max_hp_gain":0,"max_hp_loss":0,"event_name":"Wheel of Change","floor":20,"gold_loss":0}],"is_beta":true,"boss_relics":[{"not_picked":["Coffee Dripper","Busted Crown"],"picked":"SlaversCollar"}],"items_purged_floors":[],"is_endless":false,"potions_floor_spawned":[1,5,6,8,14,19,23],"killed_by":"Snake Plant","ascension_level":20}}