{"host":"ojezjkpqju62j8xy","time":1613394219,"event":{"mods":["ATMod(°¢èªMod)","Act Like it!","Aspiration","BaseMod","Conspire","Gensokyo","Minty Spire (QoL Compilation)","Pale of the Ancients","Reliquary","Replay The Spire","Spicy Shops","StSLib","¡¾ÒÅÎï¿¨ÅÆ¡¿REMEMod","²ÐÁôÖ®Îï"],"gold_per_floor":[132,132,209,240,256,256,256],"floor_reached":6,"language":"ZHS","playtime":130,"items_purged":[],"score":61,"play_id":"a66eb52b-0f6b-44a7-9289-848a5fa65378","local_time":"20210215210339","is_ascension_mode":true,"campfire_choices":[],"circlet_count":0,"master_deck":["AscendersBane","Strike_B","Strike_B","Strike_B","Strike_B","Defend_B","Defend_B","Defend_B","Defend_B","Zap","Dualcast","AT_DrawKnifeCut","HandOfGreed","Clumsy","Rainbow+1","Redo","ReplayTheSpireMod:Calculation Training","Turbo","Chaos","Beam Cell"],"relics":["Cracked Core","AT_ATBox","REME_ComplimentaryCards","reliquary:SharkskinSheath"],"acts_visited":["Exordium"],"potions_floor_usage":[6],"damage_taken":[{"damage":0,"enemies":"Small Slimes","floor":1,"turns":2},{"damage":13,"enemies":"2 Louse","floor":4,"turns":3},{"damage":12,"enemies":"Jaw Worm","floor":5,"turns":2},{"damage":51,"enemies":"Gremlin Nob","floor":6,"turns":4}],"seed_played":"-852614780380390780","potions_obtained":[{"floor":1,"key":"Strength Potion"},{"floor":4,"key":"SkillPotion"}],"is_trial":false,"path_per_floor":["M","?","?","M","M","E"],"character_chosen":"DEFECT","items_purchased":[],"campfire_rested":0,"item_purchase_floors":[],"current_hp_per_floor":[64,64,64,51,39,0,0],"gold":256,"neow_bonus":"THREE_RARE_CARDS","is_daily":false,"chose_seed":false,"campfire_upgraded":0,"win_rate":0.0,"timestamp":1613394219,"path_taken":["M","?","?","M","M","E"],"items_purchased_type":[],"build_version":"2020-12-22","purchased_purges":0,"victory":false,"max_hp_per_floor":[71,71,71,71,71,71,71],"card_choices":[{"not_picked":["All For One","ReplayRNGCard"],"picked":"Rainbow","floor":0},{"not_picked":["Barrage","Recycle"],"picked":"Redo","floor":1},{"not_picked":["BootSequence","Rebound"],"picked":"ReplayTheSpireMod:Calculation Training","floor":3},{"not_picked":["Coolheaded","Streamline"],"picked":"Turbo","floor":3},{"not_picked":["ReplaySort","conspire:SharedLibrary"],"picked":"Chaos","floor":4},{"not_picked":["Redo","Hologram"],"picked":"Beam Cell","floor":5}],"player_experience":1527025,"relics_obtained":[{"floor":3,"key":"reliquary:SharkskinSheath"}],"event_choices":[{"damage_healed":0,"gold_gain":0,"player_choice":"Grow","damage_taken":0,"max_hp_gain":0,"max_hp_loss":0,"event_name":"Living Wall","floor":2,"gold_loss":0,"cards_upgraded":["Rainbow"]}],"is_beta":false,"boss_relics":[],"items_purged_floors":[],"is_endless":false,"potions_floor_spawned":[1,4],"killed_by":"Gremlin Nob","ascension_level":14}}