{"host":"z7iqwv4hfwwvhc2n","time":1613392436,"event":{"mods":["2.2 Compatiblity","BaseMod","Better Third Choice","BetterRewards","Colored Powertips","Minty Spire (QoL Compilation)","Quick Restart","Relic Filter","StSLib","The Cursed"],"gold_per_floor":[109,119,137,137,137,168,13,31,82,98,114,114,46,60,60,159,159,170,183,108,124,143,172,172,172,254,254,254,8,8,8,8],"floor_reached":31,"language":"JPN","playtime":1459,"items_purged":[],"score":257,"play_id":"e0397686-092d-4df7-8531-ce2149e20305","local_time":"20210215213356","is_ascension_mode":false,"campfire_choices":[{"floor":12,"key":"REST"},{"data":"Self Repair","floor":15,"key":"SMITH"},{"floor":25,"key":"REST"},{"floor":27,"key":"REST"}],"circlet_count":0,"master_deck":["Strike_B","Strike_B","Strike_B+1","Defend_B","Defend_B","Defend_B","Defend_B","Zap","Dualcast","Barrage","Storm","Coolheaded","Melter","Lockon+1","Auto Shields","Darkness","Go for the Eyes","Lockon","Self Repair+1","Multi-Cast","Amplify","Beam Cell","Beam Cell+1","Skim","Coolheaded+1","Capacitor+1"],"relics":["Cracked Core","Bird Faced Urn","Vajra","Black Star","TheAbacus","Ice Cream","Red Mask","Nloth\u0027s Gift","Bronze Scales","Prayer Wheel","StoneCalendar","MutagenicStrength","Letter Opener","Ginger"],"acts_visited":["Exordium","TheCity"],"potions_floor_usage":[6,16,21,22,23,23],"damage_taken":[{"damage":7,"enemies":"Small Slimes","floor":1,"turns":4},{"damage":6,"enemies":"Jaw Worm","floor":2,"turns":5},{"damage":1,"enemies":"2 Louse","floor":3,"turns":2},{"damage":19,"enemies":"Lagavulin","floor":6,"turns":5},{"damage":2,"enemies":"Looter","floor":8,"turns":2},{"damage":2,"enemies":"Blue Slaver","floor":10,"turns":3},{"damage":1,"enemies":"Exordium Thugs","floor":11,"turns":4},{"damage":13,"enemies":"Lots of Slimes","floor":14,"turns":5},{"damage":22,"enemies":"Slime Boss","floor":16,"turns":4},{"damage":23,"enemies":"Spheric Guardian","floor":18,"turns":5},{"damage":6,"enemies":"Chosen","floor":19,"turns":3},{"damage":15,"enemies":"Snake Plant","floor":21,"turns":2},{"damage":21,"enemies":"Centurion and Healer","floor":22,"turns":7},{"damage":61,"enemies":"Slavers","floor":23,"turns":6},{"damage":51,"enemies":"3 Cultists","floor":31,"turns":4}],"seed_played":"-3500183970586549581","potions_obtained":[{"floor":1,"key":"Fire Potion"},{"floor":8,"key":"GamblersBrew"},{"floor":11,"key":"ColorlessPotion"},{"floor":16,"key":"SteroidPotion"},{"floor":18,"key":"Fire Potion"},{"floor":21,"key":"Block Potion"}],"is_trial":false,"path_per_floor":["M","M","M","?","?","E","$","M","T","M","M","R","$","M","R","B",null,"M","M","?","M","M","E","?","R","T","R","?","$","?","M"],"character_chosen":"DEFECT","items_purchased":["Vajra","Black Star","TheAbacus","Barrage","Storm","Red Mask","Self Repair","Ginger"],"campfire_rested":3,"item_purchase_floors":[0,0,0,0,0,7,13,29],"current_hp_per_floor":[70,66,67,52,57,40,40,40,40,38,39,63,63,61,61,53,80,70,80,80,65,58,11,11,35,35,59,44,44,44,0,0],"gold":8,"neow_bonus":"","is_daily":false,"chose_seed":false,"campfire_upgraded":1,"win_rate":0.0,"timestamp":1613392436,"path_taken":["M","M","M","?","?","E","?","M","T","M","M","R","$","M","R","BOSS","M","M","?","M","M","E","?","R","T","R","?","$","?","M"],"items_purchased_type":["Relic","Relic","Relic","Card","Card","Relic","Card","Relic"],"build_version":"2020-12-22","purchased_purges":0,"victory":false,"max_hp_per_floor":[75,75,75,75,80,80,80,80,80,80,80,80,80,80,80,80,80,80,80,80,80,80,80,80,80,80,80,85,85,85,85,85],"card_choices":[{"not_picked":["Auto Shields","Ball Lightning"],"picked":"Coolheaded","floor":1},{"not_picked":["Conserve Battery","Stack"],"picked":"Melter","floor":2},{"not_picked":["Rebound","Streamline"],"picked":"Lockon","floor":3},{"not_picked":["Buffer","Leap"],"picked":"Auto Shields","floor":6},{"not_picked":["Compile Driver","White Noise"],"picked":"Darkness","floor":8},{"not_picked":["Barrage","Steam"],"picked":"Go for the Eyes","floor":10},{"not_picked":["Blizzard","Seek"],"picked":"Lockon","floor":11},{"not_picked":["Force Field","Rebound"],"picked":"Multi-Cast","floor":14},{"not_picked":["Creative AI","Echo Form"],"picked":"Amplify","floor":16},{"not_picked":["Rebound","Stack"],"picked":"Beam Cell","floor":18},{"not_picked":["Compile Driver","Hologram"],"picked":"Beam Cell+1","floor":19},{"not_picked":["Beam Cell","Cold Snap"],"picked":"Skim","floor":21},{"not_picked":["Hologram+1","Blizzard+1"],"picked":"Coolheaded+1","floor":22},{"not_picked":["Ball Lightning+1","Amplify"],"picked":"Capacitor+1","floor":23}],"player_experience":59790,"relics_obtained":[{"floor":6,"key":"Ice Cream"},{"floor":9,"key":"Nloth\u0027s Gift"},{"floor":23,"key":"Prayer Wheel"},{"floor":23,"key":"StoneCalendar"},{"floor":26,"key":"Letter Opener"}],"event_choices":[{"damage_healed":67,"gold_gain":0,"player_choice":"Upgrade","damage_taken":15,"max_hp_gain":0,"max_hp_loss":75,"event_name":"betterThird:BetterShining","floor":4,"gold_loss":0,"cards_upgraded":["Strike_B","Lockon"]},{"damage_healed":0,"gold_gain":0,"player_choice":"Donut","damage_taken":0,"max_hp_gain":5,"max_hp_loss":0,"event_name":"Big Fish","floor":5,"gold_loss":0},{"cards_removed":["Strike_B"],"damage_healed":0,"gold_gain":0,"player_choice":"Gave Gold","damage_taken":0,"max_hp_gain":0,"max_hp_loss":0,"event_name":"Beggar","floor":20,"gold_loss":75},{"damage_healed":0,"gold_gain":0,"player_choice":"Inject Mutagens","damage_taken":0,"relics_obtained":["MutagenicStrength"],"max_hp_gain":0,"max_hp_loss":0,"event_name":"Drug Dealer","floor":24,"gold_loss":0},{"damage_healed":0,"gold_gain":0,"player_choice":"Shed Blood","damage_taken":20,"max_hp_gain":5,"max_hp_loss":0,"event_name":"Forgotten Altar","floor":28,"gold_loss":0},{"damage_healed":0,"gold_gain":0,"player_choice":"Ignored","damage_taken":0,"max_hp_gain":0,"max_hp_loss":0,"event_name":"Ghosts","floor":30,"gold_loss":0}],"is_beta":false,"boss_relics":[{"not_picked":["Ornamental Fan","Sundial"],"picked":"Bronze Scales"}],"items_purged_floors":[],"is_endless":false,"potions_floor_spawned":[1,8,11,16,18,21],"killed_by":"3 Cultists","ascension_level":0}}