{"host":"kdt6w7ix8lwe69i9","time":1613380520,"event":{"mods":["100% Spire Juice","BaseMod","ChefMod","Evolution","Koishi","Minty Spire (QoL Compilation)","Poor People Problems","Reimu（博丽灵梦）","Robot Space Explorer","Shade Mod","StSLib","The Druid","The Gatherer","The Poker Player","The Servant 0.9.4","TheSurvivalist"],"gold_per_floor":[115,290,306,375,375,375,387,402,402,422,438,455,40,40,40,140,190,200,213,224,134,94,94,94],"floor_reached":23,"language":"ENG","playtime":3614,"items_purged":[],"score":235,"play_id":"468a53f2-b8ae-42ae-817e-ae6e49c0a166","local_time":"20210215041520","is_ascension_mode":false,"campfire_choices":[{"data":"Koishi:UnseenTerror","floor":6,"key":"SMITH"},{"data":"Koishi:BramblyRoseGarden","floor":15,"key":"SMITH"}],"circlet_count":0,"master_deck":["Koishi:ParalyzingFear+1","Koishi:ParalyzingFear+1","Koishi:ParalyzingFear","Koishi:ParalyzingFear","Koishi:PhantomBarrier","Koishi:PhantomBarrier+1","Koishi:PhantomBarrier","Koishi:PhantomBarrier","Koishi:Provoke","Koishi:HauntingSlash","Koishi:UnseenTerror+1","Koishi:MassHysteria","Koishi:SubterraneanRose","Koishi:DreadfulBlow","Koishi:Untouchable","Koishi:UnconsciousUrges","Koishi:RoseHell","Koishi:BloodcurdlingScream","Koishi:HeartAttack","Koishi:BramblyRoseGarden+1","Koishi:ParalyzingFear","Koishi:FidgetySnatcher+1","Koishi:SilentAndRestless+1","Koishi:Catatonia","Koishi:SubterraneanRose","Koishi:SubconsciousSweep","Koishi:EmbryosDream","Koishi:FidgetySnatcher"],"relics":["Koishi:ImaginaryFriend","EVO:Axolotl","NeowsBlessing","Mummified Hand","White Beast Statue","Orrery","Tiny House"],"acts_visited":["Exordium","TheCity"],"potions_floor_usage":[10,12,16,18,19,20,20,23],"damage_taken":[{"damage":0,"enemies":"Jaw Worm","floor":1,"turns":1},{"damage":0,"enemies":"Small Slimes","floor":3,"turns":1},{"damage":0,"enemies":"Cultist","floor":7,"turns":1},{"damage":0,"enemies":"Large Slime","floor":8,"turns":6},{"damage":4,"enemies":"Gremlin Gang","floor":10,"turns":4},{"damage":4,"enemies":"Exordium Wildlife","floor":11,"turns":3},{"damage":1,"enemies":"Exordium Thugs","floor":12,"turns":4},{"damage":5,"enemies":"The Guardian","floor":16,"turns":7},{"damage":23,"enemies":"2 Thieves","floor":18,"turns":3},{"damage":0,"enemies":"3 Byrds","floor":19,"turns":5},{"damage":16,"enemies":"Snake Plant","floor":20,"turns":3},{"damage":32,"enemies":"Slavers","floor":23,"turns":2}],"seed_played":"-5012899088757827602","potions_obtained":[{"floor":1,"key":"SteroidPotion"},{"floor":11,"key":"DistilledChaos"},{"floor":12,"key":"DistilledChaos"},{"floor":16,"key":"GamblersBrew"},{"floor":17,"key":"SkillPotion"},{"floor":18,"key":"SkillPotion"},{"floor":19,"key":"ZuzhouPotion:ReiMu"},{"floor":20,"key":"Energy Potion"}],"is_trial":false,"path_per_floor":["M","?","M","?","?","R","M","M","T","M","M","M","$","?","R","B",null,"M","M","M","?","$","E"],"character_chosen":"KOISHI","items_purchased":["White Beast Statue","Orrery","Koishi:FidgetySnatcher"],"campfire_rested":0,"item_purchase_floors":[13,13,22],"current_hp_per_floor":[65,65,65,65,52,52,52,54,54,51,49,53,53,53,53,52,70,47,48,32,32,32,0,0],"gold":94,"neow_bonus":"THREE_ENEMY_KILL","is_daily":false,"chose_seed":false,"campfire_upgraded":2,"win_rate":0.0,"timestamp":1613380520,"path_taken":["M","?","M","?","?","R","?","M","T","M","M","?","$","?","R","BOSS","M","?","M","?","?","E"],"items_purchased_type":["Relic","Relic","Card"],"build_version":"2020-12-22","purchased_purges":0,"victory":false,"max_hp_per_floor":[65,65,65,65,65,65,65,65,65,65,65,65,65,65,65,65,70,70,70,70,70,70,70,70],"card_choices":[{"not_picked":["Koishi:UnconsciousUprising","Koishi:BloodcurdlingScream"],"picked":"Koishi:UnseenTerror","floor":1},{"not_picked":["Koishi:PhantomStrike","Koishi:DanmakuParanoia"],"picked":"Koishi:MassHysteria","floor":3},{"not_picked":["Koishi:DreadfulBlow","Koishi:IdleWhim"],"picked":"Koishi:SubterraneanRose","floor":7},{"not_picked":["Koishi:Jaunt","Koishi:FleetingPhantom"],"picked":"Koishi:DreadfulBlow","floor":8},{"not_picked":["Koishi:UnconsciousUprising","Koishi:HeartfeltFancy"],"picked":"Koishi:Untouchable","floor":10},{"not_picked":["Koishi:EmbersOfLove","Koishi:ReleaseOfTheId"],"picked":"Koishi:UnconsciousUrges","floor":11},{"not_picked":["Koishi:HeartfeltFancy","Koishi:DanmakuParanoia"],"picked":"Koishi:RoseHell","floor":12},{"not_picked":["Koishi:Vanish","Koishi:PhilosophyOfTheDespised"],"picked":"Koishi:BloodcurdlingScream","floor":13},{"not_picked":["Koishi:Jaunt","Koishi:EmbryosDream"],"picked":"Koishi:HeartAttack","floor":13},{"not_picked":["Koishi:RacingHeart","Koishi:Possession"],"picked":"Koishi:BramblyRoseGarden","floor":13},{"not_picked":["Koishi:PhantomStrike","Koishi:Possession"],"picked":"Koishi:ParalyzingFear","floor":13},{"not_picked":["Koishi:Bloodlust","Koishi:RacingHeart"],"picked":"Koishi:FidgetySnatcher","floor":13},{"not_picked":["Koishi:RuptureMind","Koishi:RollingInRichesHeart"],"picked":"Koishi:SilentAndRestless","floor":16},{"not_picked":["Koishi:FleetingPhantom","Koishi:ReflexRadar"],"picked":"Koishi:Catatonia","floor":17},{"not_picked":["Koishi:SubconsciousSweep","Koishi:ReleaseOfTheId"],"picked":"Koishi:SubterraneanRose","floor":18},{"not_picked":["Koishi:GeneticsOfTheUnconscious","Koishi:UnansweredLove"],"picked":"Koishi:SubconsciousSweep","floor":19},{"not_picked":["Koishi:Catatonia","Koishi:RacingHeart"],"picked":"Koishi:EmbryosDream","floor":20}],"player_experience":1616899,"relics_obtained":[{"floor":9,"key":"Mummified Hand"}],"event_choices":[{"damage_healed":0,"gold_gain":175,"player_choice":"AGREE","damage_taken":0,"max_hp_gain":0,"max_hp_loss":0,"event_name":"Liars Game","floor":2,"gold_loss":0,"cards_obtained":["Doubt"]},{"damage_healed":0,"gold_gain":69,"player_choice":"Gained Gold","damage_taken":0,"max_hp_gain":0,"max_hp_loss":0,"event_name":"Golden Wing","floor":4,"gold_loss":0},{"damage_healed":0,"gold_gain":0,"player_choice":"Entered Light","damage_taken":13,"max_hp_gain":0,"max_hp_loss":0,"event_name":"Shining Light","floor":5,"gold_loss":0,"cards_upgraded":["Koishi:PhantomBarrier","Koishi:ParalyzingFear"]},{"damage_healed":0,"gold_gain":0,"player_choice":"Upgraded","damage_taken":0,"max_hp_gain":0,"max_hp_loss":0,"event_name":"Upgrade Shrine","floor":14,"gold_loss":0,"cards_upgraded":["Koishi:FidgetySnatcher"]},{"cards_removed":["Doubt"],"damage_healed":0,"gold_gain":0,"player_choice":"Upgrade and Remove","damage_taken":0,"max_hp_gain":0,"max_hp_loss":0,"event_name":"Designer","floor":21,"gold_loss":90,"cards_upgraded":["Koishi:ParalyzingFear"]}],"is_beta":false,"boss_relics":[{"not_picked":["Snecko Eye","Runic Dome"],"picked":"Tiny House"}],"items_purged_floors":[],"is_endless":false,"potions_floor_spawned":[1,11,12,16,18,19,20],"killed_by":"Slavers","ascension_level":0}}