{"host":"uhvd1ejkkpomttgz","time":1613386716,"event":{"mods":["BaseMod","Downfall","Duelist Mod","Friendly Minions","Googly Eyes","Gremlin Mod","Hero for Fun","LagranYue(???·?)","Marisa????????","Minty Spire (QoL Compilation)","Quick Restart","Remilia??????","Shop Mod","StSLib","Td1madao Mod","The Cursed","[IsaacMod]????","slay the spire mod where everything is the same but ironclad has a cowboy hat","thorton"],"gold_per_floor":[115,190,74,24,35,35,65,77,102,102,119,138,138,138,138,258,258,277,302,302,302,325,325,365,365,390,390,408,428,428,443,443,548,548,566,566,579,678,690,690,725,742,766,661,675,675,383,402,402,402,402,402,59,84,84],"floor_reached":56,"language":"ENG","playtime":4407,"items_purged":["Strike_R","downfall:Bewildered","Bash+1"],"score":1126,"play_id":"8d29f130-2699-43f7-a5b4-906de9d0d42e","local_time":"20210215025836","is_ascension_mode":true,"campfire_choices":[{"data":"Flex","floor":10.0,"key":"SMITH"},{"data":"Whirlwind","floor":13.0,"key":"SMITH"},{"data":"Bash","floor":15.0,"key":"SMITH"},{"data":"Demon Form","floor":23.0,"key":"SMITH"},{"floor":27.0,"key":"RECALL"},{"data":"Defend_R","floor":30.0,"key":"SMITH"},{"data":"Defend_R","floor":32.0,"key":"SMITH"},{"data":"Madness","floor":40.0,"key":"SMITH"},{"data":"Madness","floor":46.0,"key":"SMITH"},{"floor":49.0,"key":"REST"},{"floor":52.0,"key":"REST"}],"circlet_count":0,"master_deck":["Defend_R+1","Defend_R+1","Whirlwind+1","Flex+1","Demon Form+1","Uppercut+1","Shrug It Off+1","Barricade+1","Flex+1","Whirlwind+1","Entrench+1","Madness+1","Madness+1","Warcry+1","Flame Barrier+1"],"relics":["Burning Blood","HushsDoor","LagranYue:RandomDrawCardRelic","SteamSale","Chemical X","Potion Belt","Bloody Idol","Astrolabe","sneckomod:BabySnecko","MutagenicStrength","Pantograph","Busted Crown","Centennial Puzzle","PreservedInsect","MerchantsRug","Cauldron","Bag of Preparation","InkBottle","TheBean","Ice Cream","OrangePellets","TungstenRod"],"acts_visited":["Exordium","TheCity","TheBeyond","TheEnding"],"potions_floor_usage":[55,55,55,55],"damage_taken":[{"damage":6.0,"enemies":"Cultist","floor":1.0,"turns":3.0},{"damage":3.0,"enemies":"Jaw Worm","floor":5.0,"turns":4.0},{"damage":0.0,"enemies":"3 Sentries","floor":7.0,"turns":1.0},{"damage":0.0,"enemies":"Small Slimes","floor":8.0,"turns":2.0},{"damage":0.0,"enemies":"Looter","floor":11.0,"turns":1.0},{"damage":13.0,"enemies":"Blue Slaver","floor":12.0,"turns":2.0},{"damage":34.0,"enemies":"Hexaghost","floor":16.0,"turns":6.0},{"damage":0.0,"enemies":"2 Thieves","floor":18.0,"turns":1.0},{"damage":0.0,"enemies":"Spheric Guardian","floor":19.0,"turns":3.0},{"damage":13.0,"enemies":"Snake Plant","floor":22.0,"turns":3.0},{"damage":28.0,"enemies":"theDuelist:KaibaA2","floor":24.0,"turns":4.0},{"damage":0.0,"enemies":"Centurion and Healer","floor":28.0,"turns":1.0},{"damage":0.0,"enemies":"Snecko","floor":29.0,"turns":2.0},{"damage":0.0,"enemies":"Sentry and Sphere","floor":31.0,"turns":1.0},{"damage":14.0,"enemies":"Collector","floor":33.0,"turns":5.0},{"damage":16.0,"enemies":"3 Shapes","floor":35.0,"turns":1.0},{"damage":0.0,"enemies":"Orb Walker","floor":37.0,"turns":1.0},{"damage":24.0,"enemies":"Sphere and 2 Shapes","floor":39.0,"turns":2.0},{"damage":0.0,"enemies":"Giant Head","floor":41.0,"turns":5.0},{"damage":25.0,"enemies":"Writhing Mass","floor":42.0,"turns":3.0},{"damage":0.0,"enemies":"3 Darklings","floor":45.0,"turns":1.0},{"damage":5.0,"enemies":"Transient","floor":48.0,"turns":5.0},{"damage":8.0,"enemies":"Donu and Deca","floor":50.0,"turns":5.0},{"damage":0.0,"enemies":"Shield and Spear","floor":54.0,"turns":1.0},{"damage":0,"enemies":"Delirium","floor":55,"turns":29}],"seed_played":"6289158266392486882","potions_obtained":[{"floor":8.0,"key":"DuplicationPotion"},{"floor":11.0,"key":"sneckomod:MuddlingPotion"},{"floor":12.0,"key":"Weak Potion"},{"floor":19.0,"key":"AttackPotion"},{"floor":24.0,"key":"Block Potion"},{"floor":28.0,"key":"FearPotion"},{"floor":33.0,"key":"ColorlessPotion"},{"floor":35.0,"key":"EssenceOfSteel"},{"floor":42.0,"key":"SneckoOil"},{"floor":44.0,"key":"EssenceOfSteel"},{"floor":44.0,"key":"SpeedPotion"},{"floor":44.0,"key":"Ancient Potion"},{"floor":44.0,"key":"FearPotion"},{"floor":44.0,"key":"Guardian:BlockOnCardUsePotion"}],"is_trial":false,"path_per_floor":["M","?","$","?","M","?","E","M","T","R","M","M","R","?","R","B",null,"M","M","?","?","M","R","E","?","T","R","M","M","R","M","R","B",null,"M","?","M","?","M","R","E","M","T","$","M","R","$","M","R","B",null,"R","$","E","B",null],"character_chosen":"IRONCLAD","items_purchased":["Chemical X","MerchantsRug","Cauldron","Bag of Preparation","InkBottle","Block Potion","TheBean","Ice Cream","OrangePellets","DuplicationPotion","DuplicationPotion","DistilledChaos"],"campfire_rested":2,"item_purchase_floors":[3,44,44,47,47,47,53,53,53,53,53,53],"current_hp_per_floor":[80,69,69,69,72,65,71,77,77,77,83,76,76,56,56,28,83,83,83,83,83,76,76,54,54,59,59,70,81,81,83,83,80,83,78,68,82,72,59,59,70,56,61,81,84,84,84,79,79,77,79,79,79,79,79],"gold":84,"neow_bonus":"TRANSFORM_CARD","is_daily":false,"chose_seed":false,"campfire_upgraded":8,"win_rate":0.0,"timestamp":1613386716,"path_taken":["M","?","$","?","?","?","E","M","T","R","M","?","R","?","R","BOSS","M","M","?","?","M","R","E","?","T","R","M","M","R","M","R","BOSS","M","?","M","?","M","R","E","?","T","?","M","R","$","M","R","BOSS","R","$","E","BOSS"],"items_purchased_type":["Relic","Relic","Relic","Relic","Relic","Potion","Relic","Relic","Relic","Potion","Potion","Potion"],"build_version":"2020-12-22","purchased_purges":3,"victory":true,"max_hp_per_floor":[80,80,80,80,80,80,80,80,80,80,83,83,83,83,83,83,83,83,83,83,83,83,83,83,83,83,83,83,83,83,83,83,83,83,83,83,86,86,81,81,81,81,81,81,84,84,84,79,79,79,79,79,79,79,79],"card_choices":[{"not_picked":[],"picked":"Bomb","floor":0.0},{"not_picked":["Cleave","Power Through","Offering"],"picked":"SKIP","floor":1.0},{"not_picked":["Armaments","Sentinel","Rampage"],"picked":"SKIP","floor":5.0},{"not_picked":["Pommel Strike","Dropkick","Wild Strike"],"picked":"SKIP","floor":7.0},{"not_picked":["Clothesline","Sword Boomerang"],"picked":"Flex","floor":8.0},{"not_picked":["Sentinel","Reckless Charge","Thunderclap"],"picked":"SKIP","floor":11.0},{"not_picked":["Shockwave","Twin Strike","Juggernaut"],"picked":"SKIP","floor":12.0},{"not_picked":["Offering","Exhume"],"picked":"Demon Form","floor":16.0},{"not_picked":["Armaments","Perfected Strike+1","Heavy Blade"],"picked":"SKIP","floor":18.0},{"not_picked":["Twin Strike+1","Sentinel","Perfected Strike"],"picked":"SKIP","floor":19.0},{"not_picked":["Pommel Strike","Twin Strike"],"picked":"Flex+1","floor":22.0},{"not_picked":["Perfected Strike+1","Burning Pact"],"picked":"Whirlwind+1","floor":24.0},{"not_picked":["Sentinel","Heavy Blade"],"picked":"Entrench+1","floor":28.0},{"not_picked":["Perfected Strike","Whirlwind","Ghostly Armor"],"picked":"SKIP","floor":29.0},{"not_picked":["Offering","Spot Weakness","Headbutt"],"picked":"SKIP","floor":31.0},{"not_picked":["Spot Weakness+1"],"picked":"SKIP","floor":35.0},{"not_picked":["Clothesline+1"],"picked":"SKIP","floor":37.0},{"not_picked":[],"picked":"Warcry+1","floor":39.0},{"not_picked":["Perfected Strike"],"picked":"SKIP","floor":41.0},{"not_picked":["Evolve+1"],"picked":"SKIP","floor":42.0},{"not_picked":[],"picked":"Flame Barrier+1","floor":45.0},{"not_picked":["Perfected Strike"],"picked":"SKIP","floor":48.0},{"not_picked":["Pummel+1"],"picked":"SKIP","floor":54.0}],"player_experience":295038,"relics_obtained":[{"floor":7.0,"key":"Potion Belt"},{"floor":9.0,"key":"PillsDrop"},{"floor":24.0,"key":"Pantograph"},{"floor":41.0,"key":"Centennial Puzzle"},{"floor":43.0,"key":"PreservedInsect"},{"floor":54.0,"key":"TungstenRod"}],"event_choices":[{"damage_healed":0.0,"max_hp_gain":0.0,"max_hp_loss":0.0,"gold_gain":75.0,"event_name":"World of Goop","player_choice":"Gather Gold","floor":2.0,"gold_loss":0.0,"damage_taken":11.0},{"cards_removed":["Strike_R"],"damage_healed":0.0,"max_hp_gain":0.0,"max_hp_loss":0.0,"gold_gain":0.0,"event_name":"The Cleric","player_choice":"Card Removal","floor":4.0,"gold_loss":50.0,"damage_taken":0.0},{"cards_removed":["Strike_R"],"damage_healed":0.0,"max_hp_gain":0.0,"max_hp_loss":0.0,"gold_gain":0.0,"event_name":"Golden Wing","player_choice":"Card Removal","floor":6.0,"gold_loss":0.0,"damage_taken":7.0},{"damage_healed":0.0,"max_hp_gain":0.0,"max_hp_loss":0.0,"gold_gain":0.0,"event_name":"Golden Idol","player_choice":"Take Damage","floor":14.0,"gold_loss":0.0,"damage_taken":20.0,"relics_obtained":["Golden Idol"]},{"damage_healed":0.0,"max_hp_gain":0.0,"max_hp_loss":0.0,"gold_gain":0.0,"event_name":"Drug Dealer","player_choice":"Inject Mutagens","floor":21.0,"gold_loss":0.0,"damage_taken":0.0,"relics_obtained":["MutagenicStrength"]},{"damage_healed":0.0,"max_hp_gain":0.0,"max_hp_loss":0.0,"gold_gain":0.0,"event_name":"Forgotten Altar","player_choice":"Gave Idol","floor":25.0,"relics_lost":["Golden Idol"],"gold_loss":0.0,"damage_taken":0.0,"relics_obtained":["Bloody Idol"]},{"damage_healed":0.0,"max_hp_gain":0.0,"max_hp_loss":0.0,"gold_gain":0.0,"event_name":"Winding Halls","player_choice":"Embrace Madness","floor":36.0,"gold_loss":0.0,"damage_taken":10.0,"cards_obtained":["Madness","Madness"]}],"is_beta":false,"boss_relics":[{"not_picked":["Runic Cube","Ectoplasm"],"picked":"Astrolabe"},{"not_picked":[]},{"not_picked":["Coffee Dripper","Empty Cage"],"picked":"Busted Crown"},{"not_picked":[]}],"items_purged_floors":[3,44,47],"is_endless":false,"potions_floor_spawned":[8,11,12,19,24,28,33,35,42,48],"ascension_level":2}}