{"host":"lv3zv4svf9qrs9uo","time":1613423914,"event":{"mods":["AchievementEnabler","BaseMod","Minty Spire (QoL Compilation)","Relic Stats"],"gold_per_floor":[115,125,139,151,169,196,215,241,266,266,266,281,314,328,328,424,424,440,440,440,40,40,112,112,147,172,222,66,66,66],"floor_reached":29,"language":"ENG","playtime":4357,"items_purged":["Strike_P"],"score":388,"play_id":"ad7a8d44-0c2e-4874-b80b-45ddea217b3b","local_time":"20210215131834","is_ascension_mode":true,"campfire_choices":[{"data":"SandsOfTime","floor":10.0,"key":"SMITH"},{"floor":15.0,"key":"REST"},{"data":"HandOfGreed","floor":24,"key":"SMITH"}],"circlet_count":0,"master_deck":["Strike_P","Strike_P","Defend_P","Defend_P","Eruption","Vigilance","Evaluate","Wallop","SandsOfTime+1","FearNoEvil","Crescendo","Omniscience","FlurryOfBlows","MentalFortress","Indignation","Tantrum","MentalFortress","Establishment","EmptyBody","ClearTheMind","Adaptation","Protect","HandOfGreed+1","CutThroughFate","SashWhip","CrushJoints","FlurryOfBlows","EmptyFist"],"relics":["PureWater","Ginger","Bird Faced Urn","MealTicket","Nunchaku","Akabeko","Runic Dome","Tiny Chest","Art of War","MawBank","ClockworkSouvenir"],"acts_visited":["Exordium","TheCity"],"potions_floor_usage":[23,27],"damage_taken":[{"damage":4.0,"enemies":"Small Slimes","floor":1.0,"turns":5.0},{"damage":0.0,"enemies":"2 Louse","floor":2.0,"turns":4.0},{"damage":1.0,"enemies":"Jaw Worm","floor":3.0,"turns":4.0},{"damage":2.0,"enemies":"Looter","floor":4.0,"turns":4.0},{"damage":0.0,"enemies":"Large Slime","floor":5.0,"turns":2.0},{"damage":0.0,"enemies":"Lagavulin","floor":6.0,"turns":5.0},{"damage":0.0,"enemies":"Exordium Wildlife","floor":7.0,"turns":2.0},{"damage":10.0,"enemies":"3 Sentries","floor":8.0,"turns":5.0},{"damage":9.0,"enemies":"Lots of Slimes","floor":12.0,"turns":3.0},{"damage":10.0,"enemies":"Gremlin Nob","floor":13.0,"turns":3.0},{"damage":0.0,"enemies":"Large Slime","floor":14.0,"turns":2.0},{"damage":3.0,"enemies":"The Guardian","floor":16.0,"turns":6.0},{"damage":0.0,"enemies":"2 Thieves","floor":18.0,"turns":2.0},{"damage":20,"enemies":"Slavers","floor":23,"turns":9},{"damage":10,"enemies":"Chosen","floor":25,"turns":6},{"damage":48,"enemies":"Book of Stabbing","floor":27,"turns":5},{"damage":37,"enemies":"Gremlin Leader","floor":29,"turns":3}],"seed_played":"-7628272459743806866","potions_obtained":[{"floor":2.0,"key":"Strength Potion"},{"floor":4.0,"key":"Strength Potion"},{"floor":5.0,"key":"Explosive Potion"},{"floor":8.0,"key":"BottledMiracle"},{"floor":14.0,"key":"Ambrosia"},{"floor":16.0,"key":"Strength Potion"}],"is_trial":false,"path_per_floor":["M","M","M","M","M","E","M","E","T","R","?","M","E","M","R","B",null,"M","?","?","$","?","E","R","M","T","E","$","E"],"character_chosen":"WATCHER","items_purchased":["Adaptation","Protect","HandOfGreed","CutThroughFate","EmptyFist","ClockworkSouvenir"],"campfire_rested":1,"item_purchase_floors":[21,21,21,21,28,28],"current_hp_per_floor":[47,47,46,44,44,44,44,34,34,34,27,20,10,10,31,32,62,62,62,62,72,72,60,60,54,54,14,29,0,0],"gold":66,"neow_bonus":"ONE_RARE_RELIC","is_daily":false,"chose_seed":false,"campfire_upgraded":2,"win_rate":0.0,"timestamp":1613423914,"path_taken":["M","M","M","M","M","E","M","E","T","R","?","M","E","M","R","BOSS","M","?","?","$","?","E","R","M","T","E","?","E"],"items_purchased_type":["Card","Card","Card","Card","Card","Relic"],"build_version":"2020-12-22","purchased_purges":1,"victory":false,"max_hp_per_floor":[72,72,72,72,72,72,72,72,72,72,72,72,72,72,72,72,72,72,72,72,72,72,72,72,72,72,72,72,72,72],"relic_stats":{"Nunchaku":[6],"counters":[17,70],"Bird Faced Urn":[26],"MealTicket":25,"Tiny Chest":0,"Art of War":[1],"Ginger":[14],"MawBank":12,"obtain_stats":[{"Runic Dome":17,"Nunchaku":9,"Bird Faced Urn":6,"MealTicket":8,"Tiny Chest":23,"Art of War":26,"Ginger":0,"PureWater":0,"MawBank":27,"Akabeko":13,"ClockworkSouvenir":28},{"Runic Dome":12,"Nunchaku":8,"Bird Faced Urn":6,"MealTicket":8,"Tiny Chest":14,"Art of War":15,"Ginger":0,"PureWater":0,"MawBank":16,"Akabeko":10,"ClockworkSouvenir":16},{"Runic Dome":45,"Nunchaku":31,"Bird Faced Urn":24,"MealTicket":31,"Tiny Chest":56,"Art of War":62,"Ginger":0,"PureWater":0,"MawBank":67,"Akabeko":37,"ClockworkSouvenir":67}]},"card_choices":[{"not_picked":["Adaptation","WaveOfTheHand"],"picked":"Evaluate","floor":1.0},{"not_picked":["Study","Crescendo"],"picked":"Wallop","floor":2.0},{"not_picked":["JustLucky","PathToVictory"],"picked":"SandsOfTime","floor":3.0},{"not_picked":["Evaluate","CrushJoints"],"picked":"FearNoEvil","floor":4.0},{"not_picked":["Protect","BowlingBash"],"picked":"Crescendo","floor":5.0},{"not_picked":["JustLucky","EmptyFist"],"picked":"Omniscience","floor":6.0},{"not_picked":["Evaluate","ReachHeaven"],"picked":"FlurryOfBlows","floor":7.0},{"not_picked":["CarveReality","Vengeance"],"picked":"MentalFortress","floor":8.0},{"not_picked":["ForeignInfluence","JustLucky"],"picked":"Indignation","floor":12.0},{"not_picked":["ReachHeaven","BattleHymn"],"picked":"Tantrum","floor":13.0},{"not_picked":["BattleHymn","SashWhip"],"picked":"MentalFortress","floor":14.0},{"not_picked":["DeusExMachina","Ragnarok"],"picked":"Establishment","floor":16.0},{"not_picked":["JustLucky","WindmillStrike"],"picked":"EmptyBody","floor":18.0},{"not_picked":["Evaluate+1","Consecrate"],"picked":"FlurryOfBlows","floor":23},{"not_picked":["SashWhip+1","Prostrate","Conclude"],"picked":"SKIP","floor":25},{"not_picked":["PathToVictory","Weave","FollowUp+1"],"picked":"SKIP","floor":27}],"player_experience":602733,"relics_obtained":[{"floor":6.0,"key":"Bird Faced Urn"},{"floor":8.0,"key":"MealTicket"},{"floor":9.0,"key":"Nunchaku"},{"floor":13.0,"key":"Akabeko"},{"floor":23,"key":"Tiny Chest"},{"floor":26,"key":"Art of War"},{"floor":27,"key":"MawBank"}],"event_choices":[{"cards_removed":["Defend_P"],"damage_healed":0.0,"max_hp_gain":0.0,"max_hp_loss":0.0,"gold_gain":0.0,"event_name":"Golden Wing","player_choice":"Card Removal","floor":11.0,"gold_loss":0.0,"damage_taken":7.0},{"damage_healed":0.0,"max_hp_gain":0.0,"max_hp_loss":0.0,"gold_gain":0.0,"event_name":"Ghosts","player_choice":"Ignored","floor":19.0,"gold_loss":0.0,"damage_taken":0.0},{"damage_healed":0.0,"max_hp_gain":0.0,"max_hp_loss":0.0,"gold_gain":0.0,"event_name":"The Library","player_choice":"Read","floor":20.0,"gold_loss":0.0,"damage_taken":0.0,"cards_obtained":["ClearTheMind"]},{"damage_healed":0,"gold_gain":0,"cards_transformed":["Strike_P","Defend_P"],"player_choice":"Became Test Subject","damage_taken":0,"max_hp_gain":0,"max_hp_loss":0,"event_name":"Drug Dealer","floor":22,"gold_loss":0,"cards_obtained":["SashWhip","CrushJoints"]}],"is_beta":false,"boss_relics":[{"not_picked":["Black Star","Busted Crown"],"picked":"Runic Dome"}],"items_purged_floors":[21],"is_endless":false,"potions_floor_spawned":[2,4,5,8,14,16,18],"killed_by":"Gremlin Leader","ascension_level":5}}