{"host":"6jrnojxwearbrjzo","time":1613398802,"event":{"mods":["BaseMod","Conspire","Minty Spire (QoL Compilation)","MostiFishMod","Quick Restart","Random Character Button","Spicy Shops","StSLib","SuperFastMode","TestMod","The Servant 0.9.4","[功能]功能增强和修复MOD","篝火指南"],"gold_per_floor":[114,114,0,0,0,0,34,46,46,46,61,61,61,99,99,206,206,224,224,323,323,53,53,88,88,134,168,186,221,221,255,255,263,263],"floor_reached":33,"language":"ZHS","playtime":1034,"items_purged":["conspire:GhostlyDefend","conspire:GhostlyStrike","conspire:GhostlyDefend"],"score":544,"play_id":"8ab0f826-695d-42ee-8062-0ad13f9de644","local_time":"20210215222002","is_ascension_mode":true,"campfire_choices":[{"floor":13,"key":"REST"},{"data":"Wallop","floor":15,"key":"SMITH"},{"data":"testmod-ComboMaster","floor":23,"key":"SMITH"},{"data":"MostiFishMod:StarWish","floor":25,"key":"SMITH"},{"data":"Vault","floor":32,"key":"SMITH"}],"circlet_count":0,"master_deck":["conspire:GhostlyStrike","conspire:GhostlyStrike","conspire:GhostlyStrike","conspire:GhostlyDefend","conspire:GhostlyDefend","Eruption+1","Vigilance","MostiFishMod:Pointsdynamics","Adaptation+1","Wallop+1","Vault+1","Indignation","testmod-ComboMaster+1","MostiFishMod:StarWish+1","Omniscience","MostiFishMod:Minus","LessonLearned"],"relics":["DaveBox","testmod-TestBox","testmod-Acrobat","ImprovedEquipment","GuanYuAspect","SynthV:TestCard","MealTicket","testmod-Register","testmod-TurbochargingSystem","Matryoshka","Pen Nib","conspire:DeflatedDodgeball","RhineFirstAidKit","Art of War","The Courier","Nloth\u0027s Gift","Tiny Chest","Letter Opener","Strange Spoon","Strawberry","SynthV:C4","Omamori","conspire:Dentures","Boot"],"acts_visited":["Exordium","TheCity"],"potions_floor_usage":[14,14,14,24,29,31,31],"damage_taken":[{"damage":4,"enemies":"Jaw Worm","floor":1,"turns":3},{"damage":24,"enemies":"Lagavulin","floor":7,"turns":4},{"damage":7,"enemies":"2 Louse","floor":8,"turns":2},{"damage":5,"enemies":"conspire:RoseBush","floor":11,"turns":5},{"damage":13,"enemies":"3 Sentries","floor":14,"turns":4},{"damage":11,"enemies":"The Guardian","floor":16,"turns":5},{"damage":9,"enemies":"conspire:FuzzyDice","floor":18,"turns":6},{"damage":0,"enemies":"Slavers","floor":24,"turns":2},{"damage":1,"enemies":"Book of Stabbing","floor":27,"turns":5},{"damage":0,"enemies":"Spheric Guardian","floor":28,"turns":3},{"damage":0,"enemies":"conspire:Head Lice","floor":29,"turns":3},{"damage":22,"enemies":"Slavers","floor":31,"turns":3},{"damage":55,"enemies":"Champ","floor":33,"turns":7}],"seed_played":"-8821239319810028694","potions_obtained":[{"floor":7,"key":"testmod-TestPotion"},{"floor":8,"key":"CultistPotion"},{"floor":8,"key":"LiquidBronze"},{"floor":16,"key":"AttackPotion"},{"floor":16,"key":"Ambrosia"},{"floor":27,"key":"DistilledChaos"},{"floor":29,"key":"Fire Potion"}],"is_trial":false,"path_per_floor":["M","?","$","?","?","?","E","M","T","?","M","?","R","E","R","B",null,"M","T","?","?","$","R","E","R","T","E","M","E","?","E","R","B"],"character_chosen":"WATCHER","items_purchased":["MealTicket","testmod-Register","Tiny Chest","Letter Opener","Strange Spoon","testmod-ComboMaster"],"campfire_rested":1,"item_purchase_floors":[3,3,22,22,22,22],"current_hp_per_floor":[33,33,33,26,26,26,13,10,10,10,8,8,13,13,13,18,25,26,26,26,26,34,34,40,40,40,43,43,43,43,25,25,0,0],"gold":263,"neow_bonus":"BOSS_RELIC","is_daily":false,"chose_seed":false,"campfire_upgraded":4,"win_rate":0.0,"timestamp":1613398802,"path_taken":["M","?","$","?","?","?","E","?","T","?","M","?","R","E","R","BOSS","M","?","?","?","$","R","E","R","T","E","?","E","?","E","R","BOSS"],"items_purchased_type":["Relic","Relic","Relic","Relic","Relic","Card"],"build_version":"2020-12-22","purchased_purges":3,"victory":false,"max_hp_per_floor":[36,36,36,36,36,36,36,36,36,36,36,36,36,36,36,36,36,36,36,36,36,36,36,43,43,43,43,43,43,43,43,43,43,43],"card_choices":[{"not_picked":["CutThroughFate","EmptyFist","CrushJoints"],"picked":"SKIP","floor":1},{"not_picked":["Perseverance","Consecrate","DeceiveReality","PathToVictory"],"picked":"MostiFishMod:Pointsdynamics","floor":7},{"not_picked":["ClearTheMind","Evaluate","Crescendo","MostiFishMod:PathToVictory"],"picked":"Adaptation","floor":8},{"not_picked":["CrushJoints","EmptyMind","Halt","FlurryOfBlows","FlyingSleeves"],"picked":"SKIP","floor":11},{"not_picked":["ReachHeaven","EmptyFist","Halt","Crescendo"],"picked":"Wallop","floor":14},{"not_picked":["Judgement","Wish","MostiFishMod:StarOceanP","Brilliance"],"picked":"Vault","floor":16},{"not_picked":["EmptyFist","MostiFishMod:Nomercy","ClearTheMind","EmptyBody"],"picked":"Indignation","floor":18},{"not_picked":["FlurryOfBlows","Evaluate","Vault","PathToVictory+1"],"picked":"MostiFishMod:StarWish","floor":24},{"not_picked":["Crescendo","MostiFishMod:Nomercy","CutThroughFate+1","Perseverance"],"picked":"Omniscience","floor":27},{"not_picked":["Wireheading+1","MostiFishMod:ScryFuture+1","EmptyBody","MostiFishMod:LegendTransform","SashWhip"],"picked":"SKIP","floor":28},{"not_picked":["Weave","Halt","CutThroughFate","JustLucky"],"picked":"MostiFishMod:Minus","floor":29},{"not_picked":["Ragnarok","Indignation","EmptyFist","CarveReality+1"],"picked":"LessonLearned","floor":31}],"player_experience":148255,"relics_obtained":[{"floor":1,"key":"SynthV:TestCard"},{"floor":7,"key":"Matryoshka"},{"floor":9,"key":"Pen Nib"},{"floor":9,"key":"Yang"},{"floor":14,"key":"conspire:DeflatedDodgeball"},{"floor":19,"key":"Art of War"},{"floor":19,"key":"The Courier"},{"floor":24,"key":"Strawberry"},{"floor":26,"key":"SynthV:C4"},{"floor":27,"key":"Omamori"},{"floor":29,"key":"conspire:Dentures"},{"floor":31,"key":"Boot"}],"event_choices":[{"damage_healed":0,"gold_gain":0,"player_choice":"Agree","damage_taken":0,"max_hp_gain":0,"max_hp_loss":0,"event_name":"conspire:LoneGhost","floor":2,"gold_loss":0},{"damage_healed":0,"gold_gain":0,"player_choice":"Success","damage_taken":7,"relics_obtained":["testmod-TurbochargingSystem"],"max_hp_gain":0,"max_hp_loss":0,"event_name":"Scrap Ooze","floor":4,"gold_loss":0},{"damage_healed":0,"gold_gain":0,"player_choice":"Ignored","damage_taken":0,"max_hp_gain":0,"max_hp_loss":0,"event_name":"Golden Wing","floor":5,"gold_loss":0},{"damage_healed":0,"gold_gain":0,"player_choice":"Grow","damage_taken":0,"max_hp_gain":0,"max_hp_loss":0,"event_name":"Living Wall","floor":6,"gold_loss":0,"cards_upgraded":["Eruption"]},{"damage_healed":0,"gold_gain":0,"player_choice":"Leave","damage_taken":0,"max_hp_gain":0,"max_hp_loss":0,"event_name":"conspire:Investor","floor":10,"gold_loss":0},{"damage_healed":0,"gold_gain":0,"player_choice":"Forge","damage_taken":0,"max_hp_gain":0,"max_hp_loss":0,"event_name":"Accursed Blacksmith","floor":12,"gold_loss":0,"cards_upgraded":["Adaptation"]},{"damage_healed":0,"gold_gain":99,"player_choice":"Stole From Cult","damage_taken":0,"max_hp_gain":0,"max_hp_loss":0,"event_name":"Nest","floor":20,"gold_loss":0},{"damage_healed":0,"gold_gain":0,"player_choice":"Traded Relic","damage_taken":0,"relics_obtained":["Nloth\u0027s Gift"],"max_hp_gain":0,"max_hp_loss":0,"event_name":"N\u0027loth","floor":21,"relics_lost":["Yang"],"gold_loss":0},{"damage_healed":0,"gold_gain":0,"player_choice":"Ignored","damage_taken":0,"max_hp_gain":0,"max_hp_loss":0,"event_name":"Beggar","floor":30,"gold_loss":0}],"is_beta":false,"boss_relics":[{"not_picked":["testmod-StringDisintegrator","testmod-Nine"],"picked":"RhineFirstAidKit"}],"items_purged_floors":[22,22,22],"is_endless":false,"potions_floor_spawned":[7,8,8,16,16,27,28,28,29],"killed_by":"Champ","ascension_level":9}}