{"host":"em7glxdljexkv14i","time":1613390137,"event":{"mods":["AchievementEnabler","Act Like it!","Aspiration","Bard","BaseMod","Better Altar","Better Match","Better Note","Better Sensory Stone","Better Skull","Better Third Choice","Block Reminder","ChefMod","Colored Powertips","Conspire","Curses Come First","Dark Map","Hallownest","Hermit","Highlight Path","Hubris","Minty Spire (QoL Compilation)","Quick Restart","Rare Cards Sparkle","Reliquary","Slay the Relics Exporter","StSLib","The Bug Knight","The Wild Card"],"gold_per_floor":[118,118,193,193,206,206,431,56,103,130,145,158,108,139,139,241,241,261,104,104,104,117,152,169,202,227,227,237,253,99,109,109,109,109],"floor_reached":33,"language":"ENG","playtime":2039,"items_purged":[],"score":320,"play_id":"23ebf199-66e8-4742-bf84-1944abdd3221","local_time":"20210215115537","is_ascension_mode":false,"campfire_choices":[{"data":"Blade Dance","floor":6,"key":"SMITH"},{"floor":15,"key":"REST"},{"floor":32,"key":"REST"}],"circlet_count":0,"master_deck":["Strike_G","Strike_G","Strike_G","Strike_G","Strike_G","Defend_G","Defend_G","Defend_G","Defend_G","Defend_G","Survivor","Neutralize+1","Blade Dance+1","Deadly Poison","Crippling Poison","Dagger Spray","Footwork","Blur","Endless Agony","Underhanded Strike","A Thousand Cuts+1","Phantasmal Killer","Blade Dance","Dagger Spray","Dagger Spray+1","Deflect","Envenom","Blade Dance","Riddle With Holes"],"relics":["Ring of the Snake","NeowsBlessing","hubris:Towel","hubris:TinFlute","reliquary:PartyBalloon","Strawberry","HornCleat","PreservedInsect","White Beast Statue","reliquary:Buckler","hubris:ScarierMask","Medical Kit","Vajra","Matryoshka","reliquary:FerryPass","aspiration:ChemicalBlood","hubris:TenFootPole"],"acts_visited":["Exordium","TheCity"],"potions_floor_usage":[12,14,16,16,18,23,23,24,25,29,29,33,33,33,33],"damage_taken":[{"damage":0,"enemies":"2 Louse","floor":1,"turns":1},{"damage":0,"enemies":"Small Slimes","floor":5,"turns":1},{"damage":0,"enemies":"Gremlin Nob","floor":10,"turns":1},{"damage":1,"enemies":"conspire:RoseBush","floor":11,"turns":3},{"damage":4,"enemies":"Exordium Thugs","floor":12,"turns":5},{"damage":9,"enemies":"HollowMod:MossKnight","floor":14,"turns":6},{"damage":23,"enemies":"Slime Boss","floor":16,"turns":9},{"damage":22,"enemies":"Shell Parasite","floor":18,"turns":5},{"damage":4,"enemies":"conspire:FuzzyDice","floor":22,"turns":3},{"damage":29,"enemies":"Gremlin Leader","floor":23,"turns":5},{"damage":0,"enemies":"Centurion and Healer","floor":24,"turns":3},{"damage":4,"enemies":"conspire:Head Lice","floor":25,"turns":5},{"damage":0,"enemies":"Sentry and Sphere","floor":28,"turns":4},{"damage":10,"enemies":"Snecko","floor":29,"turns":5},{"damage":24,"enemies":"conspire:HollyBat","floor":31,"turns":13},{"damage":49,"enemies":"conspire:MysteriousRune","floor":33,"turns":9}],"seed_played":"5923387682788445784","potions_obtained":[{"floor":5,"key":"Ancient Potion"},{"floor":11,"key":"Regen Potion"},{"floor":12,"key":"BlessingOfTheForge"},{"floor":14,"key":"Block Potion"},{"floor":16,"key":"AttackPotion"},{"floor":18,"key":"Swift Potion"},{"floor":22,"key":"BlessingOfTheForge"},{"floor":23,"key":"SteroidPotion"},{"floor":24,"key":"Regen Potion"},{"floor":25,"key":"DuplicationPotion"},{"floor":28,"key":"BlessingOfTheForge"},{"floor":29,"key":"FearPotion"},{"floor":31,"key":"Swift Potion"},{"floor":33,"key":"FairyPotion"}],"is_trial":false,"path_per_floor":["M","?","?","?","M","R","?","$","T","E","M","M","$","E","R","B",null,"M","$","?","$","M","E","M","E","T","?","M","M","$","M","R","B"],"character_chosen":"THE_SILENT","items_purchased":["Crippling Poison","HornCleat","Dagger Spray","Underhanded Strike","Medical Kit","hubris:TenFootPole"],"campfire_rested":2,"item_purchase_floors":[8,8,8,13,19,30],"current_hp_per_floor":[70,70,59,59,59,59,20,20,20,20,19,30,30,21,44,21,77,55,55,60,60,56,27,27,37,37,37,37,27,27,3,26,0,0],"gold":109,"neow_bonus":"THREE_ENEMY_KILL","is_daily":false,"chose_seed":false,"campfire_upgraded":1,"win_rate":0.0,"timestamp":1613390137,"path_taken":["M","?","?","?","M","R","?","$","T","E","?","M","$","E","R","BOSS","M","$","?","?","?","E","M","E","T","?","?","M","$","M","R","BOSS"],"items_purchased_type":["Card","Relic","Card","Card","Relic","Relic"],"build_version":"2020-12-22","purchased_purges":0,"victory":false,"max_hp_per_floor":[70,70,70,70,70,70,77,77,77,77,77,77,77,77,77,77,77,77,77,77,77,77,77,77,77,77,77,77,77,77,77,77,77,77],"card_choices":[{"not_picked":["Flying Knee","All Out Attack"],"picked":"Blade Dance","floor":1},{"not_picked":["Prepared","PiercingWail"],"picked":"Deadly Poison","floor":5},{"not_picked":["Flying Knee","hubris:Counter"],"picked":"Footwork","floor":10},{"not_picked":["Prepared","Tactician"],"picked":"Blur","floor":11},{"not_picked":["PiercingWail","Backstab"],"picked":"Endless Agony","floor":12},{"not_picked":["All Out Attack","Skewer"],"picked":"A Thousand Cuts","floor":14},{"not_picked":["Wraith Form v2","Malaise"],"picked":"Phantasmal Killer","floor":16},{"not_picked":["Endless Agony","Deflect"],"picked":"Deadly Poison","floor":18},{"not_picked":["Slice","Sucker Punch"],"picked":"Blade Dance","floor":22},{"not_picked":["Caltrops","Footwork"],"picked":"Dagger Spray","floor":23},{"not_picked":["Prepared","Sucker Punch"],"picked":"Dagger Spray+1","floor":24},{"not_picked":["Caltrops","Eviscerate"],"picked":"Deflect","floor":25},{"not_picked":["hubris:Sniper","Outmaneuver+1"],"picked":"Envenom","floor":28},{"not_picked":["Dodge and Roll","Masterful Stab+1"],"picked":"Blade Dance","floor":29},{"not_picked":["Underhanded Strike","Distraction"],"picked":"Riddle With Holes","floor":31}],"player_experience":11440,"relics_obtained":[{"floor":9,"key":"PreservedInsect"},{"floor":10,"key":"White Beast Statue"},{"floor":14,"key":"reliquary:Buckler"},{"floor":23,"key":"Vajra"},{"floor":25,"key":"Matryoshka"},{"floor":26,"key":"reliquary:FerryPass"},{"floor":26,"key":"aspiration:ChemicalBlood"}],"event_choices":[{"damage_healed":0,"gold_gain":75,"player_choice":"Gold","damage_taken":11,"max_hp_gain":0,"max_hp_loss":0,"event_name":"betterThird:BetterGoop","floor":3,"gold_loss":0},{"damage_healed":0,"gold_gain":0,"player_choice":"Box","damage_taken":0,"relics_obtained":["hubris:TinFlute"],"max_hp_gain":0,"max_hp_loss":0,"event_name":"Big Fish","floor":4,"gold_loss":0,"cards_obtained":["Regret"]},{"damage_healed":0,"gold_gain":225,"player_choice":"GO GO RE RE ","damage_taken":52,"relics_obtained":["reliquary:PartyBalloon","Strawberry"],"max_hp_gain":0,"max_hp_loss":0,"event_name":"betterSkull:BetterSkull","floor":7,"gold_loss":0,"cards_upgraded":[]},{"cards_removed":["Deadly Poison"],"damage_healed":5,"gold_gain":0,"player_choice":"Offered Common","damage_taken":0,"max_hp_gain":0,"max_hp_loss":0,"event_name":"Bonfire Elementals","floor":20,"gold_loss":0},{"cards_removed":["Deadly Poison"],"damage_healed":5,"gold_gain":0,"player_choice":"Offered Special","damage_taken":0,"max_hp_gain":0,"max_hp_loss":0,"event_name":"Bonfire Elementals","floor":20,"gold_loss":0},{"cards_removed":["Regret"],"damage_healed":0,"gold_gain":0,"player_choice":"Purged","damage_taken":0,"max_hp_gain":0,"max_hp_loss":0,"event_name":"Purifier","floor":27,"gold_loss":0}],"is_beta":false,"boss_relics":[{"not_picked":["Fusion Hammer","Runic Pyramid"],"picked":"hubris:ScarierMask"}],"items_purged_floors":[],"is_endless":false,"potions_floor_spawned":[5,11,12,14,16,18,22,23,24,25,28,29,31],"killed_by":"conspire:MysteriousRune","ascension_level":0}}