{"host":"kb6kd92pmlm29812","time":1613362937,"event":{"mods":["AchievementEnabler","BaseMod","Colored Map","Highlight Path","Minty Spire (QoL Compilation)","Permanent Neow","Quick Restart","StSLib"],"gold_per_floor":[112,112,187,187,137,137,178,178,178,202,6,40,58,82,82,213,213,231,231,231,231,252,290,313,313,313,32,46,146,146,169,169,290,290,308,30,91,110,129,169,169,169,169,207,9,44,67,102,102,102,102,102,2,45,45],"floor_reached":56,"language":"ENG","playtime":5107,"items_purged":["Strike_P","Defend_P","Strike_P","Defend_P"],"score":1585,"play_id":"5c631034-3ba1-4fc7-96c7-0603c60484b0","local_time":"20210214232217","is_ascension_mode":true,"campfire_choices":[{"data":"DevaForm","floor":6.0,"key":"SMITH"},{"floor":8,"key":"REST"},{"floor":15,"key":"REST"},{"data":"Vault","floor":25,"key":"SMITH"},{"floor":30,"key":"REST"},{"data":"ClearTheMind","floor":32,"key":"SMITH"},{"data":"Vault","floor":42,"key":"SMITH"},{"floor":49,"key":"RECALL"},{"data":"Crescendo","floor":52,"key":"SMITH"}],"circlet_count":0,"master_deck":["Eruption+1","Vigilance","DevaForm+1","ThirdEye","ThirdEye","CrushJoints","Weave+1","ClearTheMind","Evaluate","ClearTheMind+1","Vault+1","CurseOfTheBell","CutThroughFate+1","RitualDagger+1","Brilliance+1","Evaluate","FollowUp+1","Protect","Consecrate+1","Flash of Steel+1","Crescendo+1","JustLucky+1","Vault+1","CutThroughFate+1","CutThroughFate+1","Parasite"],"relics":["PureWater","Golden Idol","InkBottle","Matryoshka","Potion Belt","Calling Bell","Bag of Preparation","Molten Egg 2","GoldenEye","Bag of Marbles","Bottled Flame","Oddly Smooth Stone","CaptainsWheel","Busted Crown","HandDrill","Unceasing Top","Toxic Egg 2","Bottled Tornado","Mercury Hourglass","TungstenRod","Mummified Hand","Whetstone","Bottled Lightning"],"acts_visited":["Exordium","TheCity","TheBeyond","TheEnding"],"potions_floor_usage":[7,16,22,33,35,54,55,55,55],"damage_taken":[{"damage":4.0,"enemies":"Cultist","floor":1.0,"turns":5.0},{"damage":23,"enemies":"3 Sentries","floor":7,"turns":12},{"damage":0,"enemies":"2 Louse","floor":10,"turns":3},{"damage":8,"enemies":"Lagavulin","floor":12,"turns":8},{"damage":7,"enemies":"Jaw Worm","floor":13,"turns":3},{"damage":10,"enemies":"3 Louse","floor":14,"turns":3},{"damage":15,"enemies":"Hexaghost","floor":16,"turns":8},{"damage":18,"enemies":"Spheric Guardian","floor":18,"turns":5},{"damage":20,"enemies":"Shell Parasite","floor":22,"turns":6},{"damage":19,"enemies":"Book of Stabbing","floor":23,"turns":5},{"damage":19,"enemies":"Snake Plant","floor":24,"turns":5},{"damage":0,"enemies":"Centurion and Healer","floor":28,"turns":5},{"damage":0,"enemies":"3 Cultists","floor":31,"turns":3},{"damage":0,"enemies":"Champ","floor":33,"turns":6},{"damage":11,"enemies":"Orb Walker","floor":35,"turns":3},{"damage":0,"enemies":"2 Orb Walkers","floor":37,"turns":4},{"damage":16,"enemies":"3 Darklings","floor":38,"turns":3},{"damage":0,"enemies":"Sphere and 2 Shapes","floor":39,"turns":4},{"damage":0,"enemies":"Nemesis","floor":40,"turns":4},{"damage":0,"enemies":"Giant Head","floor":44,"turns":6},{"damage":2,"enemies":"Reptomancer","floor":46,"turns":2},{"damage":0,"enemies":"Writhing Mass","floor":47,"turns":4},{"damage":0,"enemies":"Giant Head","floor":48,"turns":2},{"damage":0,"enemies":"Donu and Deca","floor":50,"turns":4},{"damage":0,"enemies":"Shield and Spear","floor":54,"turns":3},{"damage":70,"enemies":"The Heart","floor":55,"turns":7}],"seed_played":"1333881146655549097","potions_obtained":[{"floor":1.0,"key":"Energy Potion"},{"floor":12,"key":"CultistPotion"},{"floor":16,"key":"FairyPotion"},{"floor":18,"key":"Regen Potion"},{"floor":22,"key":"Strength Potion"},{"floor":31,"key":"Swift Potion"},{"floor":33,"key":"PowerPotion"},{"floor":35,"key":"EssenceOfSteel"},{"floor":38,"key":"Regen Potion"},{"floor":47,"key":"EssenceOfSteel"},{"floor":48,"key":"Weak Potion"}],"is_trial":false,"path_per_floor":["M","?","?","?","?","R","E","R","T","M","$","E","M","M","R","B",null,"M","?","?","T","M","E","M","R","T","$","M","?","R","M","R","B",null,"M","$","?","M","M","E","T","R","T","E","$","E","M","E","R","B",null,"R","$","E","B",null],"character_chosen":"WATCHER","items_purchased":["Weave","ClearTheMind","Consecrate+1","Flash of Steel+1","Crescendo","HandDrill","CutThroughFate+1","BottledMiracle","BottledMiracle"],"campfire_rested":3,"item_purchase_floors":[11,11,27,27,27,36,45,53,53],"current_hp_per_floor":[68,50,39,32,32,32,9,30,30,30,30,22,15,5,26,11,72,54,48,48,48,40,21,2,2,2,2,2,2,23,23,23,23,72,61,61,61,45,45,45,45,45,45,45,45,43,43,43,43,43,72,72,72,72,11],"gold":45,"neow_bonus":"ONE_RANDOM_RARE_CARD","is_daily":false,"chose_seed":false,"campfire_upgraded":5,"win_rate":0.0,"timestamp":1613362937,"path_taken":["M","?","?","?","?","R","E","R","T","M","$","E","M","?","R","BOSS","M","?","?","?","M","E","M","R","T","$","?","?","R","M","R","BOSS","M","$","?","M","M","E","?","R","T","E","$","E","M","E","R","BOSS","R","$","E","BOSS"],"items_purchased_type":["Card","Card","Card","Card","Card","Relic","Card","Potion","Potion"],"build_version":"2020-12-22","purchased_purges":4,"victory":true,"max_hp_per_floor":[72,72,72,72,72,72,72,72,72,72,72,72,72,72,72,72,72,72,72,72,72,72,72,72,72,72,72,72,72,72,72,72,72,72,72,72,72,72,72,72,72,72,72,72,72,72,72,72,72,72,72,72,72,72,72],"card_choices":[{"not_picked":["FollowUp","FlyingSleeves"],"picked":"ThirdEye","floor":1.0},{"not_picked":["Prostrate","Sanctity"],"picked":"ThirdEye","floor":7},{"not_picked":["SashWhip","Wallop"],"picked":"CrushJoints","floor":10},{"not_picked":["EmptyBody","WreathOfFlame","Adaptation"],"picked":"SKIP","floor":12},{"not_picked":["FlyingSleeves","Indignation"],"picked":"Evaluate","floor":13},{"not_picked":["FollowUp","WheelKick"],"picked":"ClearTheMind","floor":14},{"not_picked":["Ragnarok","DeusExMachina"],"picked":"Vault","floor":16},{"not_picked":["EmptyBody","Indignation+1"],"picked":"CutThroughFate+1","floor":18},{"not_picked":["Fasting2","BowlingBash+1"],"picked":"FollowUp+1","floor":22},{"not_picked":["Halt","Study","Pray"],"picked":"SKIP","floor":23},{"not_picked":["Study","Prostrate"],"picked":"Protect","floor":24},{"not_picked":["Perseverance","PathToVictory","Brilliance+1"],"picked":"SKIP","floor":28},{"not_picked":["FearNoEvil+1","BowlingBash+1"],"picked":"JustLucky+1","floor":31},{"not_picked":["DevaForm","LessonLearned+1"],"picked":"Vault","floor":33},{"not_picked":["JustLucky+1"],"picked":"SKIP","floor":35},{"not_picked":[],"picked":"CutThroughFate+1","floor":38},{"not_picked":["FlyingSleeves+1"],"picked":"SKIP","floor":39},{"not_picked":["CarveReality+1"],"picked":"SKIP","floor":40},{"not_picked":["Consecrate+1"],"picked":"SKIP","floor":44},{"not_picked":["JustLucky+1"],"picked":"SKIP","floor":46},{"not_picked":["Collect+1"],"picked":"SKIP","floor":47},{"not_picked":["Omniscience+1"],"picked":"SKIP","floor":48},{"not_picked":["EmptyBody+1"],"picked":"SKIP","floor":54}],"player_experience":29150,"relics_obtained":[{"floor":7,"key":"InkBottle"},{"floor":9,"key":"Matryoshka"},{"floor":12,"key":"Potion Belt"},{"floor":17,"key":"Bag of Preparation"},{"floor":17,"key":"Molten Egg 2"},{"floor":17,"key":"GoldenEye"},{"floor":21,"key":"Bag of Marbles"},{"floor":23,"key":"Bottled Flame"},{"floor":26,"key":"Oddly Smooth Stone"},{"floor":26,"key":"CaptainsWheel"},{"floor":37,"key":"Unceasing Top"},{"floor":40,"key":"Toxic Egg 2"},{"floor":41,"key":"Bottled Tornado"},{"floor":43,"key":"Mercury Hourglass"},{"floor":44,"key":"TungstenRod"},{"floor":46,"key":"Mummified Hand"},{"floor":48,"key":"Whetstone"},{"floor":54,"key":"Bottled Lightning"}],"event_choices":[{"damage_healed":0.0,"max_hp_gain":0.0,"max_hp_loss":0.0,"gold_gain":0.0,"event_name":"Golden Idol","player_choice":"Take Damage","floor":2.0,"gold_loss":0.0,"damage_taken":18.0,"relics_obtained":["Golden Idol"]},{"damage_healed":0.0,"max_hp_gain":0.0,"max_hp_loss":0.0,"gold_gain":75.0,"event_name":"World of Goop","player_choice":"Gather Gold","floor":3.0,"gold_loss":0.0,"damage_taken":11.0},{"cards_removed":["Defend_P"],"damage_healed":0.0,"max_hp_gain":0.0,"max_hp_loss":0.0,"gold_gain":0.0,"event_name":"Golden Wing","player_choice":"Card Removal","floor":4.0,"gold_loss":0.0,"damage_taken":7.0},{"cards_removed":["Strike_P"],"damage_healed":0.0,"max_hp_gain":0.0,"max_hp_loss":0.0,"gold_gain":0.0,"event_name":"The Cleric","player_choice":"Card Removal","floor":5.0,"gold_loss":50.0,"damage_taken":0.0},{"damage_healed":0,"gold_gain":0,"player_choice":"Joined the Cult","damage_taken":6,"max_hp_gain":0,"max_hp_loss":0,"event_name":"Nest","floor":19,"gold_loss":0,"cards_obtained":["RitualDagger"]},{"damage_healed":0,"gold_gain":0,"cards_transformed":["Defend_P","Strike_P"],"player_choice":"Became Test Subject","damage_taken":0,"max_hp_gain":0,"max_hp_loss":0,"event_name":"Drug Dealer","floor":20,"gold_loss":0,"cards_obtained":["Brilliance","Evaluate"]},{"damage_healed":0,"gold_gain":100,"player_choice":"Pray","damage_taken":0,"max_hp_gain":0,"max_hp_loss":0,"event_name":"Golden Shrine","floor":29,"gold_loss":0},{"damage_healed":0,"gold_gain":0,"player_choice":"Fight","damage_taken":0,"max_hp_gain":0,"max_hp_loss":0,"event_name":"Mysterious Sphere","floor":37,"gold_loss":0}],"is_beta":false,"boss_relics":[{"not_picked":["Fusion Hammer","Velvet Choker"],"picked":"Calling Bell"},{"not_picked":["VioletLotus","SacredBark"],"picked":"Busted Crown"}],"items_purged_floors":[11,27,36,45],"is_endless":false,"potions_floor_spawned":[1,12,16,18,22,31,33,35,38,47,48],"ascension_level":2}}