{"host":"3zmssa4s99zhxek5","time":1613365652,"event":{"mods":["AchievementEnabler","BaseMod","Minty Spire (QoL Compilation)","Permanent Neow","Relic Stats"],"gold_per_floor":[114,34,54,72,72,116,116,160,184,202,277,277,311,325,325,415,415,429,54,73,87,110,149,149,184,234,159,182,208,208,70,70,164,164,180,88,111,132,132,132,176,176,176,195,195,195],"floor_reached":45,"language":"KOR","playtime":6947,"items_purged":["Strike_P","Defend_P","Defend_P"],"score":1106,"play_id":"4f472f38-4c9e-4152-af4f-726bb0edb220","local_time":"20210215140732","is_ascension_mode":true,"campfire_choices":[{"data":"Blasphemy","floor":7.0,"key":"SMITH"},{"floor":12.0,"key":"REST"},{"data":"WindmillStrike","floor":15.0,"key":"SMITH"},{"floor":24.0,"key":"REST"},{"floor":30.0,"key":"REST"},{"floor":32.0,"key":"REST"},{"floor":40.0,"key":"REST"},{"floor":42,"key":"REST"}],"circlet_count":0,"master_deck":["AscendersBane","Strike_P","Strike_P","Strike_P","Defend_P","Eruption+1","Vigilance","TalkToTheHand","LikeWater","CutThroughFate","FearNoEvil","Blasphemy+1","Meditate","WindmillStrike+1","DeceiveReality","Wallop","SpiritShield","JustLucky","ThirdEye","BattleHymn","Indignation","FlyingSleeves","DeceiveReality","Halt","LikeWater","DevaForm","Evaluate","Adaptation","ConjureBlade","DeceiveReality+1","Apotheosis","Blind","CutThroughFate","Wireheading+1"],"relics":["PureWater","Golden Idol","Vajra","Ancient Tea Set","Happy Flower","Smiling Mask","Fusion Hammer","Blood Vial","Regal Pillow","Boot","TeardropLocket","Potion Belt","Juzu Bracelet","Black Star","Toy Ornithopter","Kunai"],"acts_visited":["Exordium","TheCity","TheBeyond"],"potions_floor_usage":[41,45,45],"damage_taken":[{"damage":0.0,"enemies":"2 Louse","floor":1.0,"turns":2.0},{"damage":3.0,"enemies":"Jaw Worm","floor":3.0,"turns":5.0},{"damage":0.0,"enemies":"Cultist","floor":4.0,"turns":3.0},{"damage":4.0,"enemies":"Lagavulin","floor":6.0,"turns":5.0},{"damage":8.0,"enemies":"Gremlin Nob","floor":8.0,"turns":3.0},{"damage":14.0,"enemies":"Exordium Wildlife","floor":10.0,"turns":3.0},{"damage":0.0,"enemies":"Lagavulin","floor":13.0,"turns":4.0},{"damage":0.0,"enemies":"Exordium Thugs","floor":14.0,"turns":4.0},{"damage":1.0,"enemies":"The Guardian","floor":16.0,"turns":9.0},{"damage":14.0,"enemies":"2 Thieves","floor":18.0,"turns":3.0},{"damage":8.0,"enemies":"Shell Parasite","floor":20.0,"turns":6.0},{"damage":0.0,"enemies":"3 Cultists","floor":21.0,"turns":5.0},{"damage":0.0,"enemies":"Snake Plant","floor":22.0,"turns":2.0},{"damage":44.0,"enemies":"Slavers","floor":23.0,"turns":5.0},{"damage":45.0,"enemies":"Gremlin Leader","floor":25.0,"turns":6.0},{"damage":0.0,"enemies":"Snecko","floor":28.0,"turns":4.0},{"damage":22.0,"enemies":"Collector","floor":33.0,"turns":9.0},{"damage":12.0,"enemies":"3 Shapes","floor":35.0,"turns":3.0},{"damage":0.0,"enemies":"Orb Walker","floor":37.0,"turns":4.0},{"damage":16.0,"enemies":"Maw","floor":38.0,"turns":6.0},{"damage":27,"enemies":"Nemesis","floor":41,"turns":7},{"damage":51,"enemies":"Transient","floor":44,"turns":6},{"damage":31,"enemies":"Reptomancer","floor":45,"turns":2}],"seed_played":"-6069265734631796789","potions_obtained":[{"floor":4.0,"key":"Fruit Juice"},{"floor":6.0,"key":"EntropicBrew"},{"floor":8.0,"key":"SneckoOil"},{"floor":23.0,"key":"Regen Potion"},{"floor":28.0,"key":"Fire Potion"},{"floor":33.0,"key":"SneckoOil"},{"floor":37.0,"key":"PowerPotion"},{"floor":44,"key":"SkillPotion"}],"is_trial":false,"path_per_floor":["M","$","M","M","?","E","R","E","T","M","?","R","E","M","R","B",null,"M","$","M","M","M","E","R","E","T","?","M","T","R","$","R","B",null,"M","$","M","M","?","R","E","R","T","M","E"],"character_chosen":"WATCHER","items_purchased":["LikeWater","Blood Vial","Regal Pillow","LikeWater","Adaptation"],"campfire_rested":6,"item_purchase_floors":[2,19,19,31,36],"current_hp_per_floor":[61,61,58,58,58,54,54,51,51,37,26,46,46,46,46,45,62,48,48,42,44,46,4,39,11,11,11,13,13,48,48,67,45,62,52,52,54,40,30,65,40,67,67,16,0,0],"gold":195,"neow_bonus":"UPGRADE_CARD","is_daily":false,"chose_seed":false,"campfire_upgraded":2,"win_rate":0.0,"timestamp":1613365652,"path_taken":["M","$","M","M","?","E","R","E","T","M","?","R","E","M","R","BOSS","M","$","M","M","M","E","R","E","T","?","M","?","R","$","R","BOSS","M","$","M","M","?","R","E","R","T","M","E"],"items_purchased_type":["Card","Relic","Relic","Card","Card"],"build_version":"2020-12-22","purchased_purges":3,"victory":false,"max_hp_per_floor":[68,68,68,68,62,62,62,67,67,67,67,67,67,67,67,67,67,67,67,67,67,67,67,67,67,67,67,67,67,67,67,67,67,67,67,67,67,67,67,67,67,67,67,67,67,67],"relic_stats":{"Blood Vial":22,"Regal Pillow":52,"Happy Flower":[29],"counters":[23,106],"Golden Idol":129,"Juzu Bracelet":0,"Black Star":1,"Kunai":[2],"Smiling Mask":150,"Boot":[20],"obtain_stats":[{"Potion Belt":26,"Regal Pillow":19,"Happy Flower":9,"Golden Idol":5,"Vajra":6,"Juzu Bracelet":29,"TeardropLocket":25,"Ancient Tea Set":8,"Smiling Mask":13,"Boot":23,"Blood Vial":19,"Fusion Hammer":17,"Black Star":34,"Kunai":41,"PureWater":0,"Toy Ornithopter":41},{"Potion Belt":15,"Regal Pillow":10,"Happy Flower":5,"Golden Idol":3,"Vajra":4,"Juzu Bracelet":16,"TeardropLocket":15,"Ancient Tea Set":5,"Smiling Mask":7,"Boot":14,"Blood Vial":10,"Fusion Hammer":9,"Black Star":17,"Kunai":21,"PureWater":0,"Toy Ornithopter":21},{"Potion Belt":65,"Regal Pillow":41,"Happy Flower":18,"Golden Idol":10,"Vajra":15,"Juzu Bracelet":69,"TeardropLocket":65,"Ancient Tea Set":18,"Smiling Mask":25,"Boot":59,"Blood Vial":41,"Fusion Hammer":38,"Black Star":78,"Kunai":98,"PureWater":0,"Toy Ornithopter":98}],"Toy Ornithopter":10},"card_choices":[{"not_picked":["CrushJoints","LikeWater"],"picked":"TalkToTheHand","floor":1.0},{"not_picked":["Prostrate","Protect"],"picked":"CutThroughFate","floor":3.0},{"not_picked":["Protect","EmptyMind"],"picked":"FearNoEvil","floor":4.0},{"not_picked":["FollowUp","Halt"],"picked":"Blasphemy","floor":6.0},{"not_picked":["BowlingBash","ThirdEye"],"picked":"Meditate","floor":8.0},{"not_picked":["Halt","EmptyBody"],"picked":"WindmillStrike","floor":10.0},{"not_picked":["Collect","Consecrate"],"picked":"DeceiveReality","floor":13.0},{"not_picked":["PathToVictory","ForeignInfluence"],"picked":"Wallop","floor":14.0},{"not_picked":["Blasphemy","MasterReality"],"picked":"SpiritShield","floor":16.0},{"not_picked":["EmptyFist","FollowUp"],"picked":"JustLucky","floor":18.0},{"not_picked":["Meditate","SashWhip"],"picked":"ThirdEye","floor":20.0},{"not_picked":["ClearTheMind","CrushJoints"],"picked":"BattleHymn","floor":21.0},{"not_picked":["CutThroughFate","PathToVictory"],"picked":"Indignation","floor":22.0},{"not_picked":["Collect","CutThroughFate"],"picked":"FlyingSleeves","floor":23.0},{"not_picked":["PathToVictory","Meditate"],"picked":"DeceiveReality","floor":25.0},{"not_picked":["Protect","FlyingSleeves"],"picked":"Halt","floor":28.0},{"not_picked":["Blasphemy","Omniscience"],"picked":"DevaForm","floor":33.0},{"not_picked":["EmptyBody","CrushJoints"],"picked":"Evaluate","floor":35.0},{"not_picked":["FollowUp+1","SandsOfTime"],"picked":"ConjureBlade","floor":37.0},{"not_picked":["FlurryOfBlows","Protect"],"picked":"DeceiveReality+1","floor":38.0},{"not_picked":["Panacea","Discovery"],"picked":"Apotheosis","floor":39.0},{"not_picked":["Madness","Jack Of All Trades"],"picked":"Blind","floor":39.0},{"not_picked":["SashWhip","WreathOfFlame"],"picked":"CutThroughFate","floor":41},{"not_picked":["Worship","ThirdEye"],"picked":"Wireheading+1","floor":44}],"player_experience":1634941,"relics_obtained":[{"floor":6.0,"key":"Vajra"},{"floor":8.0,"key":"Ancient Tea Set"},{"floor":9.0,"key":"Happy Flower"},{"floor":13.0,"key":"Smiling Mask"},{"floor":23.0,"key":"Boot"},{"floor":25.0,"key":"TeardropLocket"},{"floor":26.0,"key":"Potion Belt"},{"floor":29.0,"key":"Juzu Bracelet"},{"floor":41,"key":"Toy Ornithopter"},{"floor":41,"key":"Kunai"}],"event_choices":[{"damage_healed":0.0,"max_hp_gain":0.0,"max_hp_loss":6.0,"gold_gain":0.0,"event_name":"Golden Idol","player_choice":"Lose Max HP","floor":5.0,"gold_loss":0.0,"damage_taken":0.0,"relics_obtained":["Golden Idol"]},{"damage_healed":0.0,"max_hp_gain":0.0,"max_hp_loss":0.0,"gold_gain":75.0,"event_name":"World of Goop","player_choice":"Gather Gold","floor":11.0,"gold_loss":0.0,"damage_taken":11.0},{"cards_removed":["Defend_P"],"damage_healed":0.0,"max_hp_gain":0.0,"max_hp_loss":0.0,"gold_gain":0.0,"event_name":"Beggar","player_choice":"Gave Gold","floor":27.0,"gold_loss":75.0,"damage_taken":0.0},{"damage_healed":0.0,"max_hp_gain":0.0,"max_hp_loss":0.0,"gold_gain":0.0,"event_name":"SensoryStone","player_choice":"Memory 3","floor":39.0,"gold_loss":0.0,"damage_taken":10.0}],"is_beta":false,"boss_relics":[{"not_picked":["Runic Pyramid","Pandora\u0027s Box"],"picked":"Fusion Hammer"},{"not_picked":["Velvet Choker","Coffee Dripper"],"picked":"Black Star"}],"items_purged_floors":[19,31,36],"is_endless":false,"potions_floor_spawned":[4,6,8,20,23,28,33,37,44],"killed_by":"Reptomancer","ascension_level":20}}