{"host":"ormi09wwzv7sq47a","time":1613399724,"event":{"mods":["2.2 Compatiblity","AchievementEnabler","Act Like it!","BaseMod","Bestiary","Better Altar","Better Note","Better Sensory Stone","Better Silent Start","Better Skull","Better Third Choice","Better Vampires","BetterRewards","Block Reminder","Card Forge","Colored Map","Colored Powertips","Curses Come First","DeckTracker","Downfall","Highlight Path","Minty Spire (QoL Compilation)","Permanent Neow","Quick Restart","Rare Cards Sparkle","Relic Stats","Shop Mod","StSLib","The Jungle"],"gold_per_floor":[119,169,184,184,204,204,204,224,251,286,301,301,301,319,319,392,392,407,407,407,425,440,440,471,483,495,507,519,519],"floor_reached":28,"language":"ENG","playtime":1263,"items_purged":["Strike_R"],"score":502,"play_id":"d534fe00-ff2f-4db0-a9c8-57cd2c9a1021","local_time":"20210215113524","is_ascension_mode":true,"campfire_choices":[{"data":"Rampage","floor":7.0,"key":"SMITH"},{"data":"Disarm","floor":13,"key":"SMITH"},{"data":"Feed","floor":15,"key":"SMITH"},{"data":"Feed","floor":23,"key":"SMITH"},{"data":"Burning Pact","floor":25,"key":"SMITH"},{"data":"Seeing Red","floor":27,"key":"SMITH"}],"circlet_count":0,"master_deck":["AscendersBane","Defend_R","Defend_R","Defend_R","Defend_R","Bash","Rampage+1","Disarm+1","Spot Weakness","Headbutt","Flame Barrier","Seeing Red+1","Headbutt","Feed+1","Shrug It Off","Feed+1","Slimebound:Tackle+1","Slimebound:Tackle+1","Slimebound:Tackle+1","Burning Pact+1"],"relics":["Black Blood","Hammer of Thor","Seething Fire","Anvil of the Gods","Oddly Smooth Stone","Lee\u0027s Waffle","Pocketwatch","Blue Candle","Juzu Bracelet","MealTicket","MawBank","WingedGreaves"],"acts_visited":["Exordium","TheCity"],"potions_floor_usage":[10,18,21],"damage_taken":[{"damage":10.0,"enemies":"Jaw Worm","floor":1.0,"turns":3.0},{"damage":3.0,"enemies":"Cultist","floor":3.0,"turns":4.0},{"damage":6.0,"enemies":"Small Slimes","floor":5.0,"turns":4.0},{"damage":26,"enemies":"3 Louse","floor":8,"turns":3},{"damage":23,"enemies":"Lagavulin","floor":10,"turns":7},{"damage":6,"enemies":"2 Fungi Beasts","floor":11,"turns":3},{"damage":17,"enemies":"Gremlin Gang","floor":14,"turns":5},{"damage":35,"enemies":"Slime Boss","floor":16,"turns":8},{"damage":34,"enemies":"2 Thieves","floor":18,"turns":4},{"damage":22,"enemies":"3 Byrds","floor":21,"turns":4},{"damage":27,"enemies":"Shelled Parasite and Fungi","floor":22,"turns":6},{"damage":22,"enemies":"Gremlin Leader","floor":24,"turns":9},{"damage":34,"enemies":"Book of Stabbing","floor":28,"turns":5}],"seed_played":"-2591785411673179494","potions_obtained":[{"floor":5.0,"key":"BloodPotion"},{"floor":16,"key":"Weak Potion"},{"floor":18,"key":"hexamod:SoulburnPotion"}],"is_trial":false,"path_per_floor":["M","?","M","?","M","?","R","M","T","E","M","?","R","M","R","B",null,"M","?","?","M","M","R","E","R","T","R","E"],"character_chosen":"IRONCLAD","items_purchased":["Oddly Smooth Stone","Lee\u0027s Waffle","Rampage","Disarm","Spot Weakness"],"campfire_rested":0,"item_purchase_floors":[0,0,0,0,0],"current_hp_per_floor":[78,78,81,74,74,69,69,49,49,48,51,56,56,48,48,19,75,56,56,56,53,42,42,36,36,36,36,2,2],"gold":519,"neow_bonus":"","is_daily":false,"chose_seed":false,"campfire_upgraded":6,"win_rate":0.0,"timestamp":1613399724,"path_taken":["M","?","?","?","M","?","R","M","T","E","M","?","R","M","R","BOSS","M","?","?","M","M","R","E","R","T","R","E"],"items_purchased_type":["Relic","Relic","Card","Card","Card"],"build_version":"2020-12-22","purchased_purges":1,"victory":false,"max_hp_per_floor":[82,82,82,82,82,82,82,82,82,82,85,90,90,93,93,93,93,96,96,96,103,107,107,111,111,111,111,111,111],"relic_stats":{"Lee\u0027s Waffle":49,"counters":[83,367],"Blue Candle":[0],"Black Blood":476,"MealTicket":0,"Juzu Bracelet":0,"MawBank":48,"obtain_stats":[{"Ice Cream":0,"champ:DuelingGlove":0,"Vajra":0,"Hammer of Thor":0,"Sozu":17,"Blood Vial":26,"Prayer Wheel":9,"MealTicket":19,"Happy Flower":40,"Blue Candle":47,"Oddly Smooth Stone":46,"Charon\u0027s Ashes":54,"Question Card":5,"Akabeko":36,"Shuriken":44,"Anvil of the Gods":0,"Bronze Scales":45,"Mark of Pain":17,"StrikeDummy":0,"Unceasing Top":38,"Pocketwatch":24,"Meat on the Bone":7,"Darkstone Periapt":12,"Torii":34,"sneckomod:BlankCard":0,"Black Blood":17,"StoneCalendar":14,"Mango":17,"Juzu Bracelet":9,"Ancient Tea Set":26,"Burning Blood":0,"Nunchaku":43,"Matryoshka":22,"Mummified Hand":10,"WingedGreaves":0,"Red Skull":34,"Lee\u0027s Waffle":0,"Thread and Needle":0,"The Courier":29,"Seething Fire":0,"MawBank":24,"White Beast Statue":17,"Peace Pipe":26,"Calling Bell":34,"Anchor":19,"Ornamental Fan":34,"Coffee Dripper":34,"Art of War":9,"Champion Belt":21,"hexamod:BolsterEngine":9,"TungstenRod":0},{"Ice Cream":54,"champ:DuelingGlove":65,"Vajra":27,"Hammer of Thor":0,"Sozu":8,"Blood Vial":12,"Prayer Wheel":4,"MealTicket":62,"Happy Flower":49,"Blue Candle":52,"Oddly Smooth Stone":23,"Charon\u0027s Ashes":26,"Question Card":4,"Akabeko":18,"Shuriken":22,"Anvil of the Gods":0,"Bronze Scales":22,"Mark of Pain":35,"StrikeDummy":54,"Unceasing Top":20,"Pocketwatch":12,"Meat on the Bone":32,"Darkstone Periapt":59,"Torii":43,"sneckomod:BlankCard":65,"Black Blood":78,"StoneCalendar":60,"Mango":61,"Juzu Bracelet":74,"Ancient Tea Set":39,"Burning Blood":0,"Nunchaku":21,"Matryoshka":11,"Mummified Hand":5,"WingedGreaves":54,"Red Skull":43,"Lee\u0027s Waffle":70,"Thread and Needle":65,"The Courier":41,"Seething Fire":0,"MawBank":82,"White Beast Statue":61,"Peace Pipe":12,"Calling Bell":43,"Anchor":36,"Ornamental Fan":43,"Coffee Dripper":17,"Art of War":67,"Champion Belt":11,"hexamod:BolsterEngine":33,"TungstenRod":27},{"Ice Cream":236,"champ:DuelingGlove":281,"Vajra":119,"Hammer of Thor":0,"Sozu":31,"Blood Vial":48,"Prayer Wheel":16,"MealTicket":269,"Happy Flower":208,"Blue Candle":224,"Oddly Smooth Stone":101,"Charon\u0027s Ashes":114,"Question Card":16,"Akabeko":77,"Shuriken":96,"Anvil of the Gods":0,"Bronze Scales":96,"Mark of Pain":162,"StrikeDummy":236,"Unceasing Top":86,"Pocketwatch":48,"Meat on the Bone":142,"Darkstone Periapt":257,"Torii":188,"sneckomod:BlankCard":281,"Black Blood":339,"StoneCalendar":261,"Mango":268,"Juzu Bracelet":316,"Ancient Tea Set":174,"Burning Blood":0,"Nunchaku":90,"Matryoshka":41,"Mummified Hand":21,"WingedGreaves":236,"Red Skull":188,"Lee\u0027s Waffle":302,"Thread and Needle":281,"The Courier":182,"Seething Fire":0,"MawBank":362,"White Beast Statue":268,"Peace Pipe":48,"Calling Bell":188,"Anchor":164,"Ornamental Fan":188,"Coffee Dripper":74,"Art of War":288,"Champion Belt":41,"hexamod:BolsterEngine":147,"TungstenRod":119}],"Pocketwatch":[126]},"card_choices":[{"not_picked":["Heavy Blade","Twin Strike"],"picked":"Headbutt","floor":1.0},{"not_picked":["Cleave","Hemokinesis"],"picked":"Flame Barrier","floor":3.0},{"not_picked":["Iron Wave","Inflame"],"picked":"Seeing Red","floor":5.0},{"not_picked":["Thunderclap","Body Slam"],"picked":"Headbutt","floor":8},{"not_picked":["Disarm","Wild Strike"],"picked":"Feed","floor":10},{"not_picked":["Infernal Blade","Wild Strike","Body Slam"],"picked":"SKIP","floor":11},{"not_picked":["Twin Strike","Wild Strike"],"picked":"Shrug It Off","floor":14},{"not_picked":["Double Tap","Juggernaut"],"picked":"Feed","floor":16},{"not_picked":["Rampage","Flex","Armaments"],"picked":"SKIP","floor":18},{"not_picked":["Entrench","Sword Boomerang","Body Slam"],"picked":"SKIP","floor":21},{"not_picked":["Bloodletting","Body Slam","Searing Blow"],"picked":"SKIP","floor":22},{"not_picked":["Fire Breathing","Wild Strike"],"picked":"Burning Pact","floor":24}],"player_experience":1084789,"relics_obtained":[{"floor":9,"key":"Juzu Bracelet"},{"floor":10,"key":"MealTicket"},{"floor":24,"key":"MawBank"},{"floor":26,"key":"WingedGreaves"}],"event_choices":[{"damage_healed":0.0,"max_hp_gain":0.0,"max_hp_loss":0.0,"gold_gain":50.0,"event_name":"Golden Shrine","player_choice":"Pray","floor":2.0,"gold_loss":0.0,"damage_taken":0.0},{"cards_removed":["Strike_R"],"damage_healed":0.0,"max_hp_gain":0.0,"max_hp_loss":0.0,"gold_gain":0.0,"event_name":"Golden Wing","player_choice":"Card Removal","floor":4.0,"gold_loss":0.0,"damage_taken":7.0},{"damage_healed":0,"gold_gain":0,"player_choice":"Donut","damage_taken":0,"max_hp_gain":5,"max_hp_loss":0,"event_name":"Big Fish","floor":12,"gold_loss":0},{"damage_healed":0,"gold_gain":0,"player_choice":"Ignored","damage_taken":0,"max_hp_gain":0,"max_hp_loss":0,"event_name":"Vampires","floor":20,"gold_loss":0}],"is_beta":false,"boss_relics":[{"not_picked":["sneckomod:SneckoTalon","Snecko Eye"],"picked":"Black Blood"}],"items_purged_floors":[0],"is_endless":false,"potions_floor_spawned":[5,16,18],"killed_by":"Book of Stabbing","ascension_level":18}}