{"host":"6h5hvjqjki11ieai","time":1613409633,"event":{"mods":["BaseMod","Bestiary","Minty Spire (QoL Compilation)","Relic Stats","Slay the Relics Exporter"],"gold_per_floor":[110,60,73,73,73,107,123,150,150,150,170,188,219,238,238,312,312,354,367,382,402,402,427,427,489,489,489,547,219,275,275,275,305,305],"floor_reached":33,"language":"ENG","playtime":2052,"items_purged":[],"score":782,"play_id":"3a85781e-2de8-489c-a1d6-6ac009d18853","local_time":"20210215122033","is_ascension_mode":true,"campfire_choices":[{"data":"Eruption","floor":10,"key":"SMITH"},{"data":"JustLucky","floor":15,"key":"SMITH"},{"floor":24,"key":"RECALL"},{"floor":27,"key":"REST"},{"floor":32,"key":"REST"}],"circlet_count":0,"master_deck":["AscendersBane","Defend_P","Defend_P","Defend_P+1","Defend_P","Eruption+1","Vigilance","Conclude+1","JustLucky+1","SashWhip+1","CutThroughFate+1","FollowUp+1","CutThroughFate+1","BowlingBash+1","LessonLearned+1","Weave+1","Wish+1","Wallop+1","ReachHeaven+1","FlyingSleeves+1","Bite+1","Bite+1","Bite+1","Bite+1","Bite+1","FearNoEvil+1","Crescendo","LikeWater","Protect+1","BattleHymn","Secret Technique","Weave+1","EmptyFist+1"],"relics":["PureWater","NeowsBlessing","Molten Egg 2","White Beast Statue","Bronze Scales","Mummified Hand","StrikeDummy","Busted Crown","PreservedInsect","Shuriken","Dream Catcher","Anchor","Darkstone Periapt","GoldenEye"],"acts_visited":["Exordium","TheCity"],"potions_floor_usage":[8,13,16,19,21,23,25,28,30,33],"damage_taken":[{"damage":0.0,"enemies":"2 Louse","floor":1.0,"turns":1.0},{"damage":0.0,"enemies":"Small Slimes","floor":3.0,"turns":1.0},{"damage":0.0,"enemies":"Lagavulin","floor":6.0,"turns":1.0},{"damage":3,"enemies":"Cultist","floor":7,"turns":4},{"damage":0,"enemies":"3 Sentries","floor":8,"turns":3},{"damage":4,"enemies":"2 Fungi Beasts","floor":11,"turns":2},{"damage":0,"enemies":"Blue Slaver","floor":12,"turns":3},{"damage":0,"enemies":"Lagavulin","floor":13,"turns":2},{"damage":0,"enemies":"Lots of Slimes","floor":14,"turns":1},{"damage":23,"enemies":"Hexaghost","floor":16,"turns":6},{"damage":17,"enemies":"2 Thieves","floor":18,"turns":4},{"damage":0,"enemies":"Chosen","floor":19,"turns":2},{"damage":0,"enemies":"Shelled Parasite and Fungi","floor":20,"turns":1},{"damage":6,"enemies":"Snecko","floor":21,"turns":5},{"damage":3,"enemies":"Slavers","floor":23,"turns":4},{"damage":33,"enemies":"Gremlin Leader","floor":25,"turns":9},{"damage":11,"enemies":"Slavers","floor":28,"turns":3},{"damage":0,"enemies":"Gremlin Leader","floor":30,"turns":4},{"damage":125,"enemies":"Champ","floor":33,"turns":5}],"seed_played":"-2115493948178164153","potions_obtained":[{"floor":1.0,"key":"Ancient Potion"},{"floor":6.0,"key":"Ancient Potion"},{"floor":7,"key":"SteroidPotion"},{"floor":8,"key":"BlessingOfTheForge"},{"floor":12,"key":"LiquidMemories"},{"floor":13,"key":"Regen Potion"},{"floor":14,"key":"FairyPotion"},{"floor":16,"key":"DuplicationPotion"},{"floor":19,"key":"Energy Potion"},{"floor":20,"key":"SkillPotion"},{"floor":21,"key":"PowerPotion"},{"floor":23,"key":"Dexterity Potion"},{"floor":25,"key":"SkillPotion"},{"floor":28,"key":"EssenceOfSteel"},{"floor":30,"key":"Block Potion"}],"is_trial":false,"path_per_floor":["M","?","M","?","?","E","M","E","T","R","M","M","E","M","R","B",null,"M","M","M","M","?","E","R","E","T","R","E","$","E","?","R","B"],"character_chosen":"WATCHER","items_purchased":["BattleHymn","Secret Technique","Weave+1"],"campfire_rested":2,"item_purchase_floors":[29,29,29],"current_hp_per_floor":[61,61,61,54,59,59,56,56,56,56,52,52,52,52,52,29,62,45,45,45,39,39,45,45,30,30,45,43,43,51,51,51,0,0],"gold":305,"neow_bonus":"THREE_ENEMY_KILL","is_daily":false,"chose_seed":false,"campfire_upgraded":2,"win_rate":0.0,"timestamp":1613409633,"path_taken":["M","?","M","?","?","E","M","E","T","R","M","M","E","M","R","BOSS","M","M","M","M","?","E","R","E","T","R","E","$","E","?","R","BOSS"],"items_purchased_type":["Card","Card","Card"],"build_version":"2020-12-22","purchased_purges":0,"victory":false,"max_hp_per_floor":[68,68,68,68,73,73,73,73,73,73,73,73,73,73,73,73,73,73,73,73,73,51,51,51,51,51,51,51,51,51,51,51,51,51],"relic_stats":{"Darkstone Periapt":0,"Dream Catcher":2,"Busted Crown":20,"counters":[19,61],"Mummified Hand":[6],"Shuriken":[11],"Bronze Scales":[128],"PreservedInsect":134,"GoldenEye":[6],"obtain_stats":[{"Darkstone Periapt":30,"NeowsBlessing":0,"PreservedInsect":23,"GoldenEye":31,"White Beast Statue":6,"Dream Catcher":26,"Anchor":28,"Busted Crown":17,"Mummified Hand":9,"Shuriken":25,"Bronze Scales":8,"Molten Egg 2":4,"PureWater":0,"StrikeDummy":13},{"Darkstone Periapt":18,"NeowsBlessing":0,"PreservedInsect":15,"GoldenEye":18,"White Beast Statue":3,"Dream Catcher":16,"Anchor":17,"Busted Crown":10,"Mummified Hand":5,"Shuriken":16,"Bronze Scales":5,"Molten Egg 2":2,"PureWater":0,"StrikeDummy":8},{"Darkstone Periapt":56,"NeowsBlessing":0,"PreservedInsect":40,"GoldenEye":56,"White Beast Statue":3,"Dream Catcher":49,"Anchor":52,"Busted Crown":24,"Mummified Hand":10,"Shuriken":49,"Bronze Scales":10,"Molten Egg 2":2,"PureWater":0,"StrikeDummy":17}]},"card_choices":[{"not_picked":["EmptyBody","Indignation"],"picked":"Conclude","floor":1.0},{"not_picked":["Perseverance","Study"],"picked":"JustLucky","floor":3.0},{"not_picked":["CrushJoints+1","EmptyBody"],"picked":"SashWhip+1","floor":6.0},{"not_picked":["JustLucky+1","BowlingBash+1"],"picked":"CutThroughFate+1","floor":7},{"not_picked":["LikeWater","Indignation"],"picked":"FollowUp+1","floor":8},{"not_picked":["ClearTheMind","FlyingSleeves+1"],"picked":"CutThroughFate+1","floor":11},{"not_picked":["SandsOfTime+1","CutThroughFate+1"],"picked":"BowlingBash+1","floor":12},{"not_picked":["Prostrate","Study"],"picked":"LessonLearned+1","floor":13},{"not_picked":["WaveOfTheHand","InnerPeace"],"picked":"Weave+1","floor":14},{"not_picked":["Ragnarok+1","Omniscience"],"picked":"Wish","floor":16},{"not_picked":[],"picked":"Wallop+1","floor":18},{"not_picked":["CrushJoints+1"],"picked":"SKIP","floor":19},{"not_picked":[],"picked":"ReachHeaven+1","floor":20},{"not_picked":[],"picked":"FlyingSleeves+1","floor":21},{"not_picked":[],"picked":"FearNoEvil+1","floor":23},{"not_picked":[],"picked":"Crescendo","floor":25},{"not_picked":[],"picked":"LikeWater","floor":27},{"not_picked":[],"picked":"Protect+1","floor":28},{"not_picked":[],"picked":"EmptyFist+1","floor":30}],"player_experience":227405,"relics_obtained":[{"floor":6.0,"key":"White Beast Statue"},{"floor":8,"key":"Bronze Scales"},{"floor":9,"key":"Mummified Hand"},{"floor":13,"key":"StrikeDummy"},{"floor":23,"key":"PreservedInsect"},{"floor":25,"key":"Shuriken"},{"floor":26,"key":"Dream Catcher"},{"floor":28,"key":"Anchor"},{"floor":30,"key":"Darkstone Periapt"}],"event_choices":[{"cards_removed":["Strike_P"],"damage_healed":0.0,"max_hp_gain":0.0,"max_hp_loss":0.0,"gold_gain":0.0,"event_name":"The Cleric","player_choice":"Card Removal","floor":2.0,"gold_loss":50.0,"damage_taken":0.0},{"damage_healed":0.0,"max_hp_gain":0.0,"max_hp_loss":0.0,"gold_gain":0.0,"event_name":"Scrap Ooze","player_choice":"Success","floor":4.0,"gold_loss":0.0,"damage_taken":7.0,"relics_obtained":["Molten Egg 2"]},{"damage_healed":0.0,"max_hp_gain":5.0,"max_hp_loss":0.0,"gold_gain":0.0,"event_name":"Big Fish","player_choice":"Donut","floor":5.0,"gold_loss":0.0,"damage_taken":0.0},{"damage_healed":0,"gold_gain":0,"player_choice":"Became a vampire","damage_taken":0,"max_hp_gain":0,"max_hp_loss":22,"event_name":"Vampires","floor":22,"gold_loss":0,"cards_obtained":["Bite","Bite","Bite","Bite","Bite"]},{"damage_healed":0,"gold_gain":0,"player_choice":"Opened","damage_taken":0,"relics_obtained":["GoldenEye"],"max_hp_gain":0,"max_hp_loss":0,"event_name":"The Mausoleum","floor":31,"gold_loss":0}],"is_beta":false,"boss_relics":[{"not_picked":["Sozu","Runic Pyramid"],"picked":"Busted Crown"}],"items_purged_floors":[],"is_endless":false,"potions_floor_spawned":[1,6,7,8,11,12,13,14,16,18,19,20,21,23,25,28,30],"killed_by":"Champ","ascension_level":14}}