{"host":"m0bekkrd201b63ug","time":1613416787,"event":{"mods":["AchievementEnabler","BaseMod","Colored Powertips","Highlight Path","Minty Spire (QoL Compilation)","Rare Cards Sparkle","StSLib","SuperFastMode","everything is the same but u backflip on backflip","slay the spire mod where everything is the same but ironclad has a cowboy hat"],"gold_per_floor":[116,26,26,26,36,36,65,65,114,127,127,127,161,174,174,293,293,293,13,13,13,13,13,13,13,13,13,13,13,13,13,13,13,13,13,13,13,13,13,13,13,13,13,13,13,13,13,13,13,13],"floor_reached":51,"language":"ENG","playtime":1503,"items_purged":["Strike_B"],"score":1003,"play_id":"472b67fe-1c7a-4437-b262-8f57b1640d4b","local_time":"20210215171947","is_ascension_mode":true,"campfire_choices":[{"data":"Defragment","floor":6.0,"key":"SMITH"},{"data":"Doom and Gloom","floor":12.0,"key":"SMITH"},{"data":"Auto Shields","floor":15.0,"key":"SMITH"},{"floor":25.0,"key":"REST"},{"floor":30.0,"key":"REST"},{"floor":32.0,"key":"REST"},{"data":"Buffer","floor":40.0,"key":"SMITH"},{"floor":42.0,"key":"REST"},{"data":"Echo Form","floor":46.0,"key":"SMITH"},{"data":"White Noise","floor":49,"key":"SMITH"}],"circlet_count":0,"master_deck":["Strike_B+1","Defend_B","Defend_B","Defend_B","Defend_B","Zap","Dualcast","Leap+1","Defragment+1","Auto Shields+1","Undo+1","Aggregate","Doom and Gloom+1","Leap","Echo Form+1","Sweeping Beam+1","Loop+1","Buffer+1","Multi-Cast","White Noise+1","Parasite","White Noise+1"],"relics":["NeowsBlessing","WingedGreaves","Orichalcum","Tiny Chest","Gremlin Horn","Ectoplasm","Sling","Lizard Tail","Akabeko","Toy Ornithopter","Nloth\u0027s Gift","Bag of Preparation","Girya","Tiny House","Symbiotic Virus","Incense Burner","Ornamental Fan","Juzu Bracelet","Whetstone"],"acts_visited":["Exordium","TheCity","TheBeyond"],"potions_floor_usage":[48],"damage_taken":[{"damage":0.0,"enemies":"Small Slimes","floor":1.0,"turns":1.0},{"damage":0.0,"enemies":"2 Louse","floor":5.0,"turns":1.0},{"damage":0.0,"enemies":"3 Sentries","floor":7.0,"turns":1.0},{"damage":0.0,"enemies":"Cultist","floor":10.0,"turns":3.0},{"damage":8.0,"enemies":"Lagavulin","floor":13.0,"turns":4.0},{"damage":0.0,"enemies":"Blue Slaver","floor":14.0,"turns":4.0},{"damage":26.0,"enemies":"Slime Boss","floor":16.0,"turns":8.0},{"damage":0.0,"enemies":"Chosen","floor":18.0,"turns":5.0},{"damage":46.0,"enemies":"Slavers","floor":23.0,"turns":4.0},{"damage":1.0,"enemies":"Shell Parasite","floor":28.0,"turns":6.0},{"damage":18.0,"enemies":"Book of Stabbing","floor":31.0,"turns":5.0},{"damage":25.0,"enemies":"Champ","floor":33.0,"turns":10.0},{"damage":0.0,"enemies":"3 Shapes","floor":35.0,"turns":4.0},{"damage":11.0,"enemies":"Orb Walker","floor":36.0,"turns":5.0},{"damage":9.0,"enemies":"Sphere and 2 Shapes","floor":38.0,"turns":4.0},{"damage":13.0,"enemies":"Spire Growth","floor":41.0,"turns":5.0},{"damage":0.0,"enemies":"Writhing Mass","floor":45.0,"turns":7.0},{"damage":0,"enemies":"Reptomancer","floor":48,"turns":5},{"damage":71,"enemies":"Donu and Deca","floor":50,"turns":11}],"seed_played":"-3696820517449622619","potions_obtained":[{"floor":13.0,"key":"AttackPotion"},{"floor":14.0,"key":"ColorlessPotion"},{"floor":23.0,"key":"AttackPotion"},{"floor":28.0,"key":"Strength Potion"},{"floor":34.0,"key":"SpeedPotion"},{"floor":36.0,"key":"Fire Potion"}],"is_trial":false,"path_per_floor":["M","$","?","?","M","R","E","?","T","M","?","R","E","M","R","B",null,"M","$","?","T","$","E","?","R","T","?","M","T","R","E","R","B",null,"M","M","?","M","?","R","M","R","T","T","M","R","?","E","R","B",null],"character_chosen":"DEFECT","items_purchased":["Ball Lightning","Defragment","Sling","Sweeping Beam"],"campfire_rested":4,"item_purchase_floors":[2,2,19,19],"current_hp_per_floor":[75,75,68,50,50,50,50,50,50,50,50,50,42,42,42,16,60,60,60,60,60,60,14,14,36,36,36,35,35,57,39,61,36,70,70,59,59,55,55,55,42,66,66,66,66,66,66,71,71,40],"gold":13,"neow_bonus":"THREE_ENEMY_KILL","is_daily":false,"chose_seed":false,"campfire_upgraded":6,"win_rate":0.0,"timestamp":1613416787,"path_taken":["M","$","?","?","M","R","E","?","T","?","?","R","E","M","R","BOSS","M","$","?","?","?","E","?","R","T","?","M","?","R","E","R","BOSS","M","M","?","?","?","R","M","R","T","?","M","R","?","E","R","BOSS"],"items_purchased_type":["Card","Card","Relic","Card"],"build_version":"2020-12-22","purchased_purges":1,"victory":true,"max_hp_per_floor":[75,75,75,75,75,75,75,75,75,75,75,75,75,75,75,75,75,75,75,75,75,75,75,75,75,75,75,75,75,75,75,75,75,80,80,80,80,80,80,80,80,80,80,80,80,80,80,80,80,80],"card_choices":[{"not_picked":["Beam Cell","Rip and Tear"],"picked":"Leap","floor":1.0},{"not_picked":["Conserve Battery","Gash"],"picked":"Auto Shields","floor":5.0},{"not_picked":["Amplify","Hello World"],"picked":"Undo","floor":7.0},{"not_picked":["Double Energy","Turbo"],"picked":"Doom and Gloom","floor":10.0},{"not_picked":["Cold Snap","Ball Lightning"],"picked":"Leap","floor":13.0},{"not_picked":["Sunder","Darkness","Undo"],"picked":"SKIP","floor":14.0},{"not_picked":["Meteor Strike","All For One"],"picked":"Echo Form","floor":16.0},{"not_picked":["Gash+1","Auto Shields","Melter+1"],"picked":"SKIP","floor":18.0},{"not_picked":["Conserve Battery","Fusion","Redo"],"picked":"SKIP","floor":23.0},{"not_picked":["Barrage+1","Blizzard","Reprogram"],"picked":"SKIP","floor":28.0},{"not_picked":["Beam Cell","All For One"],"picked":"Loop+1","floor":31.0},{"not_picked":["Biased Cognition","Electrodynamics"],"picked":"Buffer","floor":33.0},{"not_picked":["Redo+1","Chaos+1","Compile Driver+1"],"picked":"SKIP","floor":35.0},{"not_picked":["Hologram+1","Cold Snap+1"],"picked":"Multi-Cast","floor":36.0},{"not_picked":["BootSequence+1","Conserve Battery+1"],"picked":"White Noise+1","floor":38.0},{"not_picked":["Lockon","Conserve Battery","Go for the Eyes"],"picked":"SKIP","floor":41.0},{"not_picked":["Coolheaded","Recycle","Streamline+1"],"picked":"SKIP","floor":45.0},{"not_picked":["Redo","White Noise","Gash+1"],"picked":"SKIP","floor":48},{"not_picked":["Redo","Gash+1"],"picked":"White Noise","floor":48}],"player_experience":277063,"relics_obtained":[{"floor":7.0,"key":"Orichalcum"},{"floor":9.0,"key":"Tiny Chest"},{"floor":13.0,"key":"Gremlin Horn"},{"floor":21.0,"key":"Lizard Tail"},{"floor":23.0,"key":"Akabeko"},{"floor":26.0,"key":"Toy Ornithopter"},{"floor":29.0,"key":"Bag of Preparation"},{"floor":31.0,"key":"Girya"},{"floor":39.0,"key":"Incense Burner"},{"floor":43.0,"key":"Ornamental Fan"},{"floor":44.0,"key":"Juzu Bracelet"},{"floor":48,"key":"Whetstone"}],"event_choices":[{"cards_removed":["Strike_B"],"damage_healed":0.0,"max_hp_gain":0.0,"max_hp_loss":0.0,"gold_gain":0.0,"event_name":"Golden Wing","player_choice":"Card Removal","floor":3.0,"gold_loss":0.0,"damage_taken":7.0},{"damage_healed":0.0,"max_hp_gain":0.0,"max_hp_loss":0.0,"gold_gain":0.0,"event_name":"Scrap Ooze","player_choice":"Success","floor":4.0,"gold_loss":0.0,"damage_taken":18.0,"relics_obtained":["WingedGreaves"]},{"damage_healed":0.0,"max_hp_gain":0.0,"max_hp_loss":0.0,"gold_gain":0.0,"cards_transformed":["Strike_B"],"event_name":"Transmorgrifier","player_choice":"Transformed","floor":8.0,"gold_loss":0.0,"damage_taken":0.0,"cards_obtained":["Aggregate"]},{"damage_healed":0.0,"max_hp_gain":0.0,"max_hp_loss":0.0,"gold_gain":0.0,"event_name":"Living Wall","player_choice":"Grow","floor":11.0,"gold_loss":0.0,"damage_taken":0.0,"cards_upgraded":["Leap"]},{"damage_healed":0.0,"max_hp_gain":0.0,"max_hp_loss":0.0,"gold_gain":0.0,"event_name":"The Mausoleum","player_choice":"Ignored","floor":20.0,"gold_loss":0.0,"damage_taken":0.0},{"damage_healed":0.0,"max_hp_gain":0.0,"max_hp_loss":0.0,"gold_gain":0.0,"event_name":"N\u0027loth","player_choice":"Traded Relic","floor":27.0,"relics_lost":["Cracked Core"],"gold_loss":0.0,"damage_taken":0.0,"relics_obtained":["Nloth\u0027s Gift"]},{"damage_healed":0.0,"max_hp_gain":0.0,"max_hp_loss":0.0,"gold_gain":0.0,"event_name":"WeMeetAgain","player_choice":"Gave Potion","floor":37.0,"gold_loss":0.0,"damage_taken":0.0,"relics_obtained":["Symbiotic Virus"]},{"damage_healed":0.0,"max_hp_gain":0.0,"max_hp_loss":0.0,"gold_gain":0.0,"event_name":"Wheel of Change","player_choice":"Relic","floor":39.0,"gold_loss":0.0,"damage_taken":0.0},{"cards_removed":["Ball Lightning"],"damage_healed":0.0,"max_hp_gain":0.0,"max_hp_loss":0.0,"gold_gain":0.0,"event_name":"Falling","player_choice":"Removed Attack","floor":47.0,"gold_loss":0.0,"damage_taken":0.0}],"is_beta":false,"boss_relics":[{"not_picked":["Black Star","Inserter"],"picked":"Ectoplasm"},{"not_picked":["Calling Bell","Empty Cage"],"picked":"Tiny House"}],"items_purged_floors":[19],"is_endless":false,"potions_floor_spawned":[13,14,23,28,36],"ascension_level":5}}