{"host":"0utx1lcxgx5vu4k0","time":1613410478,"event":{"mods":["BaseMod","Colored Powertips","Minty Spire (QoL Compilation)","Permanent Neow","Relic Stats","StSLib"],"gold_per_floor":[110,110,185,201,217,217,253,353,402,402,417,456,479,515,515,646,646,660,371,371,128,43,43,74,74,74,74,105,129,149,192,192,313,313,332,32,55,73,89,123,123,158,158,198,217,217,69,402,402,402,402,402,16,41,41],"floor_reached":56,"language":"ENG","playtime":3407,"items_purged":["Regret"],"score":1540,"play_id":"461e055e-daf5-4c0f-aea0-350e82efd267","local_time":"20210215123438","is_ascension_mode":true,"campfire_choices":[{"data":"Thunderclap","floor":6.0,"key":"SMITH"},{"floor":15,"key":"REST"},{"floor":23,"key":"DIG"},{"floor":25,"key":"DIG"},{"floor":32,"key":"REST"},{"floor":41,"key":"RECALL"},{"data":"Berserk","floor":46,"key":"SMITH"},{"floor":49,"key":"DIG"},{"floor":52,"key":"DIG"}],"circlet_count":0,"master_deck":["Strike_R","Strike_R","Defend_R","Defend_R","Defend_R","Defend_R","Bash","Sword Boomerang","Thunderclap+1","Shrug It Off","Shrug It Off","Clothesline+1","Uppercut","Cleave+1","Impervious","Immolate","Dropkick+1","Twin Strike+1","Double Tap+1","Inflame","Corruption","Dark Embrace+1","Metallicize+1","Intimidate+1","Berserk+1","Seeing Red","Parasite","Shrug It Off+1","Shockwave+1","Entrench","Pummel+1","Impervious","Flame Barrier"],"relics":["Black Blood","Mango","Regal Pillow","Red Skull","White Beast Statue","Shovel","Astrolabe","Pen Nib","Question Card","Torii","Letter Opener","Strawberry","Ancient Tea Set","StoneCalendar","Oddly Smooth Stone","Art of War","PreservedInsect","Bag of Preparation","Ginger","Du-Vu Doll","Whetstone","Vajra","Pantograph","Self Forming Clay","Bag of Marbles","HornCleat"],"acts_visited":["Exordium","TheCity","TheBeyond","TheEnding"],"potions_floor_usage":[14,16,24,28,30,31,35,38,39,40,42,44,45,50,50,54,55],"damage_taken":[{"damage":11.0,"enemies":"2 Louse","floor":1.0,"turns":2.0},{"damage":3.0,"enemies":"Cultist","floor":4.0,"turns":4.0},{"damage":15.0,"enemies":"Jaw Worm","floor":5.0,"turns":3.0},{"damage":32.0,"enemies":"3 Sentries","floor":7.0,"turns":9.0},{"damage":0.0,"enemies":"Exordium Wildlife","floor":10.0,"turns":1.0},{"damage":9.0,"enemies":"Exordium Thugs","floor":11.0,"turns":4.0},{"damage":24.0,"enemies":"Gremlin Nob","floor":12.0,"turns":4.0},{"damage":0.0,"enemies":"Lots of Slimes","floor":13.0,"turns":3.0},{"damage":9,"enemies":"3 Sentries","floor":14,"turns":4},{"damage":51,"enemies":"The Guardian","floor":16,"turns":16},{"damage":6,"enemies":"Chosen","floor":18,"turns":5},{"damage":56,"enemies":"Book of Stabbing","floor":24,"turns":6},{"damage":7,"enemies":"Slavers","floor":28,"turns":2},{"damage":18,"enemies":"2 Thieves","floor":29,"turns":3},{"damage":20,"enemies":"Shelled Parasite and Fungi","floor":30,"turns":3},{"damage":0,"enemies":"Book of Stabbing","floor":31,"turns":4},{"damage":39,"enemies":"Champ","floor":33,"turns":9},{"damage":15,"enemies":"3 Darklings","floor":35,"turns":5},{"damage":0,"enemies":"3 Shapes","floor":37,"turns":3},{"damage":24,"enemies":"Writhing Mass","floor":38,"turns":7},{"damage":11,"enemies":"Maw","floor":39,"turns":7},{"damage":1,"enemies":"Giant Head","floor":40,"turns":5},{"damage":8,"enemies":"Nemesis","floor":42,"turns":3},{"damage":1,"enemies":"Reptomancer","floor":44,"turns":4},{"damage":17,"enemies":"Spire Growth","floor":45,"turns":4},{"damage":85,"enemies":"Awakened One","floor":50,"turns":11},{"damage":33,"enemies":"Shield and Spear","floor":54,"turns":5},{"damage":52,"enemies":"The Heart","floor":55,"turns":10}],"seed_played":"-3231586773882057390","potions_obtained":[{"floor":1.0,"key":"LiquidMemories"},{"floor":5.0,"key":"SmokeBomb"},{"floor":12.0,"key":"Block Potion"},{"floor":13.0,"key":"AttackPotion"},{"floor":14,"key":"Energy Potion"},{"floor":16,"key":"LiquidBronze"},{"floor":18,"key":"Swift Potion"},{"floor":24,"key":"Fire Potion"},{"floor":28,"key":"Fire Potion"},{"floor":29,"key":"ColorlessPotion"},{"floor":30,"key":"SneckoOil"},{"floor":31,"key":"AttackPotion"},{"floor":33,"key":"ColorlessPotion"},{"floor":35,"key":"BlessingOfTheForge"},{"floor":38,"key":"Block Potion"},{"floor":39,"key":"Swift Potion"},{"floor":40,"key":"Dexterity Potion"},{"floor":42,"key":"Energy Potion"},{"floor":44,"key":"CultistPotion"},{"floor":45,"key":"SneckoOil"},{"floor":54,"key":"AttackPotion"}],"is_trial":false,"path_per_floor":["M","?","?","M","M","R","E","?","T","M","M","E","M","E","R","B",null,"M","$","?","$","?","R","E","R","T","$","E","M","M","E","R","B",null,"M","$","M","M","M","E","R","E","T","E","M","R","$","?","R","B",null,"R","$","E","B",null],"character_chosen":"IRONCLAD","items_purchased":["Pen Nib","Inflame","Question Card","PreservedInsect","Bag of Preparation","Vajra","Impervious","Bag of Marbles","Flame Barrier","PowerPotion"],"campfire_rested":2,"item_purchase_floors":[19,19,21,36,36,47,53,53,53,53],"current_hp_per_floor":[89,66,55,58,49,49,23,23,23,29,26,8,14,11,54,9,94,94,94,94,94,94,94,51,51,51,51,50,38,24,30,75,42,101,98,98,101,89,90,101,101,101,101,101,96,96,96,96,96,28,101,101,101,80,61],"gold":41,"neow_bonus":"ONE_RARE_RELIC","is_daily":false,"chose_seed":false,"campfire_upgraded":2,"win_rate":0.0,"timestamp":1613410478,"path_taken":["M","?","?","M","M","R","E","?","T","?","M","E","M","E","R","BOSS","M","$","?","$","?","R","E","R","T","?","E","?","M","E","R","BOSS","M","?","M","M","M","E","R","E","T","E","M","R","$","?","R","BOSS","R","$","E","BOSS"],"items_purchased_type":["Relic","Card","Relic","Relic","Relic","Relic","Card","Relic","Card","Potion"],"build_version":"2020-12-22","purchased_purges":1,"victory":true,"max_hp_per_floor":[94,94,94,94,94,94,94,94,94,94,94,94,94,94,94,94,94,94,94,94,94,94,94,101,101,101,101,101,101,101,101,101,101,101,101,101,101,101,101,101,101,101,101,101,101,101,101,101,101,101,101,101,101,101,101],"relic_stats":{"Regal Pillow":30,"Torii":65,"counters":[28,146],"Self Forming Clay":[90],"Astrolabe":["Dropkick","Twin Strike","Double Tap"],"Black Blood":210,"StoneCalendar":[150],"Pen Nib":[18],"PreservedInsect":299,"Bag of Preparation":[20],"Letter Opener":[133],"Ginger":[3],"Whetstone":["Clothesline","Cleave"],"Question Card":15,"Shovel":4,"Pantograph":26,"Art of War":[13],"obtain_stats":[{"Regal Pillow":7,"Torii":22,"Black Blood":34,"Vajra":47,"Mango":0,"StoneCalendar":26,"Bag of Preparation":36,"Ginger":40,"Whetstone":44,"Ancient Tea Set":25,"Burning Blood":0,"Shovel":14,"HornCleat":54,"Strawberry":24,"Pantograph":49,"Red Skull":9,"Golden Idol":2,"Self Forming Clay":52,"Astrolabe":17,"Oddly Smooth Stone":28,"Pen Nib":19,"PreservedInsect":36,"Letter Opener":23,"Question Card":21,"White Beast Statue":12,"Du-Vu Doll":42,"Art of War":31,"Bag of Marbles":53},{"Regal Pillow":4,"Torii":11,"Black Blood":17,"Vajra":25,"Mango":0,"StoneCalendar":12,"Bag of Preparation":18,"Ginger":22,"Whetstone":24,"Ancient Tea Set":12,"Burning Blood":0,"Shovel":9,"HornCleat":27,"Strawberry":12,"Pantograph":25,"Red Skull":4,"Golden Idol":1,"Self Forming Clay":26,"Astrolabe":10,"Oddly Smooth Stone":13,"Pen Nib":11,"PreservedInsect":18,"Letter Opener":11,"Question Card":11,"White Beast Statue":7,"Du-Vu Doll":23,"Art of War":16,"Bag of Marbles":26},{"Regal Pillow":18,"Torii":55,"Black Blood":82,"Vajra":120,"Mango":0,"StoneCalendar":61,"Bag of Preparation":87,"Ginger":109,"Whetstone":116,"Ancient Tea Set":61,"Burning Blood":0,"Shovel":34,"HornCleat":136,"Strawberry":61,"Pantograph":120,"Red Skull":18,"Golden Idol":2,"Self Forming Clay":131,"Astrolabe":50,"Oddly Smooth Stone":63,"Pen Nib":55,"PreservedInsect":87,"Letter Opener":55,"Question Card":55,"White Beast Statue":27,"Du-Vu Doll":112,"Art of War":73,"Bag of Marbles":131}]},"card_choices":[{"not_picked":["Heavy Blade","Sever Soul"],"picked":"Sword Boomerang","floor":1.0},{"not_picked":["Warcry","Ghostly Armor"],"picked":"Thunderclap","floor":4.0},{"not_picked":["Sword Boomerang","Twin Strike"],"picked":"Shrug It Off","floor":5.0},{"not_picked":["Dropkick","Entrench"],"picked":"Shrug It Off","floor":7.0},{"not_picked":["Ghostly Armor","Sword Boomerang"],"picked":"Clothesline","floor":11.0},{"not_picked":["Sword Boomerang","Rampage"],"picked":"Uppercut","floor":12.0},{"not_picked":["Body Slam","Anger"],"picked":"Cleave","floor":13.0},{"not_picked":["Sever Soul","Metallicize"],"picked":"Impervious","floor":14},{"not_picked":["Offering","Juggernaut"],"picked":"Immolate","floor":16},{"not_picked":["Reckless Charge+1","Carnage+1","Perfected Strike"],"picked":"SKIP","floor":18},{"not_picked":["Flex","Fiend Fire","Burning Pact+1"],"picked":"Corruption","floor":24},{"not_picked":["Clothesline+1","Anger+1","Sword Boomerang"],"picked":"Dark Embrace+1","floor":28},{"not_picked":["Intimidate","Warcry","Searing Blow+1"],"picked":"Metallicize+1","floor":29},{"not_picked":["Burning Pact","Metallicize","Armaments","Clash+1"],"picked":"SKIP","floor":30},{"not_picked":["Rupture","Juggernaut","Inflame"],"picked":"Intimidate+1","floor":31},{"not_picked":["Juggernaut","Bludgeon","Corruption"],"picked":"Berserk","floor":33},{"not_picked":["Fire Breathing","Pommel Strike","Iron Wave","Clash"],"picked":"SKIP","floor":35},{"not_picked":["Iron Wave+1","Clash+1","Rage"],"picked":"Seeing Red","floor":37},{"not_picked":["Clash+1","Body Slam+1","Heavy Blade+1"],"picked":"Shrug It Off+1","floor":38},{"not_picked":["Pommel Strike","Clothesline+1","Dropkick+1"],"picked":"Shockwave+1","floor":39},{"not_picked":["Berserk","Carnage","Uppercut","Immolate"],"picked":"SKIP","floor":40},{"not_picked":["Sword Boomerang+1","True Grit","Uppercut+1"],"picked":"Entrench","floor":42},{"not_picked":["Dropkick+1","Combust+1","Clothesline+1"],"picked":"Pummel+1","floor":44},{"not_picked":["Perfected Strike","Power Through+1","Cleave","Pommel Strike+1"],"picked":"SKIP","floor":45},{"not_picked":["Body Slam+1","Flex","Shockwave","Combust+1"],"picked":"SKIP","floor":54}],"player_experience":44219,"relics_obtained":[{"floor":7.0,"key":"Regal Pillow"},{"floor":9.0,"key":"Red Skull"},{"floor":12.0,"key":"White Beast Statue"},{"floor":14,"key":"Shovel"},{"floor":23,"key":"Letter Opener"},{"floor":24,"key":"Strawberry"},{"floor":25,"key":"Ancient Tea Set"},{"floor":26,"key":"StoneCalendar"},{"floor":28,"key":"Oddly Smooth Stone"},{"floor":31,"key":"Art of War"},{"floor":40,"key":"Ginger"},{"floor":42,"key":"Du-Vu Doll"},{"floor":44,"key":"Whetstone"},{"floor":49,"key":"Pantograph"},{"floor":52,"key":"Self Forming Clay"},{"floor":54,"key":"HornCleat"}],"event_choices":[{"damage_healed":0.0,"max_hp_gain":0.0,"max_hp_loss":0.0,"gold_gain":0.0,"event_name":"Golden Idol","player_choice":"Take Damage","floor":2.0,"gold_loss":0.0,"damage_taken":23.0,"relics_obtained":["Golden Idol"]},{"damage_healed":0.0,"max_hp_gain":0.0,"max_hp_loss":0.0,"gold_gain":75.0,"event_name":"World of Goop","player_choice":"Gather Gold","floor":3.0,"gold_loss":0.0,"damage_taken":11.0},{"damage_healed":0.0,"max_hp_gain":0.0,"max_hp_loss":0.0,"gold_gain":100.0,"event_name":"Golden Shrine","player_choice":"Pray","floor":8.0,"gold_loss":0.0,"damage_taken":0.0},{"damage_healed":0,"gold_gain":0,"player_choice":"Ignored","damage_taken":0,"max_hp_gain":0,"max_hp_loss":0,"event_name":"Vampires","floor":20,"gold_loss":0},{"damage_healed":0,"gold_gain":0,"player_choice":"Obtained Relic","damage_taken":0,"relics_obtained":["Torii"],"max_hp_gain":0,"max_hp_loss":0,"event_name":"Addict","floor":22,"gold_loss":85},{"damage_healed":0,"gold_gain":333,"player_choice":"Gave Idol","damage_taken":0,"max_hp_gain":0,"max_hp_loss":0,"event_name":"The Moai Head","floor":48,"relics_lost":["Golden Idol"],"gold_loss":0}],"is_beta":false,"boss_relics":[{"not_picked":["Busted Crown","Tiny House"],"picked":"Astrolabe"},{"not_picked":["Velvet Choker","Mark of Pain"],"picked":"Black Blood"}],"items_purged_floors":[19],"is_endless":false,"potions_floor_spawned":[1,5,12,13,14,16,18,24,28,29,30,31,33,35,37,38,39,40,42,44,45,54],"ascension_level":3}}