{"host":"w14xfy17z3c5mpoi","time":1613353217,"event":{"mods":["AchievementEnabler","BaseMod","Minty Spire (QoL Compilation)","Relic Stats"],"gold_per_floor":[119,135,135,145,145,145,160,160,160,160,194,206,238,264,264,264,264],"floor_reached":16,"language":"ENG","playtime":778,"items_purged":[],"score":182,"play_id":"4e32b26d-f187-4762-8257-abf1091b3f85","local_time":"20210214204017","is_ascension_mode":true,"campfire_choices":[{"floor":6,"key":"REST"},{"floor":8,"key":"REST"},{"floor":10,"key":"REST"},{"data":"Eruption","floor":15,"key":"SMITH"}],"circlet_count":0,"master_deck":["Strike_P","Strike_P","Strike_P","Strike_P","Defend_P","Defend_P","Defend_P","Eruption+1","Vigilance","SashWhip","EmptyFist","Sanctity","InnerPeace","FearNoEvil","ConjureBlade","FlurryOfBlows"],"relics":["SlaversCollar","InkBottle","Art of War","Pear","Odd Mushroom"],"acts_visited":["Exordium"],"potions_floor_usage":[11,14],"damage_taken":[{"damage":45,"enemies":"Cultist","floor":1,"turns":7},{"damage":6,"enemies":"Jaw Worm","floor":2,"turns":4},{"damage":3,"enemies":"2 Louse","floor":4,"turns":3},{"damage":9,"enemies":"Red Slaver","floor":7,"turns":5},{"damage":0,"enemies":"Gremlin Nob","floor":11,"turns":2},{"damage":4,"enemies":"Blue Slaver","floor":12,"turns":3},{"damage":10,"enemies":"Lagavulin","floor":13,"turns":6},{"damage":9,"enemies":"The Mushroom Lair","floor":14,"turns":4},{"damage":52,"enemies":"The Guardian","floor":16,"turns":11}],"seed_played":"-5904022552458052323","potions_obtained":[{"floor":4,"key":"SkillPotion"},{"floor":7,"key":"GamblersBrew"}],"is_trial":false,"path_per_floor":["M","M","?","M","?","R","M","R","T","R","E","M","E","?","R","B"],"character_chosen":"WATCHER","items_purchased":[],"campfire_rested":3,"item_purchase_floors":[],"current_hp_per_floor":[20,14,7,4,4,25,16,37,37,58,58,54,54,45,45,0,0],"gold":264,"neow_bonus":"BOSS_RELIC","is_daily":false,"chose_seed":false,"campfire_upgraded":1,"win_rate":0.0,"timestamp":1613353217,"path_taken":["M","?","?","M","?","R","?","R","T","R","E","M","E","?","R","BOSS"],"items_purchased_type":[],"build_version":"2020-12-22","purchased_purges":0,"victory":false,"max_hp_per_floor":[72,72,72,72,72,72,72,72,72,72,72,72,82,82,82,82,82],"relic_stats":{"counters":[9,45],"Art of War":[7],"obtain_stats":[{"SlaversCollar":0,"Pear":13,"Art of War":11,"PureWater":0,"Odd Mushroom":14,"InkBottle":3},{"SlaversCollar":0,"Pear":7,"Art of War":5,"PureWater":0,"Odd Mushroom":8,"InkBottle":2},{"SlaversCollar":0,"Pear":30,"Art of War":21,"PureWater":0,"Odd Mushroom":34,"InkBottle":11}],"InkBottle":[9]},"card_choices":[{"not_picked":["FollowUp","Study"],"picked":"SashWhip","floor":1},{"not_picked":["CrushJoints","EmptyBody"],"picked":"EmptyFist","floor":2},{"not_picked":["PathToVictory","LikeWater","EmptyBody"],"picked":"SKIP","floor":4},{"not_picked":["Evaluate","Prostrate"],"picked":"InnerPeace","floor":7},{"not_picked":["Swivel","SignatureMove"],"picked":"FearNoEvil","floor":11},{"not_picked":["Nirvana","SandsOfTime","ThirdEye"],"picked":"SKIP","floor":12},{"not_picked":["EmptyBody","SpiritShield"],"picked":"ConjureBlade","floor":13},{"not_picked":["CutThroughFate","Evaluate"],"picked":"FlurryOfBlows","floor":14}],"player_experience":658338,"relics_obtained":[{"floor":11,"key":"Art of War"},{"floor":13,"key":"Pear"},{"floor":14,"key":"Odd Mushroom"}],"event_choices":[{"damage_healed":0,"gold_gain":0,"player_choice":"Success","damage_taken":7,"relics_obtained":["InkBottle"],"max_hp_gain":0,"max_hp_loss":0,"event_name":"Scrap Ooze","floor":3,"gold_loss":0},{"damage_healed":0,"gold_gain":0,"cards_transformed":["Defend_P"],"player_choice":"Transformed","damage_taken":0,"max_hp_gain":0,"max_hp_loss":0,"event_name":"Transmorgrifier","floor":5,"gold_loss":0,"cards_obtained":["Sanctity"]},{"damage_healed":0,"gold_gain":0,"player_choice":"Fought Mushrooms","damage_taken":0,"max_hp_gain":0,"max_hp_loss":0,"event_name":"Mushrooms","floor":14,"gold_loss":0}],"is_beta":false,"boss_relics":[],"items_purged_floors":[],"is_endless":false,"potions_floor_spawned":[4,7],"killed_by":"The Guardian","ascension_level":7}}