{"host":"tod","time":1613385895,"event":{"mods":["Act Like it!","BaseMod","CapriCore","Highlight Path","Lobotomy","Luminous","Marisa£®ÏF”Í°°ƒß¿Ì…≥£©","Minty Spire (QoL Compilation)","Quick Restart","Reimu£®≤©¿ˆ¡È√Œ£©","Relic Stats","Remilia£®¿Ÿ√◊¿Ú—«£©","Shop Mod","StSLib","The Cursed","The Immortal","Yakumo Yukari mod","Youmu£®ªÍ∆«—˝√Œ£©"],"gold_per_floor":[115,131,141,216,236,236,270,289,289,289,289,321,332,348,348,348,348,348],"floor_reached":16,"language":"ZHS","playtime":1082,"items_purged":[],"score":114,"play_id":"426ee891-faef-41dd-a3aa-d624e25fbd66","local_time":"20210215184455","is_ascension_mode":false,"campfire_choices":[{"data":"MokouMod:FlareStarter","floor":6,"key":"SMITH"},{"floor":11,"key":"REST"},{"floor":15,"key":"REST"}],"circlet_count":0,"master_deck":["MokouMod:Strike","MokouMod:Strike","MokouMod:Strike","MokouMod:Strike","MokouMod:Strike","MokouMod:Defend","MokouMod:Defend","MokouMod:Defend","MokouMod:Defend","MokouMod:HeatSpark","MokouMod:FlareStarter+1","MokouMod:Afterburner","MokouMod:GuidingSmoke","MokouMod:ScorchingColumn","MokouMod:ResonanceReactor","MokouMod:TemporalFireSeal","MokouMod:FlickeringFlame"],"relics":["MokouMod:PhoenixFeather","Calipers","Pear","HornCleat","Smiling Mask"],"acts_visited":["Exordium"],"potions_floor_usage":[],"damage_taken":[{"damage":0.0,"enemies":"2 Louse","floor":1.0,"turns":2.0},{"damage":2.0,"enemies":"Small Slimes","floor":2.0,"turns":3.0},{"damage":4.0,"enemies":"Cultist","floor":3.0,"turns":4.0},{"damage":16,"enemies":"3 Louse","floor":5,"turns":5},{"damage":55,"enemies":"Lagavulin","floor":7,"turns":10},{"damage":20,"enemies":"Gremlin Gang","floor":8,"turns":6},{"damage":12,"enemies":"3 Sentries","floor":12,"turns":10},{"damage":2,"enemies":"Blue Slaver","floor":13,"turns":5},{"damage":0,"enemies":"Looter","floor":14,"turns":4},{"damage":54,"enemies":"The Guardian","floor":16,"turns":9}],"seed_played":"6396529967363998228","potions_obtained":[{"floor":5,"key":"Energy Potion"},{"floor":7,"key":"DistilledChaos"},{"floor":13,"key":"Swift Potion"}],"is_trial":false,"path_per_floor":["M","M","M","?","M","R","E","M","T","?","R","E","M","M","R","B"],"character_chosen":"MKU","items_purchased":[],"campfire_rested":2,"item_purchase_floors":[],"current_hp_per_floor":[68,66,62,51,35,35,21,1,1,1,24,12,10,10,33,19,19,19],"gold":348,"neow_bonus":"ONE_RARE_RELIC","is_daily":false,"chose_seed":false,"campfire_upgraded":1,"win_rate":0.0,"timestamp":1613385895,"path_taken":["M","M","M","?","M","R","E","M","T","?","R","E","M","M","R","BOSS"],"items_purchased_type":[],"build_version":"2020-12-18","purchased_purges":0,"victory":false,"max_hp_per_floor":[68,68,68,68,68,68,78,78,78,78,78,78,78,78,78,78,78,78],"relic_stats":{"counters":[10,58],"Smiling Mask":0,"obtain_stats":[{"Calipers":0,"Pear":7,"HornCleat":9,"MokouMod:PhoenixFeather":0,"Smiling Mask":12},{"Calipers":0,"Pear":5,"HornCleat":6,"MokouMod:PhoenixFeather":0,"Smiling Mask":7},{"Calipers":0,"Pear":24,"HornCleat":30,"MokouMod:PhoenixFeather":0,"Smiling Mask":40}]},"card_choices":[{"not_picked":["MokouMod:BurningDraft","MokouMod:ControlledCombustion"],"picked":"MokouMod:FlareStarter","floor":1.0},{"not_picked":["MokouMod:UncontrollableSolarReaction","MokouMod:Cataclysm","MokouMod:IndiscriminateIgnition"],"picked":"SKIP","floor":2.0},{"not_picked":["MokouMod:ImperishableFlame","MokouMod:FujiyamaVolcano"],"picked":"MokouMod:Afterburner","floor":3.0},{"not_picked":["MokouMod:UncontrollableSolarReaction","MokouMod:IndiscriminateIgnition","MokouMod:SearingShot"],"picked":"SKIP","floor":5},{"not_picked":["MokouMod:Extinguish","MokouMod:TemporalFireSeal"],"picked":"MokouMod:GuidingSmoke","floor":7},{"not_picked":["MokouMod:ShiftIgnition","MokouMod:FujiyamaVolcano"],"picked":"MokouMod:ScorchingColumn","floor":8},{"not_picked":["MokouMod:CrimsonFlare","MokouMod:ThermalPressure"],"picked":"MokouMod:ResonanceReactor","floor":12},{"not_picked":["MokouMod:ScorchingColumn","MokouMod:HeatTransfer"],"picked":"MokouMod:TemporalFireSeal","floor":13},{"not_picked":["MokouMod:FujiyamaVolcano","MokouMod:DanceofFlames"],"picked":"MokouMod:FlickeringFlame","floor":14}],"player_experience":382436,"relics_obtained":[{"floor":7,"key":"Pear"},{"floor":9,"key":"HornCleat"},{"floor":12,"key":"Smiling Mask"}],"event_choices":[{"damage_healed":0.0,"max_hp_gain":0.0,"max_hp_loss":0.0,"gold_gain":75.0,"event_name":"World of Goop","player_choice":"Gather Gold","floor":4.0,"gold_loss":0.0,"damage_taken":11.0}],"is_beta":true,"boss_relics":[],"items_purged_floors":[],"is_endless":false,"potions_floor_spawned":[5,7,13,14],"killed_by":"The Guardian","ascension_level":0}}