{"host":"b7dyfc527bmrkvbm","time":1613350662,"event":{"mods":["2.2 Compatiblity","Act Like it!","BaseMod","BetterRewards","Conspire","Downfall","Hubris","Infinite Spire","Mimic Mod","Minty Spire (QoL Compilation)","Replay The Spire","Shop Mod","StSLib","The Accelerator","The Jungle"],"gold_per_floor":[114,128,128,48,60,60,60,60,85,85,108,127,127,140,140,172,172,274,274,254,354,370,386,386,386,401,432,469,469,496,511,539,555,555,657,657,670,687,687,697,707,707,707,736,736,771,787,787,817,836,836,935,935,929,929,929,929,929,929,937,986,986,986,974,974,983,996,996,1097,1097,994,1044,1344,1334,1392,1392,1392,1392,1392,1392,1392,1392,1400,1400,1400,1442,1442,1492,1487,1487,1487,1487,1487,1489,1489,1484,1487,1448,1448,1451,1458,1458,1524,1524,1528,1528,1528,1528,1594,1594,1626,1650,1662,1689,1715,1781,1805,1717,1729,1818,1830,1836,1848,1860,1872,1883,1901,1828,1919,1931,1939,1951,2013,2037,2059,2071,2079,2079],"floor_reached":137,"language":"ENG","playtime":24490,"items_purged":["Strike_B","Defend_B"],"score":3506,"play_id":"6fc0b921-4b67-48bb-a068-7df5e2329817","local_time":"20210214195742","is_ascension_mode":true,"campfire_choices":[{"data":"Crystallizer","floor":8.0,"key":"SMITH"},{"data":"Mirror Shield","floor":10.0,"key":"SMITH"},{"floor":17.0,"key":"RECALL"},{"floor":25.0,"key":"REST"},{"data":"FIFO Queue","floor":34.0,"key":"SMITH"},{"data":"Consume","floor":42.0,"key":"SMITH"},{"data":"ReplayTheSpireMod:Dual Polarity","floor":48.0,"key":"SMITH"},{"floor":51.0,"key":"DIG"},{"floor":59.0,"key":"DIG"},{"floor":68.0,"key":"DIG"},{"floor":76.0,"key":"DIG"},{"floor":78.0,"key":"DIG"},{"floor":80.0,"key":"DIG"},{"floor":93.0,"key":"DIG"},{"floor":95.0,"key":"DIG"},{"floor":99.0,"key":"DIG"},{"floor":102.0,"key":"DIG"},{"floor":110.0,"key":"DIG"},{"data":"hubris:Insight","floor":119.0,"key":"PURGE"},{"data":"Consume","floor":133,"key":"PURGE"},{"floor":136,"key":"DIG"}],"circlet_count":0,"master_deck":["FIFO Queue+1","Crystallizer+1","Mirror Shield+1","Consume+1","Heatsinks","Echo Form","Mirror Shield+1","ReplayTheSpireMod:Dual Polarity+1","ReplayTheSpireMod:System Scan+1","Self Repair+1","Loop+1","White Noise","Blizzard","Machine Learning+1","Amplify+1","Replay:Fractal Strike","Creative AI+1","BasicCrystalCard+1","Poisoned Strike+1","Panic Button+1","Madness","Madness","ReplaySolidLightProjector","hubris:Fate","hubris:SpecializedCircuitry+1","Rainbow+1","infinitespire:UltimateForm","ReplayRNGCard+1","infinitespire:Collect","Storm","Ghostly","Heatsinks","Fission+1","hubris:DoWhile+1","ReplayTheSpireMod:Black Plague","Recycle"],"relics":["infinitespire:Freezer","PreservedInsect","hubris:Icosahedron","Meat on the Bone","conspire:SeveredTorchhead","Replay:Wax Seal","hubris:MysteriousPyramids","Mercury Hourglass","Blue Candle","conspire:RunicOctahedron","hubris:Towel","Centennial Puzzle","Boot","Golden Egg","conspire:TopHat","Anchor","infinitespire:Cupcake","Inserter","Shovel","Iron Core","hubris:ToyBattleship","hubris:MobiusCoin","DataDisk","hubris:NiceRug","StoneCalendar","Chemical X","Replay:PocketPolymizer","hubris:Zylophone","Replay:Bandana","Kintsugi","Sundial","Toy Ornithopter","Juzu Bracelet","Chameleon Ring","conspire:Boomerang","theJungle:SpiritDisease","Eternal Feather","conspire:SpecialSausage","Bag of Marbles","Bronze Scales","infinitespire:Lucky Rock","Bird Faced Urn","Spirit Poop","infinitespire:Broken Mirror","Oddly Smooth Stone","FossilizedHelix","Vajra","Black Star","Golden Idol","Odd Mushroom","Replay:Multitool","MawBank","Gremlin Food","Garlic","Bottled Tornado","Art of War","Replay:Bronze Core","Replay:Blank Codex","Replay:Mystery Machine","Letter Opener","hubris:TenFootPole","hubris:CrystalStatue","Peace Pipe","hubris:BottledHeart","ReplayTheSpireMod:TigerMarble","infinitespire:FocusingShard","Counterbalance"],"acts_visited":["Exordium","TheCity","TheBeyond","Exordium","theJungle:Jungle","TheBeyond","Exordium","TheCity"],"potions_floor_usage":[],"damage_taken":[{"damage":1.0,"enemies":"Cultist","floor":1.0,"turns":3.0},{"damage":0.0,"enemies":"2 Louse","floor":2.0,"turns":2.0},{"damage":0.0,"enemies":"Small Slimes","floor":5.0,"turns":2.0},{"damage":11.0,"enemies":"Lagavulin","floor":9.0,"turns":6.0},{"damage":1.0,"enemies":"3 Louse","floor":12.0,"turns":3.0},{"damage":7.0,"enemies":"Red Slaver","floor":14.0,"turns":5.0},{"damage":2.0,"enemies":"3 Sentries","floor":16.0,"turns":6.0},{"damage":7.0,"enemies":"Slime Boss","floor":18.0,"turns":10.0},{"damage":22.0,"enemies":"2 Thieves","floor":20.0,"turns":5.0},{"damage":12.0,"enemies":"Chosen","floor":22.0,"turns":5.0},{"damage":26.0,"enemies":"Shelled Parasite and Fungi","floor":23.0,"turns":5.0},{"damage":17.0,"enemies":"Centurion and Healer","floor":26.0,"turns":8.0},{"damage":9.0,"enemies":"Slavers","floor":27.0,"turns":5.0},{"damage":5.0,"enemies":"Snake Plant","floor":28.0,"turns":5.0},{"damage":0.0,"enemies":"Nightmare","floor":30.0,"turns":7.0},{"damage":4.0,"enemies":"Snake Plant","floor":31.0,"turns":3.0},{"damage":0.0,"enemies":"Book of Stabbing","floor":32.0,"turns":4.0},{"damage":0.0,"enemies":"Snecko","floor":33.0,"turns":4.0},{"damage":3.0,"enemies":"conspire:MysteriousRune","floor":35.0,"turns":10.0},{"damage":23.0,"enemies":"3 Darklings","floor":37.0,"turns":7.0},{"damage":25.0,"enemies":"3 Shapes","floor":38.0,"turns":4.0},{"damage":0.0,"enemies":"Maw","floor":40.0,"turns":8.0},{"damage":0.0,"enemies":"Spire Growth","floor":41.0,"turns":6.0},{"damage":1.0,"enemies":"R_Hoarder","floor":44.0,"turns":9.0},{"damage":73.0,"enemies":"Reptomancer","floor":46.0,"turns":8.0},{"damage":0.0,"enemies":"4 Shapes","floor":47.0,"turns":5.0},{"damage":8.0,"enemies":"conspire:MimicChest","floor":49.0,"turns":5.0},{"damage":6.0,"enemies":"3 Darklings","floor":50.0,"turns":5.0},{"damage":16.0,"enemies":"conspire:OrnateMirror","floor":52.0,"turns":19.0},{"damage":0.0,"enemies":"Small Slimes","floor":54.0,"turns":3.0},{"damage":13.0,"enemies":"3 Sentries","floor":60.0,"turns":5.0},{"damage":14.0,"enemies":"hubris:Merchant","floor":61.0,"turns":7.0},{"damage":13.0,"enemies":"Nightmare","floor":64.0,"turns":8.0},{"damage":0.0,"enemies":"Cultist","floor":66.0,"turns":3.0},{"damage":0.0,"enemies":"Replay:BlueRogue","floor":67.0,"turns":4.0},{"damage":3.0,"enemies":"Fading Forest","floor":69.0,"turns":9.0},{"damage":1.0,"enemies":"theJungle:5_Spyders","floor":71.0,"turns":3.0},{"damage":0.0,"enemies":"theJungle:Flameango_and_Byrd","floor":74.0,"turns":5.0},{"damage":0.0,"enemies":"theJungle:2_Snecko_Cultists","floor":83.0,"turns":3.0},{"damage":0.0,"enemies":"theJungle:QueenSpyder","floor":86.0,"turns":6.0},{"damage":0.0,"enemies":"Orb Walker","floor":88.0,"turns":3.0},{"damage":0.0,"enemies":"3 Shapes","floor":89.0,"turns":5.0},{"damage":0.0,"enemies":"Nightmare","floor":94.0,"turns":4.0},{"damage":2.0,"enemies":"Maw","floor":96.0,"turns":5.0},{"damage":0.0,"enemies":"Reptomancer","floor":97.0,"turns":4.0},{"damage":7.0,"enemies":"Maw","floor":98.0,"turns":6.0},{"damage":0.0,"enemies":"Sphere and 2 Shapes","floor":100.0,"turns":3.0},{"damage":10.0,"enemies":"infinitespire:Three Voidlings","floor":101.0,"turns":4.0},{"damage":0.0,"enemies":"Nightmare_Alpha","floor":101.0,"turns":10.0},{"damage":0.0,"enemies":"conspire:OrnateMirror","floor":103.0,"turns":7.0},{"damage":0.0,"enemies":"Cultist","floor":105.0,"turns":3.0},{"damage":0.0,"enemies":"Jaw Worm","floor":108.0,"turns":3.0},{"damage":0.0,"enemies":"The Mushroom Lair","floor":109.0,"turns":2.0},{"damage":0.0,"enemies":"3 Sentries","floor":111.0,"turns":4.0},{"damage":0.0,"enemies":"Small Slimes","floor":112.0,"turns":2.0},{"damage":0.0,"enemies":"Exordium Wildlife","floor":114.0,"turns":2.0},{"damage":0.0,"enemies":"3 Louse","floor":115.0,"turns":2.0},{"damage":0.0,"enemies":"Nightmare_Alpha","floor":116.0,"turns":6.0},{"damage":0.0,"enemies":"2 Fungi Beasts","floor":117.0,"turns":2.0},{"damage":0.0,"enemies":"Fading Forest","floor":120.0,"turns":6.0},{"damage":0.0,"enemies":"Spheric Guardian","floor":122.0,"turns":3.0},{"damage":0,"enemies":"Chosen","floor":126,"turns":4},{"damage":0,"enemies":"Nightmare","floor":127,"turns":5},{"damage":0,"enemies":"3 Cultists","floor":131,"turns":3},{"damage":0,"enemies":"Snake Plant","floor":134,"turns":2},{"damage":0,"enemies":"conspire:SneckoGhost","floor":135,"turns":3},{"damage":1,"enemies":"conspire:MysteriousRune","floor":137,"turns":6}],"seed_played":"-4205678948086891075","potions_obtained":[{"floor":5.0,"key":"hexamod:SoulburnPotion"},{"floor":12.0,"key":"sneckomod:MuddlingPotion"},{"floor":14.0,"key":"BlessingOfTheForge"},{"floor":16.0,"key":"AttackPotion"},{"floor":23.0,"key":"FocusPotion"},{"floor":27.0,"key":"LifebloodPotion"},{"floor":40.0,"key":"EntropicBrew"},{"floor":47.0,"key":"Toxic Potion"},{"floor":52.0,"key":"LifebloodPotion"},{"floor":54.0,"key":"infinitespire:BlackPotion"},{"floor":61.0,"key":"champ:CounterPotion"},{"floor":66.0,"key":"Toxic Potion"},{"floor":67.0,"key":"AttackPotion"},{"floor":85.0,"key":"CultistPotion"},{"floor":85.0,"key":"hexamod:SoulburnPotion"},{"floor":86.0,"key":"Elixir"},{"floor":101.0,"key":"champ:CounterPotion"},{"floor":111.0,"key":"PowerPotion"},{"floor":126,"key":"Venom Potion"},{"floor":135,"key":"champ:CounterPotion"}],"is_trial":false,"path_per_floor":["M","M","?","$","M","PTL","PTL","R","E","R","T","M","?","M","?","E","R","B",null,"M","?","M","M","?","R","M","E","MIM","?","NM","M","E","M","R","B",null,"M","M","?","M","M","R","?","E","T","E","M","R","?","M","R","B",null,"M","AVR","?","?","?","R","E","$","T","?","NM","$","M","E","R","B",null,"M","?","?","M","?","R","$","R","T","R","?","?","M","?","R","B",null,"M","M","?","?","?","R","NM","R","MIM","E","M","R","M","?","R","B",null,"M","?","?","M","?","R","E","M","T","M","M","NM","M","?","R","B",null,"M","?","?","?","M","NM","?","T","T","M","?","R","M","E","R","B"],"character_chosen":"DEFECT","items_purchased":["Crystallizer","DataDisk"],"campfire_rested":1,"item_purchase_floors":[4,61],"current_hp_per_floor":[74,74,74,74,74,74,74,74,63,63,63,62,62,55,55,53,53,46,75,53,53,41,27,27,49,44,47,42,42,42,38,38,38,38,47,75,52,39,39,49,59,59,59,75,75,24,46,46,48,52,52,58,75,75,75,75,75,68,68,65,61,61,43,50,50,50,70,70,75,75,74,64,64,75,75,75,75,75,75,75,75,75,75,75,75,75,75,75,75,66,66,66,75,75,75,75,75,75,75,75,75,75,75,75,75,75,57,75,75,75,75,75,75,75,75,75,75,75,75,75,75,75,61,45,45,63,80,80,80,80,80,1,1,1,1,1,0,0],"gold":2079,"neow_bonus":"TRANSFORM_CARD","is_daily":false,"chose_seed":false,"campfire_upgraded":5,"win_rate":0.0,"timestamp":1613350662,"path_taken":["M","M","?","?","M","PTL","PTL","R","E","R","T","M","?","M","?","E","R","BOSS","M","?","?","M","?","R","?","E","MIM","?","NM","M","E","?","R","BOSS","M","M","?","M","M","R","?","E","T","E","?","R","?","M","R","BOSS","M","AVR","?","?","?","R","E","?","T","?","NM","?","M","E","R","BOSS","M","?","?","M","?","R","?","R","T","R","?","?","M","?","R","BOSS","M","M","?","?","?","R","NM","R","MIM","E","M","R","M","?","R","BOSS","M","?","?","M","?","R","E","M","T","M","M","NM","M","?","R","BOSS","M","?","?","?","M","NM","?","?","T","M","?","R","M","E","R","BOSS"],"items_purchased_type":["Card","Relic"],"build_version":"2020-12-22","purchased_purges":2,"victory":false,"max_hp_per_floor":[75,75,75,75,75,75,75,75,75,75,75,75,75,75,75,75,75,75,75,75,75,75,75,75,75,75,75,75,75,75,75,75,75,75,75,75,75,75,75,75,75,75,75,75,75,75,75,75,75,75,75,75,75,75,75,75,75,75,75,75,75,75,75,75,75,75,75,75,75,75,75,75,75,75,75,75,75,75,75,75,75,75,75,75,75,75,75,75,75,75,75,75,75,75,75,75,75,75,75,75,75,75,75,75,75,75,75,75,75,75,75,75,75,75,75,75,75,75,75,75,75,75,80,80,80,80,80,80,80,80,80,1,1,1,1,1,1,1],"card_choices":[{"not_picked":["Rebound","Cold Snap"],"picked":"Barrage","floor":1.0},{"not_picked":["Stack","Conserve Battery"],"picked":"FIFO Queue","floor":2.0},{"not_picked":["Hello World","Compile Driver","Stack"],"picked":"SKIP","floor":5.0},{"not_picked":["Lockon","Hologram"],"picked":"Mirror Shield","floor":9.0},{"not_picked":["Redo","Darkness","ReplayGash"],"picked":"SKIP","floor":12.0},{"not_picked":["Turbo","Conserve Battery"],"picked":"Consume","floor":14.0},{"not_picked":["Melter","Genetic Algorithm"],"picked":"Heatsinks","floor":16.0},{"not_picked":["Electrodynamics","Rainbow"],"picked":"Echo Form","floor":18.0},{"not_picked":["Beam Cell","Hologram","FIFO Queue"],"picked":"SKIP","floor":20.0},{"not_picked":["Beam Cell+1","Gash","Sweeping Beam"],"picked":"SKIP","floor":22.0},{"not_picked":["Ball Lightning+1","BasicCrystalCard","Hologram"],"picked":"SKIP","floor":23.0},{"not_picked":["Barrage","Chill"],"picked":"ReplayTheSpireMod:Dual Polarity","floor":26.0},{"not_picked":["Beam Cell+1","Meteor Strike","Rebound+1"],"picked":"SKIP","floor":27.0},{"not_picked":["Gash+1","Leap"],"picked":"ReplayTheSpireMod:System Scan+1","floor":28.0},{"not_picked":["Gash","Conserve Battery","Sweeping Beam+1"],"picked":"SKIP","floor":30.0},{"not_picked":["Coolheaded","Scrape","Consume"],"picked":"SKIP","floor":31.0},{"not_picked":["Darkness","Ball Lightning","Fusion"],"picked":"SKIP","floor":32.0},{"not_picked":["Ball Lightning","Conserve Battery","Leap"],"picked":"SKIP","floor":33.0},{"not_picked":["Melter","Coolheaded","Compile Driver+1"],"picked":"SKIP","floor":37.0},{"not_picked":["Streamline+1","Capacitor+1"],"picked":"Self Repair+1","floor":38.0},{"not_picked":["Glacier","hubris:Ukulele+1","Darkness+1"],"picked":"SKIP","floor":40.0},{"not_picked":["Gash+1","Streamline+1","Turbo"],"picked":"SKIP","floor":41.0},{"not_picked":["Streamline","ReplayTheSpireMod:System Scan+1"],"picked":"Panic Button","floor":44.0},{"not_picked":["Conserve Battery+1","Turbo","Static Discharge+1"],"picked":"SKIP","floor":46.0},{"not_picked":["Compile Driver","Stack+1"],"picked":"Loop+1","floor":47.0},{"not_picked":["Go for the Eyes","Conserve Battery"],"picked":"White Noise","floor":49.0},{"not_picked":["Doom and Gloom","Go for the Eyes+1"],"picked":"Blizzard","floor":50.0},{"not_picked":["hubris:DoWhile","Hyperbeam"],"picked":"Machine Learning","floor":52.0},{"not_picked":["Static Discharge","Coolheaded","Skim"],"picked":"SKIP","floor":54.0},{"not_picked":["Anger","Steam","BasicCrystalCard"],"picked":"SKIP","floor":60.0},{"not_picked":[],"picked":"Amplify","floor":61.0},{"not_picked":[],"picked":"Inflame","floor":61.0},{"not_picked":[],"picked":"Deep Breath","floor":61.0},{"not_picked":["Heavy Blade"],"picked":"SKIP","floor":61.0},{"not_picked":["Headbutt"],"picked":"SKIP","floor":61.0},{"not_picked":["Stack"],"picked":"SKIP","floor":61.0},{"not_picked":["ReplayTheSpireMod:Necrogeddon"],"picked":"SKIP","floor":61.0},{"not_picked":["infinitespire:Oblivion","infinitespire:Collect"],"picked":"infinitespire:NeuralNetwork","floor":63.0},{"not_picked":["Headbutt","Flex","Ball Lightning"],"picked":"SKIP","floor":64.0},{"not_picked":["Whirlwind","Flex"],"picked":"Defragment","floor":66.0},{"not_picked":["Cold Snap","Beam Cell"],"picked":"ReplayTheSpireMod:GoodbyeWorld","floor":67.0},{"not_picked":["infinitespire:Menacing","ReplayTheSpireMod:Black Plague"],"picked":"Replay:Fractal Strike","floor":69.0},{"not_picked":["hubris:SpecializedCircuitry","Reboot"],"picked":"Creative AI","floor":69.0},{"not_picked":["Go for the Eyes","Redo"],"picked":"BasicCrystalCard+1","floor":71.0},{"not_picked":["Steam","Go for the Eyes","Genetic Algorithm"],"picked":"SKIP","floor":74.0},{"not_picked":["Gash","Scrape","Heatsinks"],"picked":"SKIP","floor":83.0},{"not_picked":["Lockon","Fusion+1"],"picked":"Panic Button+1","floor":88.0},{"not_picked":["Reinforced Body","Auto Shields+1","Rip and Tear+1"],"picked":"SKIP","floor":89.0},{"not_picked":["PanicButton","Enlightenment"],"picked":"Jack Of All Trades","floor":91.0},{"not_picked":["ReplayTheSpireMod:Echoes of Time","infinitespire:Fortify"],"picked":"hubris:Fate","floor":94.0},{"not_picked":["Stack+1","Coolheaded","Streamline"],"picked":"SKIP","floor":94.0},{"not_picked":["Compile Driver+1","Auto Shields+1"],"picked":"Rainbow","floor":97.0},{"not_picked":["Cold Snap+1","Redo","conspire:SharedLibrary"],"picked":"SKIP","floor":98.0},{"not_picked":["Rebound","FIFO Queue","Stack+1"],"picked":"SKIP","floor":100.0},{"not_picked":["ReplayTheSpireMod:Book of Names","infinitespire:FutureSight"],"picked":"infinitespire:UltimateForm","floor":101.0},{"not_picked":["Hyperbeam","Fission"],"picked":"ReplayRNGCard","floor":103.0},{"not_picked":["Ball Lightning","Conserve Battery","Coolheaded"],"picked":"SKIP","floor":105.0},{"not_picked":["Reinforced Body","Lockon","Gash"],"picked":"SKIP","floor":108.0},{"not_picked":["Rebound","Scrape","Go for the Eyes"],"picked":"SKIP","floor":111.0},{"not_picked":["Gash","Beam Cell","Scrape"],"picked":"SKIP","floor":112.0},{"not_picked":["Self Repair","Rip and Tear","Skim"],"picked":"SKIP","floor":114.0},{"not_picked":["Streamline","Panic Button","Heatsinks"],"picked":"SKIP","floor":115.0},{"not_picked":["Compile Driver","ReplayTheSpireMod:Dual Polarity"],"picked":"Storm","floor":116.0},{"not_picked":["Replay:Fractal Strike","infinitespire:SealOfDarkness+"],"picked":"infinitespire:Execution","floor":116.0},{"not_picked":["Meteor Strike","Rebound","Beam Cell"],"picked":"SKIP","floor":117.0},{"not_picked":["Amplify","Buffer"],"picked":"Fission","floor":120.0},{"not_picked":["Ball Lightning","BasicCrystalCard","Beam Cell+1"],"picked":"SKIP","floor":122.0},{"not_picked":["Redo","Darkness+1","Seeing Red"],"picked":"SKIP","floor":126},{"not_picked":["ReplaySort","Flex+1","Genetic Algorithm+1"],"picked":"SKIP","floor":127},{"not_picked":["Warcry","Flex"],"picked":"hubris:DoWhile","floor":131},{"not_picked":["Streamline+1","Headbutt+1","Stack"],"picked":"SKIP","floor":134},{"not_picked":["ReplayGash+1","Panic Button+1","Barrage"],"picked":"SKIP","floor":135}],"player_experience":487209,"relics_obtained":[{"floor":9.0,"key":"infinitespire:Freezer"},{"floor":11.0,"key":"PreservedInsect"},{"floor":16.0,"key":"Meat on the Bone"},{"floor":27.0,"key":"Replay:Wax Seal"},{"floor":28.0,"key":"hubris:MysteriousPyramids"},{"floor":30.0,"key":"Mercury Hourglass"},{"floor":32.0,"key":"Blue Candle"},{"floor":44.0,"key":"Centennial Puzzle"},{"floor":45.0,"key":"Boot"},{"floor":46.0,"key":"Golden Egg"},{"floor":49.0,"key":"conspire:TopHat"},{"floor":51.0,"key":"Anchor"},{"floor":59.0,"key":"hubris:ToyBattleship"},{"floor":60.0,"key":"hubris:MobiusCoin"},{"floor":61.0,"key":"StoneCalendar"},{"floor":61.0,"key":"Chemical X"},{"floor":64.0,"key":"Replay:PocketPolymizer"},{"floor":67.0,"key":"hubris:Zylophone"},{"floor":68.0,"key":"Replay:Bandana"},{"floor":75.0,"key":"Sundial"},{"floor":76.0,"key":"Toy Ornithopter"},{"floor":78.0,"key":"Juzu Bracelet"},{"floor":79.0,"key":"Chameleon Ring"},{"floor":80.0,"key":"conspire:Boomerang"},{"floor":93.0,"key":"Bag of Marbles"},{"floor":94.0,"key":"Bronze Scales"},{"floor":95.0,"key":"infinitespire:Lucky Rock"},{"floor":96.0,"key":"Bird Faced Urn"},{"floor":96.0,"key":"Spirit Poop"},{"floor":97.0,"key":"infinitespire:Broken Mirror"},{"floor":99.0,"key":"Oddly Smooth Stone"},{"floor":101.0,"key":"FossilizedHelix"},{"floor":102.0,"key":"Vajra"},{"floor":109.0,"key":"Odd Mushroom"},{"floor":110.0,"key":"Replay:Multitool"},{"floor":111.0,"key":"MawBank"},{"floor":111.0,"key":"Gremlin Food"},{"floor":113.0,"key":"Garlic"},{"floor":116.0,"key":"Bottled Tornado"},{"floor":116.0,"key":"Art of War"},{"floor":124.0,"key":"Replay:Blank Codex"},{"floor":127,"key":"Replay:Mystery Machine"},{"floor":127,"key":"Letter Opener"},{"floor":129,"key":"hubris:CrystalStatue"},{"floor":130,"key":"Peace Pipe"},{"floor":135,"key":"ReplayTheSpireMod:TigerMarble"},{"floor":135,"key":"infinitespire:FocusingShard"},{"floor":136,"key":"Counterbalance"}],"event_choices":[{"damage_healed":0.0,"max_hp_gain":0.0,"max_hp_loss":0.0,"gold_gain":0.0,"cards_transformed":["Defend_B"],"event_name":"Transmorgrifier","player_choice":"Transformed","floor":3.0,"gold_loss":0.0,"damage_taken":0.0,"cards_obtained":["Hello World"]},{"damage_healed":0.0,"max_hp_gain":0.0,"max_hp_loss":0.0,"gold_gain":0.0,"event_name":"The Woman in Blue","player_choice":"Bought 0 Potions","floor":15.0,"gold_loss":0.0,"damage_taken":0.0},{"damage_healed":0.0,"max_hp_gain":0.0,"max_hp_loss":0.0,"gold_gain":100.0,"event_name":"Golden Shrine","player_choice":"Pray","floor":21.0,"gold_loss":0.0,"damage_taken":0.0},{"damage_healed":0.0,"max_hp_gain":0.0,"max_hp_loss":0.0,"gold_gain":0.0,"event_name":"Duplicator","player_choice":"Copied","floor":24.0,"gold_loss":0.0,"damage_taken":0.0,"cards_obtained":["Mirror Shield"]},{"damage_healed":0.0,"max_hp_gain":0.0,"max_hp_loss":0.0,"gold_gain":0.0,"cards_transformed":["Hello World"],"event_name":"Transmorgrifier","player_choice":"Transformed","floor":29.0,"gold_loss":0.0,"damage_taken":0.0,"cards_obtained":["Leap"]},{"damage_healed":0.0,"max_hp_gain":0.0,"max_hp_loss":0.0,"gold_gain":0.0,"event_name":"Match and Keep!","player_choice":"0 cards matched","floor":43.0,"gold_loss":0.0,"damage_taken":0.0,"cards_obtained":[]},{"damage_healed":0.0,"max_hp_gain":0.0,"max_hp_loss":0.0,"gold_gain":0.0,"event_name":"conspire:Investor","player_choice":"Leave","floor":57.0,"gold_loss":0.0,"damage_taken":0.0},{"cards_removed":["Defend_B"],"damage_healed":0.0,"max_hp_gain":0.0,"max_hp_loss":0.0,"gold_gain":0.0,"event_name":"Golden Wing","player_choice":"Card Removal","floor":58.0,"gold_loss":0.0,"damage_taken":7.0},{"cards_removed":["Defragment"],"damage_healed":0.0,"max_hp_gain":0.0,"max_hp_loss":0.0,"gold_gain":0.0,"event_name":"WeMeetAgain","player_choice":"Gave Card","floor":84.0,"gold_loss":0.0,"damage_taken":0.0,"relics_obtained":["Eternal Feather"]},{"damage_healed":0.0,"max_hp_gain":0.0,"max_hp_loss":0.0,"gold_gain":0.0,"event_name":"Winding Halls","player_choice":"Embrace Madness","floor":90.0,"gold_loss":0.0,"damage_taken":9.0,"cards_obtained":["Madness","Madness"]},{"damage_healed":0.0,"max_hp_gain":0.0,"max_hp_loss":0.0,"gold_gain":0.0,"event_name":"SensoryStone","player_choice":"Memory 1","floor":91.0,"gold_loss":0.0,"damage_taken":0.0},{"damage_healed":0.0,"max_hp_gain":0.0,"max_hp_loss":0.0,"gold_gain":0.0,"event_name":"Match and Keep!","player_choice":"1 cards matched","floor":92.0,"gold_loss":0.0,"damage_taken":0.0,"cards_obtained":["ReplaySolidLightProjector"]},{"cards_removed":["Consume"],"damage_healed":0.0,"max_hp_gain":0.0,"max_hp_loss":0.0,"gold_gain":0.0,"event_name":"The Cleric","player_choice":"Card Removal","floor":106.0,"gold_loss":50.0,"damage_taken":0.0},{"damage_healed":0.0,"max_hp_gain":0.0,"max_hp_loss":0.0,"gold_gain":0.0,"event_name":"Golden Idol","player_choice":"Take Damage","floor":107.0,"gold_loss":0.0,"damage_taken":18.0,"relics_obtained":["Golden Idol"]},{"damage_healed":0.0,"max_hp_gain":0.0,"max_hp_loss":0.0,"gold_gain":0.0,"event_name":"Mushrooms","player_choice":"Fought Mushrooms","floor":109.0,"gold_loss":0.0,"damage_taken":0.0},{"damage_healed":0.0,"max_hp_gain":0.0,"max_hp_loss":0.0,"gold_gain":0.0,"event_name":"conspire:LoneGhost","player_choice":"Argue","floor":118.0,"gold_loss":0.0,"damage_taken":0.0},{"damage_healed":0.0,"max_hp_gain":5.0,"max_hp_loss":0.0,"gold_gain":0.0,"event_name":"Forgotten Altar","player_choice":"Shed Blood","floor":123.0,"gold_loss":0.0,"damage_taken":19.0},{"damage_healed":0.0,"max_hp_gain":0.0,"max_hp_loss":0.0,"gold_gain":0.0,"event_name":"Cursed Tome","player_choice":"Obtained Book","floor":124.0,"gold_loss":0.0,"damage_taken":16.0},{"damage_healed":0.0,"max_hp_gain":0.0,"max_hp_loss":0.0,"gold_gain":0.0,"event_name":"Vampires","player_choice":"Ignored","floor":125.0,"gold_loss":0.0,"damage_taken":0.0},{"damage_healed":0,"gold_gain":0,"player_choice":"Obtained Relic","damage_taken":0,"relics_obtained":["hubris:TenFootPole"],"max_hp_gain":0,"max_hp_loss":0,"event_name":"Addict","floor":128,"gold_loss":85}],"is_beta":false,"boss_relics":[{"not_picked":["Runic Dome","Replay:Fungal Core"],"picked":"conspire:SeveredTorchhead"},{"not_picked":["ReplayTheSpireMod:DimensionalGlitch","Nuclear Battery"],"picked":"conspire:RunicOctahedron"},{"not_picked":["Painkiller Herb","hubris:BlackHole"],"picked":"infinitespire:Cupcake"},{"not_picked":["bronze:MakeshiftBattery","hubris:BlackHole"],"picked":"Kintsugi"},{"not_picked":["Honey Jar","hubris:ScarierMask"],"picked":"conspire:SpecialSausage"},{"not_picked":["Fusion Hammer","Calling Bell"],"picked":"Black Star"},{"not_picked":["conspire:RoyalGoblet","Runic Pyramid"],"picked":"Replay:Bronze Core"}],"items_purged_floors":[55,61],"is_endless":true,"potions_floor_spawned":[5,12,14,16,23,26,27,31,35,37,40,47,50,52,54,66,67,71,74,86,97,98,100,101,103,111,112,114,116,117,126,135],"killed_by":"conspire:MysteriousRune","ascension_level":3}}