{"host":"nhhqxetgwwd7qseb","time":1613376837,"event":{"mods":["Act Like it!","BaseMod","Chen","Dota2Spire","Gensokyo","Hallownest","Hermit","Koishi","LagranYue(¿≠∏Ò¿ °§‘¬)","Marisa£®ÏF”Í°°ƒß¿Ì…≥£©","Minty Spire (QoL Compilation)","Quick Restart","Reimu£®≤©¿ˆ¡È√Œ£©","Remilia£®¿Ÿ√◊¿Ú—«£©","Replay The Spire","StSLib","The Alterego","The Bug Knight","The Senshi","The Servant 0.9.4","UnlockEverythingMod","WarShipGirlsR/’ΩΩ¢…Ÿ≈ÆR mod","Warlord Emblem","Yakumo Yukari mod","Youmu£®ªÍ∆«—˝√Œ£©","°æπ¶ƒ‹Mod°øªÏ„Á÷Æª∑–ﬁ∏¥≤π∂°"],"gold_per_floor":[111,128,142,102,102,137,137,157,180,200,219,251,268,283,283,283,283],"floor_reached":16,"language":"ZHS","playtime":1091,"items_purged":[],"score":116,"play_id":"f240a2fa-3655-4bff-be84-ece7f1a94612","local_time":"20210215161357","is_ascension_mode":false,"campfire_choices":[{"floor":7.0,"key":"REST"},{"data":"RealityMarble","floor":15,"key":"SMITH"}],"circlet_count":0,"master_deck":["Strike_S","Strike_S","Strike_S","Strike_S","Defend_S","Defend_S","Defend_S","KidneyShot","Exchange","Foresight","InstantArmor","Ricochet","ShatteredReality","Unruled","InstantArmor","ShatteredReality","MoonPhase","RealityMarble+1"],"relics":["Uniform","NeowsBlessing","PaintedHorse:ReiMu","ReplayFunnel","Dota2Spire:PhaseBoots"],"acts_visited":["Exordium"],"potions_floor_usage":[12,16],"damage_taken":[{"damage":0.0,"enemies":"Jaw Worm","floor":1.0,"turns":1.0},{"damage":0.0,"enemies":"Small Slimes","floor":2.0,"turns":1.0},{"damage":0.0,"enemies":"2 Louse","floor":3.0,"turns":1.0},{"damage":21.0,"enemies":"Gremlin Nob","floor":6.0,"turns":5.0},{"damage":2.0,"enemies":"2 Fungi Beasts","floor":8.0,"turns":3.0},{"damage":1.0,"enemies":"Looter","floor":10.0,"turns":3.0},{"damage":4.0,"enemies":"Exordium Wildlife","floor":11.0,"turns":3.0},{"damage":4,"enemies":"3 Sentries","floor":12,"turns":6},{"damage":1,"enemies":"Lots of Slimes","floor":13,"turns":4},{"damage":2,"enemies":"Gremlin Gang","floor":14,"turns":3},{"damage":49,"enemies":"Hexaghost","floor":16,"turns":15}],"seed_played":"1948118145591166515","potions_obtained":[{"floor":2.0,"key":"Explosive Potion"},{"floor":6.0,"key":"Elixir"},{"floor":8.0,"key":"Fruit Juice"},{"floor":14,"key":"Flashbang"}],"is_trial":false,"path_per_floor":["M","M","M","?","?","E","R","M","T","M","M","E","M","M","R","B"],"character_chosen":"THE_SERVANT","items_purchased":[],"campfire_rested":1,"item_purchase_floors":[],"current_hp_per_floor":[65,65,65,65,58,37,56,59,59,58,54,50,49,47,47,0,0],"gold":283,"neow_bonus":"THREE_ENEMY_KILL","is_daily":false,"chose_seed":false,"campfire_upgraded":1,"win_rate":0.0,"timestamp":1613376837,"path_taken":["M","M","M","?","?","E","R","M","T","M","M","E","M","M","R","BOSS"],"items_purchased_type":[],"build_version":"2020-12-22","purchased_purges":0,"victory":false,"max_hp_per_floor":[65,65,65,65,65,65,65,70,70,70,70,70,70,70,70,70,70],"card_choices":[{"not_picked":["FastForward","TimeWarp"],"picked":"Foresight","floor":1.0},{"not_picked":["Read","TimeWarp"],"picked":"InstantArmor","floor":2.0},{"not_picked":["Potential","Revamp"],"picked":"Ricochet","floor":3.0},{"not_picked":["PendulumOfEternity","Rearm"],"picked":"ShatteredReality","floor":6.0},{"not_picked":["BestPractice","Spin"],"picked":"Unruled","floor":8.0},{"not_picked":["ShatteredReality","Collapse"],"picked":"InstantArmor","floor":10.0},{"not_picked":["FastForward","DoubleEdge"],"picked":"ShatteredReality","floor":11.0},{"not_picked":["Starlight","ShiftingGears"],"picked":"MoonPhase","floor":12},{"not_picked":["Potential","Hightail","Starlight"],"picked":"SKIP","floor":13},{"not_picked":["Foresight","Rewind"],"picked":"RealityMarble","floor":14}],"player_experience":39154,"relics_obtained":[{"floor":6.0,"key":"ReplayFunnel"},{"floor":12,"key":"Dota2Spire:PhaseBoots"}],"event_choices":[{"damage_healed":0.0,"max_hp_gain":0.0,"max_hp_loss":0.0,"gold_gain":0.0,"event_name":"yidonshenshe","player_choice":"»˚«Æ","floor":4.0,"gold_loss":40.0,"damage_taken":0.0,"relics_obtained":["PaintedHorse:ReiMu"]},{"cards_removed":["Defend_S"],"damage_healed":0.0,"max_hp_gain":0.0,"max_hp_loss":0.0,"gold_gain":0.0,"event_name":"Golden Wing","player_choice":"Card Removal","floor":5.0,"gold_loss":0.0,"damage_taken":7.0}],"is_beta":false,"boss_relics":[],"items_purged_floors":[],"is_endless":false,"potions_floor_spawned":[1,2,6,8,14],"killed_by":"Hexaghost","ascension_level":0}}