{"host":"kvo7eymyd21g9abd","time":1613405909,"event":{"mods":["AchievementEnabler","BaseMod","Bestiary","Colored Map","Minty Spire (QoL Compilation)","StSLib"],"gold_per_floor":[114,94,113,113,113,149,149,100,100,100,144,144,183,196,196,326,326,347,347,362,49,49,49,49],"floor_reached":23,"language":"ENG","playtime":752,"items_purged":[],"score":236,"play_id":"79bfc8aa-8722-4097-9372-126d3aa31925","local_time":"20210215111829","is_ascension_mode":true,"campfire_choices":[{"floor":7.0,"key":"REST"},{"floor":10.0,"key":"RECALL"},{"floor":12.0,"key":"REST"},{"floor":15.0,"key":"REST"}],"circlet_count":0,"master_deck":["Strike_P+1","Strike_P+1","Strike_P","Strike_P","Defend_P","Defend_P","Defend_P","Defend_P","Eruption+1","Vigilance","PathToVictory","EmptyBody","Perseverance","DevaForm","Consecrate+1","LessonLearned"],"relics":["PureWater","Strawberry","Golden Idol","Juzu Bracelet","MealTicket","HornCleat","Whetstone","Sozu","Omamori","PreservedInsect"],"acts_visited":["Exordium","TheCity"],"potions_floor_usage":[20],"damage_taken":[{"damage":5.0,"enemies":"2 Louse","floor":1.0,"turns":3.0},{"damage":2.0,"enemies":"Cultist","floor":3.0,"turns":3.0},{"damage":32.0,"enemies":"Gremlin Nob","floor":6.0,"turns":3.0},{"damage":34.0,"enemies":"3 Sentries","floor":11.0,"turns":6.0},{"damage":10.0,"enemies":"Lagavulin","floor":13.0,"turns":6.0},{"damage":0.0,"enemies":"Small Slimes","floor":14.0,"turns":2.0},{"damage":29.0,"enemies":"Hexaghost","floor":16.0,"turns":12.0},{"damage":15,"enemies":"2 Thieves","floor":18,"turns":5},{"damage":42,"enemies":"3 Byrds","floor":20,"turns":7},{"damage":63,"enemies":"Slavers","floor":23,"turns":6}],"seed_played":"3118028966798816142","potions_obtained":[{"floor":1.0,"key":"Strength Potion"},{"floor":2.0,"key":"AttackPotion"},{"floor":16.0,"key":"Swift Potion"}],"is_trial":false,"path_per_floor":["M","?","M","?","?","E","R","$","T","R","E","R","E","M","R","B",null,"M","?","M","$","?","E"],"character_chosen":"WATCHER","items_purchased":["Fire Potion","PreservedInsect","LessonLearned"],"campfire_rested":3,"item_purchase_floors":[8,21,21],"current_hp_per_floor":[74,74,72,72,53,21,44,44,44,44,10,33,23,23,46,17,79,64,64,22,37,63,0,0],"gold":49,"neow_bonus":"RANDOM_COMMON_RELIC","is_daily":false,"chose_seed":false,"campfire_upgraded":0,"win_rate":0.0,"timestamp":1613405909,"path_taken":["M","?","?","?","?","E","R","$","T","R","E","R","E","M","R","BOSS","M","?","M","$","?","E"],"items_purchased_type":["Potion","Relic","Card"],"build_version":"2020-12-22","purchased_purges":0,"victory":false,"max_hp_per_floor":[79,79,79,79,79,79,79,79,79,79,79,79,79,79,79,79,79,79,79,79,79,79,79,79],"card_choices":[{"not_picked":["Vengeance","CrushJoints"],"picked":"PathToVictory","floor":1.0},{"not_picked":["BowlingBash","FollowUp","WaveOfTheHand"],"picked":"SKIP","floor":3.0},{"not_picked":["JustLucky","MentalFortress","Weave"],"picked":"SKIP","floor":6.0},{"not_picked":["Wallop","Halt"],"picked":"EmptyBody","floor":11.0},{"not_picked":["Vengeance","EmptyMind"],"picked":"Perseverance","floor":13.0},{"not_picked":["EmptyFist","SignatureMove","FlurryOfBlows"],"picked":"SKIP","floor":14.0},{"not_picked":["Omniscience","Blasphemy"],"picked":"DevaForm","floor":16.0},{"not_picked":["FlurryOfBlows","SashWhip","Collect"],"picked":"SKIP","floor":18},{"not_picked":["ThirdEye+1","Swivel"],"picked":"Consecrate+1","floor":20}],"player_experience":458227,"relics_obtained":[{"floor":6.0,"key":"Juzu Bracelet"},{"floor":9.0,"key":"MealTicket"},{"floor":11.0,"key":"HornCleat"},{"floor":13.0,"key":"Whetstone"}],"event_choices":[{"damage_healed":0.0,"max_hp_gain":0.0,"max_hp_loss":0.0,"gold_gain":0.0,"event_name":"The Woman in Blue","player_choice":"Bought 1 Potion","floor":2.0,"gold_loss":0.0,"damage_taken":0.0},{"damage_healed":0.0,"max_hp_gain":0.0,"max_hp_loss":0.0,"gold_gain":0.0,"event_name":"Living Wall","player_choice":"Grow","floor":4.0,"gold_loss":0.0,"damage_taken":0.0,"cards_upgraded":["Eruption"]},{"damage_healed":0.0,"max_hp_gain":0.0,"max_hp_loss":0.0,"gold_gain":0.0,"event_name":"Golden Idol","player_choice":"Take Damage","floor":5.0,"gold_loss":0.0,"damage_taken":19.0,"relics_obtained":["Golden Idol"]},{"damage_healed":0,"gold_gain":0,"player_choice":"Opened","damage_taken":0,"relics_obtained":["Omamori"],"max_hp_gain":0,"max_hp_loss":0,"event_name":"The Mausoleum","floor":19,"gold_loss":0},{"damage_healed":26,"gold_gain":0,"player_choice":"Heal","damage_taken":0,"max_hp_gain":0,"max_hp_loss":0,"event_name":"The Library","floor":22,"gold_loss":0}],"is_beta":false,"boss_relics":[{"not_picked":["Runic Dome","Empty Cage"],"picked":"Sozu"}],"items_purged_floors":[],"is_endless":false,"potions_floor_spawned":[1,16,18],"killed_by":"Slavers","ascension_level":3}}