{"host":"bf5upntvbdompq33","time":1613364505,"event":{"mods":["BaseMod","Bestiary","Colored Map","Colored Powertips","Curses Come First","Minty Spire (QoL Compilation)","StSLib","ojb\u0027s Info Mod"],"gold_per_floor":[119,133,133,308,327,327,392,32,81,36,71,71,87,113,113,187,187,199,199,219,236,256,284,284,304,304,304,404,422,123,156,156,156,156],"floor_reached":33,"language":"ENG","playtime":1558,"items_purged":["Doubt"],"score":587,"play_id":"44262821-8ab3-4946-a639-a3686b536c45","local_time":"20210214214825","is_ascension_mode":true,"campfire_choices":[{"data":"Bash","floor":6,"key":"SMITH"},{"data":"Immolate","floor":12,"key":"SMITH"},{"data":"Perfected Strike","floor":15,"key":"SMITH"},{"floor":27,"key":"REST"},{"data":"Perfected Strike","floor":32,"key":"SMITH"}],"circlet_count":0,"master_deck":["AscendersBane","Strike_R+1","Strike_R+1","Strike_R+1","Strike_R+1","Strike_R+1","Defend_R+1","Defend_R+1","Defend_R+1","Defend_R+1","Bash+1","Twin Strike","Wild Strike","Wild Strike","Immolate+1","Perfected Strike+1","Perfected Strike+1","Twin Strike","Double Tap","Pommel Strike","Fire Breathing","Armaments","Wild Strike","Ghostly Armor","Flame Barrier+1"],"relics":["Burning Blood","NeowsBlessing","StoneCalendar","Anchor","Happy Flower","MealTicket","Runic Dome","Boot","Shovel","WingedGreaves","Gremlin Horn","Sling","Vajra","Orichalcum"],"acts_visited":["Exordium","TheCity"],"potions_floor_usage":[14,23,23,31,33],"damage_taken":[{"damage":0,"enemies":"Cultist","floor":1,"turns":1},{"damage":0,"enemies":"Small Slimes","floor":2,"turns":1},{"damage":0,"enemies":"2 Louse","floor":5,"turns":1},{"damage":16,"enemies":"Gremlin Nob","floor":11,"turns":3},{"damage":8,"enemies":"Blue Slaver","floor":13,"turns":3},{"damage":0,"enemies":"3 Sentries","floor":14,"turns":4},{"damage":49,"enemies":"Hexaghost","floor":16,"turns":7},{"damage":12,"enemies":"2 Thieves","floor":18,"turns":2},{"damage":3,"enemies":"3 Byrds","floor":20,"turns":3},{"damage":34,"enemies":"Centurion and Healer","floor":21,"turns":4},{"damage":0,"enemies":"Snake Plant","floor":22,"turns":2},{"damage":20,"enemies":"Book of Stabbing","floor":23,"turns":3},{"damage":0,"enemies":"Snecko","floor":25,"turns":3},{"damage":0,"enemies":"Colosseum Slavers","floor":28,"turns":1},{"damage":27,"enemies":"Colosseum Nobs","floor":28,"turns":4},{"damage":0,"enemies":"Shelled Parasite and Fungi","floor":29,"turns":4},{"damage":0,"enemies":"Slavers","floor":31,"turns":1},{"damage":86,"enemies":"Collector","floor":33,"turns":5}],"seed_played":"-1616096146720079614","potions_obtained":[{"floor":1,"key":"Fire Potion"},{"floor":11,"key":"PowerPotion"},{"floor":14,"key":"LiquidBronze"},{"floor":23,"key":"Weak Potion"},{"floor":29,"key":"DuplicationPotion"}],"is_trial":false,"path_per_floor":["M","M","?","?","M","R","?","$","T","$","E","R","M","E","R","B",null,"M","?","M","M","M","E","?","M","T","R","?","M","$","E","R","B"],"character_chosen":"IRONCLAD","items_purchased":["Anchor","Immolate","Perfected Strike","Sling","Vajra"],"campfire_rested":1,"item_purchase_floors":[8,8,10,30,30],"current_hp_per_floor":[74,75,68,68,74,74,74,74,74,74,64,64,62,68,68,25,63,57,57,60,32,38,24,24,30,30,52,37,43,58,64,64,0,0],"gold":156,"neow_bonus":"THREE_ENEMY_KILL","is_daily":false,"chose_seed":false,"campfire_upgraded":4,"win_rate":0.0,"timestamp":1613364505,"path_taken":["M","?","?","?","M","R","?","?","T","$","E","R","M","E","R","BOSS","M","?","M","M","M","E","?","M","T","R","?","M","$","E","R","BOSS"],"items_purchased_type":["Relic","Card","Card","Relic","Relic"],"build_version":"2020-12-22","purchased_purges":1,"victory":false,"max_hp_per_floor":[75,75,75,75,75,75,75,75,75,75,75,75,75,75,75,75,75,75,75,75,75,75,75,75,75,75,75,75,75,75,75,75,75,75],"card_choices":[{"not_picked":["Intimidate","Infernal Blade"],"picked":"Twin Strike","floor":1},{"not_picked":["Blood for Blood","Reckless Charge"],"picked":"Wild Strike","floor":2},{"not_picked":["Uppercut","Heavy Blade"],"picked":"Wild Strike","floor":5},{"not_picked":["Twin Strike","Flex"],"picked":"Perfected Strike","floor":11},{"not_picked":["Hemokinesis","Headbutt","Sentinel"],"picked":"SKIP","floor":13},{"not_picked":["Flex","Fiend Fire"],"picked":"Twin Strike","floor":14},{"not_picked":["Brutality","Immolate"],"picked":"Double Tap","floor":16},{"not_picked":["Havoc","Anger"],"picked":"Pommel Strike","floor":18},{"not_picked":["Cleave","Bludgeon"],"picked":"Armaments","floor":20},{"not_picked":["Pummel","Warcry","Rage"],"picked":"SKIP","floor":21},{"not_picked":["Armaments","Heavy Blade"],"picked":"Wild Strike","floor":22},{"not_picked":["Armaments+1","Clothesline"],"picked":"Ghostly Armor","floor":23},{"not_picked":["Rupture","Bloodletting"],"picked":"Flame Barrier+1","floor":25},{"not_picked":["Infernal Blade","Sword Boomerang","Reckless Charge"],"picked":"SKIP","floor":29},{"not_picked":["Warcry","Rampage","Body Slam"],"picked":"SKIP","floor":31}],"player_experience":1591115,"relics_obtained":[{"floor":11,"key":"Happy Flower"},{"floor":14,"key":"MealTicket"},{"floor":23,"key":"Boot"},{"floor":26,"key":"Shovel"},{"floor":28,"key":"WingedGreaves"},{"floor":28,"key":"Gremlin Horn"},{"floor":31,"key":"Orichalcum"}],"event_choices":[{"damage_healed":0,"gold_gain":0,"player_choice":"Success","damage_taken":7,"relics_obtained":["StoneCalendar"],"max_hp_gain":0,"max_hp_loss":0,"event_name":"Scrap Ooze","floor":3,"gold_loss":0},{"damage_healed":0,"gold_gain":175,"player_choice":"AGREE","damage_taken":0,"max_hp_gain":0,"max_hp_loss":0,"event_name":"Liars Game","floor":4,"gold_loss":0,"cards_obtained":["Doubt"]},{"damage_healed":0,"gold_gain":65,"player_choice":"Gained Gold","damage_taken":0,"max_hp_gain":0,"max_hp_loss":0,"event_name":"Golden Wing","floor":7,"gold_loss":0},{"damage_healed":0,"gold_gain":0,"player_choice":"Read","damage_taken":0,"max_hp_gain":0,"max_hp_loss":0,"event_name":"The Library","floor":19,"gold_loss":0,"cards_obtained":["Fire Breathing"]},{"damage_healed":0,"gold_gain":0,"player_choice":"Simplicity","damage_taken":0,"max_hp_gain":0,"max_hp_loss":0,"event_name":"Back to Basics","floor":24,"gold_loss":0,"cards_upgraded":["Strike_R","Strike_R","Strike_R","Strike_R","Strike_R","Defend_R","Defend_R","Defend_R","Defend_R"]},{"damage_healed":0,"gold_gain":0,"player_choice":"Fight","damage_taken":0,"max_hp_gain":0,"max_hp_loss":0,"event_name":"Colosseum","floor":28,"gold_loss":0},{"damage_healed":0,"gold_gain":0,"player_choice":"Fought Nobs","damage_taken":0,"max_hp_gain":0,"max_hp_loss":0,"event_name":"Colosseum","floor":28,"gold_loss":0}],"is_beta":false,"boss_relics":[{"not_picked":["SacredBark","Busted Crown"],"picked":"Runic Dome"}],"items_purged_floors":[8],"is_endless":false,"potions_floor_spawned":[1,11,14,16,18,23,28,29],"killed_by":"Collector","ascension_level":14}}