{"host":"i3w38rq1z4slkels","time":1613364014,"event":{"mods":["2.2 Compatiblity","Act Like it!","BaseMod","Better Match","Better Vampires","BetterRewards","Conspire","Downfall","Hallownest","Minty Spire (QoL Compilation)","Rare Cards Sparkle","Replay The Spire","StSLib","The Bug Knight"],"gold_per_floor":[0,10,22,22,36,69,69,69,85,85,85,95,95,195,213,313,313,213,231,246,257,267,267,267,267],"floor_reached":23,"language":"ENG","playtime":1455,"items_purged":[],"score":215,"play_id":"310dc532-8bf0-4d56-b5f1-bf67f133c796","local_time":"20210215114014","is_ascension_mode":true,"campfire_choices":[{"floor":1,"key":"RECALL"},{"data":"bronze:Iterate","floor":8,"key":"SMITH"},{"data":"bronze:Library","floor":11,"key":"SMITH"},{"floor":13,"key":"REST"},{"data":"bronze:Boost","floor":18,"key":"SMITH"}],"circlet_count":0,"master_deck":["bronze:Strike","bronze:Strike","bronze:Strike","bronze:Strike","bronze:Defend","bronze:Defend","bronze:Defend","bronze:Defend","bronze:Boost+1","bronze:ClassDefault","bronze:Iterate+1","bronze:Library+1","m_BronzeAgony","m_BronzeSurvivor","bronze:FunctionCard","bronze:ThunderWave","bronze:Separator"],"relics":["bronze:BronzeCore","Peace Pipe","Torii","Sozu","downfall:HeartBlessingRed"],"acts_visited":["Exordium","TheCity"],"potions_floor_usage":[6,16],"damage_taken":[{"damage":1,"enemies":"Cultist","floor":2,"turns":4},{"damage":12,"enemies":"Small Slimes","floor":3,"turns":3},{"damage":3,"enemies":"2 Louse","floor":5,"turns":3},{"damage":12,"enemies":"3 Sentries","floor":6,"turns":10},{"damage":10,"enemies":"Gremlin Gang","floor":9,"turns":6},{"damage":21,"enemies":"Exordium Thugs","floor":12,"turns":6},{"damage":0,"enemies":"Large Slime","floor":15,"turns":7},{"damage":36,"enemies":"DF_ARCHETYPE_STREAMLINE","floor":16,"turns":11},{"damage":23,"enemies":"downfall:LooterAlt2","floor":19,"turns":4},{"damage":0,"enemies":"Chosen","floor":20,"turns":4},{"damage":18,"enemies":"Snecko","floor":21,"turns":4},{"damage":25,"enemies":"Sentry and Sphere","floor":22,"turns":5},{"damage":9,"enemies":"Book of Stabbing","floor":23,"turns":5}],"seed_played":"-3767654864303042301","potions_obtained":[{"floor":2,"key":"LiquidMemories"},{"floor":6,"key":"BlessingOfTheForge"},{"floor":9,"key":"bronze:FreeFunctionsPotion"},{"floor":16,"key":"Reflective Coating"}],"is_trial":false,"path_per_floor":["R","M","M","?","M","E","T","R","M","?","R","M","R","?","M","B",null,"R","M","M","M","M","E"],"character_chosen":"THE_AUTOMATON","items_purchased":[],"campfire_rested":1,"item_purchase_floors":[],"current_hp_per_floor":[70,69,57,62,59,47,47,47,37,37,37,16,38,38,38,2,75,75,52,52,34,9,0,0,0],"gold":267,"neow_bonus":"THREE_RARE_CARDS","is_daily":false,"chose_seed":false,"campfire_upgraded":3,"win_rate":0.0,"timestamp":1613364014,"path_taken":["R","M","?","?","M","E","T","R","M","?","R","M","R","?","M","BOSS","R","M","M","M","M","E"],"items_purchased_type":[],"build_version":"2020-12-22","purchased_purges":0,"victory":false,"max_hp_per_floor":[70,70,70,75,75,75,75,75,75,75,75,75,75,75,75,75,75,75,75,75,75,75,75,75,75],"card_choices":[{"not_picked":["bronze:Assembly","bronze:ThunderWave"],"picked":"bronze:Hardcode","floor":0},{"not_picked":["bronze:WildBeam","bronze:Deprecate"],"picked":"bronze:Boost","floor":2},{"not_picked":["bronze:Terminator","bronze:DelayedSlice"],"picked":"bronze:Constructor","floor":3},{"not_picked":["bronze:FineTuning","bronze:CutThrough"],"picked":"bronze:ClassDefault","floor":5},{"not_picked":["bronze:Shell","bronze:FollowUp"],"picked":"bronze:Iterate","floor":6},{"not_picked":["bronze:DelayedSlice","bronze:BitShift"],"picked":"bronze:Library","floor":9},{"not_picked":["bronze:Invalidate","bronze:Frontload","bronze:Boost"],"picked":"SKIP","floor":12},{"not_picked":["bronze:Invalidate","bronze:Shell","bronze:BugBarrage"],"picked":"SKIP","floor":15},{"not_picked":["bronze:FindAndReplace","bronze:CleanCode"],"picked":"bronze:ThunderWave","floor":16},{"not_picked":["bronze:Iterate","bronze:CutThrough"],"picked":"bronze:Separator","floor":19},{"not_picked":["bronze:FineTuning","bronze:Overload","bronze:Branch"],"picked":"SKIP","floor":20},{"not_picked":["bronze:Deprecate","bronze:Iterate","bronze:ChosenStrike+1"],"picked":"SKIP","floor":21},{"not_picked":["bronze:Deprecate","bronze:GetLatest","bronze:FollowUp+1"],"picked":"SKIP","floor":22}],"player_experience":501125,"relics_obtained":[{"floor":6,"key":"Peace Pipe"},{"floor":7,"key":"Torii"}],"event_choices":[{"damage_healed":0,"gold_gain":0,"player_choice":"Donut","damage_taken":0,"max_hp_gain":5,"max_hp_loss":0,"event_name":"Big Fish","floor":4,"gold_loss":0},{"damage_healed":0,"gold_gain":100,"player_choice":"Gold","damage_taken":0,"max_hp_gain":0,"max_hp_loss":0,"event_name":"Wheel of Change","floor":14,"gold_loss":0}],"is_beta":false,"boss_relics":[{"not_picked":["Snecko Eye","ChewingGum"],"picked":"Sozu"}],"items_purged_floors":[],"is_endless":false,"potions_floor_spawned":[2,6,9,16,21,22],"killed_by":"Book of Stabbing","ascension_level":2}}