{"host":"64qzurqwi0x0qgxo","time":1613393425,"event":{"mods":["Act Like it!","BaseMod","Colored Map","Colored Powertips","Downfall","Googly Eyes","Keyboard Shortcuts","Minty Spire (QoL Compilation)","MostiFishMod","Rare Cards Sparkle","Relic Stats","Replay The Spire","StSLib","The Poker Player","noobMod"],"gold_per_floor":[99,99,99,99,99,99,99,131,131,131,148,178,196,229,245,347,347,47,66,85,96,96,96,96,40,59,92,92,92,92,123,113,213,230,332,332,332,350,350,370,65,65,65,95,112,18,30,56,254,265,282,282,282,310,63,63,13,-87],"floor_reached":59,"language":"ZHS","playtime":2403,"items_purged":["Guardian:Defend_Guardian","Delirium","Guardian:CurlUp"],"score":1578,"play_id":"7d2f75b7-b0cc-47a0-9bec-435e85693252","local_time":"20210215205025","is_ascension_mode":false,"campfire_choices":[{"floor":1,"key":"RECALL"},{"data":"Eruption","floor":9,"key":"SMITH"},{"data":"Guardian:FastForward","floor":18,"key":"SMITH"},{"data":"Guardian:TemporalShield","floor":23,"key":"SMITH"}],"circlet_count":0,"master_deck":["Guardian:Strike_Guardian","Guardian:Strike_Guardian","Guardian:Strike_Guardian","Guardian:Strike_Guardian","Guardian:TwinSlam","Guardian:GuardianWhirl","Guardian:Planning","Guardian:WalkerClaw","Guardian:StasisStrike","Eruption+1","Guardian:WalkerClaw","Guardian:PolyBeam","Guardian:RevengeProtocol","Guardian:WalkerClaw","Guardian:FastForward+1","Guardian:WalkerClaw","Guardian:SentryBeam+1","Guardian:TemporalShield+1","Guardian:BodySlam","Guardian:Reroute","Guardian:Reroute","Guardian:Recover","Guardian:Recover","Guardian:WalkerClaw+1","Guardian:TimeSifter","Guardian:EvasiveProtocol","J.A.X.","Guardian:CrystalBeam+1","Guardian:FastForward","Guardian:Gem_Fragmented","Guardian:Gem_Lightblue","Guardian:CrystalBeam","expansioncontent:PolyBeam","expansioncontent:PrepareCrush","expansioncontent:HyperBeam","Guardian:Reroute+1","Guardian:ChargeCore","Guardian:TimeSifter","ReplayTheSpireMod:Restless Dread","Guardian:Incinerate+1","Guardian:Gem_Yellow","Guardian:Gem_Yellow","Guardian:WalkerClaw","Guardian:Gem_Fragmented","Guardian:RollAttack+1","Guardian:ChargeCore+1","MostiFishMod:StoryBook+1","Guardian:Gem_Cyan","Guardian:Gem_Red"],"relics":["Guardian:ModeShifter","DaveBox","ice","downfall:HeartsMalice","downfall:ShatteredFragment","Regal Pillow","Jackal-EndForJourney","Replay:Baseball","Replay:Mystery Machine","RhineSuit","downfall:HeartBlessingRed","downfall:HeartBlessingGreen","downfall:HeartBlessingBlue","Blue Doll","InkBottle","Darkstone Periapt","Guardian:PickAxe","MutagenicStrength","Replay:Grab Bag","ChewingGum","Cursed Key","FeatherPendant","Blue Candle","Replay:Bottled Flurry","Bottled Flame","Replay:Bottled Snecko","CombinedTypeHook"],"acts_visited":["Exordium","TheCity","TheBeyond","TheEnding"],"potions_floor_usage":[],"damage_taken":[{"damage":0,"enemies":"Small Slimes","floor":2,"turns":1},{"damage":0,"enemies":"Cultist","floor":4,"turns":1},{"damage":0,"enemies":"2 Louse","floor":6,"turns":1},{"damage":31,"enemies":"Replay:BlueRogue","floor":8,"turns":7},{"damage":7,"enemies":"Blue Slaver","floor":11,"turns":3},{"damage":0,"enemies":"Gremlin Nob","floor":12,"turns":2},{"damage":17,"enemies":"Gremlin Gang","floor":13,"turns":2},{"damage":27,"enemies":"3 Sentries","floor":14,"turns":3},{"damage":9,"enemies":"2 Fungi Beasts","floor":15,"turns":2},{"damage":18,"enemies":"IC_STATUS_ARCHETYPE","floor":16,"turns":3},{"damage":10,"enemies":"Shell Parasite","floor":19,"turns":2},{"damage":15,"enemies":"3 Byrds","floor":20,"turns":3},{"damage":12,"enemies":"Centurion and Healer","floor":21,"turns":2},{"damage":10,"enemies":"downfall:FleeingMerchant","floor":25,"turns":4},{"damage":0,"enemies":"Shelled Parasite and Fungi","floor":26,"turns":3},{"damage":47,"enemies":"Gremlin Leader","floor":27,"turns":3},{"damage":0,"enemies":"Replay:Snechameleon","floor":31,"turns":2},{"damage":0,"enemies":"downfall:FleeingMerchant","floor":32,"turns":1},{"damage":21,"enemies":"downfall:Augmenter","floor":33,"turns":2},{"damage":0,"enemies":"Snake Plant","floor":34,"turns":1},{"damage":36,"enemies":"SI_MIRROR_ARCHETYPE","floor":35,"turns":2},{"damage":0,"enemies":"3 Darklings","floor":38,"turns":1},{"damage":6,"enemies":"3 Shapes","floor":40,"turns":1},{"damage":0,"enemies":"R_Hoarder","floor":44,"turns":1},{"damage":0,"enemies":"Sphere and 2 Shapes","floor":45,"turns":1},{"damage":12,"enemies":"4 Shapes","floor":47,"turns":1},{"damage":0,"enemies":"Nemesis","floor":48,"turns":1},{"damage":0,"enemies":"Writhing Mass","floor":50,"turns":1},{"damage":6,"enemies":"Transient","floor":51,"turns":4},{"damage":8,"enemies":"DF_ARCHETYPE_ORBS","floor":52,"turns":2},{"damage":9,"enemies":"downfall:CharBossMerchant","floor":54,"turns":2},{"damage":12,"enemies":"downfall:NeowBoss","floor":57,"turns":3},{"damage":275,"enemies":"downfall:NeowBossFinal","floor":58,"turns":7}],"seed_played":"3888949430577917981","potions_obtained":[{"floor":8,"key":"LiquidMemories"},{"floor":11,"key":"Fire Potion"},{"floor":13,"key":"Reflective Coating"}],"is_trial":false,"path_per_floor":["R","M","?","M","?","M","T","E","R","?","M","E","M","E","M","B",null,"R","M","M","M","?","R","T","$","M","E","PTL","PTL","?","E","$","?","M","B",null,"R","M","?","M","?","?","T","E","M","$","M","E","?","M","M","B",null,"E","$","R","B","B",null],"character_chosen":"GUARDIAN","items_purchased":["Guardian:Reroute","Guardian:Recover","Guardian:Gem_White","Guardian:WalkerClaw+1","Guardian:TimeSifter","Guardian:ChargeCore","Guardian:TimeSifter","Guardian:Gem_Yellow","Guardian:WalkerClaw","MostiFishMod:StoryBook+1"],"campfire_rested":0,"item_purchase_floors":[25,25,32,32,32,41,41,46,46,55],"current_hp_per_floor":[80,80,80,80,56,56,56,25,25,25,80,80,63,36,27,9,89,99,89,74,62,62,62,62,52,52,124,124,124,124,124,124,103,103,67,129,129,129,119,113,113,108,114,114,114,114,102,102,102,102,96,88,143,134,134,134,122,104],"gold":-87,"neow_bonus":"THREE_ENEMY_KILL","is_daily":false,"chose_seed":false,"campfire_upgraded":3,"win_rate":0.0,"timestamp":1613393425,"path_taken":["R","M","?","?","?","M","T","E","R","?","M","E","?","E","M","BOSS","R","M","M","M","?","R","T","$","M","E","PTL","PTL","?","E","$","?","M","BOSS","R","M","?","M","?","?","T","E","M","$","M","E","?","M","M","BOSS","E","$","R","BOSS","BOSS"],"items_purchased_type":["Card","Card","Card","Card","Card","Card","Card","Card","Card","Card"],"build_version":"2020-12-22","purchased_purges":3,"victory":true,"max_hp_per_floor":[80,80,80,80,80,80,80,80,80,80,80,80,83,85,86,89,89,99,100,110,111,111,111,111,116,118,124,124,124,124,127,127,128,128,129,129,129,129,129,129,129,129,135,135,135,135,139,139,139,139,142,143,143,144,144,144,144,167],"relic_stats":{"Darkstone Periapt":6,"Regal Pillow":0,"counters":[33,72],"Blue Candle":[8],"Cursed Key":1,"obtain_stats":[{"Darkstone Periapt":27,"CombinedTypeHook":54,"Regal Pillow":8,"DaveBox":0,"RhineSuit":17,"downfall:HeartBlessingGreen":18,"Blue Doll":22,"ice":0,"Replay:Mystery Machine":14,"Cursed Key":36,"Guardian:PickAxe":31,"downfall:HeartBlessingBlue":18,"Replay:Bottled Flurry":43,"Replay:Bottled Snecko":48,"Jackal-EndForJourney":8,"InkBottle":24,"downfall:ShatteredFragment":5,"downfall:HeartBlessingRed":18,"Replay:Grab Bag":36,"Blue Candle":42,"Guardian:ModeShifter":0,"downfall:HeartsMalice":0,"Replay:Baseball":12,"Bottled Flame":44,"FeatherPendant":36,"MutagenicStrength":33,"ChewingGum":36},{"Darkstone Periapt":16,"CombinedTypeHook":31,"Regal Pillow":4,"DaveBox":0,"RhineSuit":10,"downfall:HeartBlessingGreen":10,"Blue Doll":13,"ice":0,"Replay:Mystery Machine":8,"Cursed Key":21,"Guardian:PickAxe":17,"downfall:HeartBlessingBlue":10,"Replay:Bottled Flurry":23,"Replay:Bottled Snecko":27,"Jackal-EndForJourney":4,"InkBottle":13,"downfall:ShatteredFragment":2,"downfall:HeartBlessingRed":10,"Replay:Grab Bag":21,"Blue Candle":23,"Guardian:ModeShifter":0,"downfall:HeartsMalice":0,"Replay:Baseball":6,"Bottled Flame":24,"FeatherPendant":21,"MutagenicStrength":19,"ChewingGum":21},{"Darkstone Periapt":39,"CombinedTypeHook":62,"Regal Pillow":7,"DaveBox":0,"RhineSuit":22,"downfall:HeartBlessingGreen":22,"Blue Doll":29,"ice":0,"Replay:Mystery Machine":17,"Cursed Key":47,"Guardian:PickAxe":41,"downfall:HeartBlessingBlue":22,"Replay:Bottled Flurry":49,"Replay:Bottled Snecko":53,"Jackal-EndForJourney":7,"InkBottle":29,"downfall:ShatteredFragment":0,"downfall:HeartBlessingRed":22,"Replay:Grab Bag":47,"Blue Candle":49,"Guardian:ModeShifter":0,"downfall:HeartsMalice":0,"Replay:Baseball":12,"Bottled Flame":50,"FeatherPendant":47,"MutagenicStrength":44,"ChewingGum":47}],"InkBottle":[36]},"card_choices":[{"not_picked":["Guardian:VentSteam","Guardian:Gem_Cyan"],"picked":"Guardian:GuardianWhirl","floor":2},{"not_picked":["Guardian:WalkerClaw","Guardian:RollAttack"],"picked":"Guardian:Planning","floor":4},{"not_picked":["Guardian:Gem_Red","Guardian:PiercingHide"],"picked":"Guardian:WalkerClaw","floor":6},{"not_picked":["Guardian:ShieldCharger","Guardian:MultiBeam"],"picked":"Guardian:StasisStrike","floor":8},{"not_picked":["Guardian:Gem_Green","Guardian:Suspension"],"picked":"Guardian:WalkerClaw","floor":11},{"not_picked":["Guardian:TimeCapacitor","Guardian:ShieldSpikes"],"picked":"Guardian:Gem_Fragmented","floor":12},{"not_picked":["Guardian:Gem_Cyan","Guardian:PrismaticBeam"],"picked":"Guardian:PolyBeam","floor":13},{"not_picked":["Guardian:Preprogram","Guardian:Gem_Blue"],"picked":"Guardian:RevengeProtocol","floor":14},{"not_picked":["Guardian:PrimingBeam","Guardian:MultiBeam"],"picked":"Guardian:WalkerClaw","floor":15},{"not_picked":["Guardian:Gem_Synthetic","Guardian:BaubleBeam"],"picked":"Guardian:FastForward","floor":16},{"not_picked":["Guardian:ShieldSpikes","Guardian:Recover"],"picked":"Guardian:WalkerClaw","floor":19},{"not_picked":["Guardian:RefractedBeam","Guardian:Orbwalk+1"],"picked":"Guardian:SentryBeam+1","floor":20},{"not_picked":["Guardian:VentSteam+1","Guardian:GuardianWhirl"],"picked":"Guardian:TemporalShield","floor":21},{"not_picked":["Guardian:MultiBeam","Guardian:Gem_Cyan"],"picked":"Guardian:BodySlam","floor":25},{"not_picked":["Guardian:RollAttack","Guardian:RefractedBeam"],"picked":"Guardian:Recover","floor":26},{"not_picked":["Guardian:Gem_Cyan","Guardian:Gem_Lightblue"],"picked":"Guardian:Gem_Yellow","floor":27},{"not_picked":["Guardian:HyperBeam_Guardian","Guardian:TemporalStrike"],"picked":"Guardian:Gem_Blue","floor":31},{"not_picked":["Guardian:PiercingHide","Guardian:RollAttack"],"picked":"Guardian:Gem_Yellow","floor":32},{"not_picked":[],"picked":"J.A.X.","floor":33},{"not_picked":["Guardian:WalkerClaw","Guardian:FloatingOrbs+1"],"picked":"Guardian:CrystalBeam+1","floor":33},{"not_picked":["Guardian:VentSteam","Guardian:TemporalStrike"],"picked":"Guardian:Gem_Blue","floor":34},{"not_picked":["Guardian:RevengeProtocol","Guardian:Gem_Orange"],"picked":"Guardian:FastForward","floor":35},{"not_picked":["Guardian:SpikerProtocol","Guardian:Clone+1"],"picked":"Guardian:CrystalBeam","floor":38},{"not_picked":["expansioncontent:Hexaburn","Replay:SS_forest_2"],"picked":"expansioncontent:PolyBeam","floor":39},{"not_picked":["expansioncontent:Chronoboost","Replay:SS_hec_1"],"picked":"expansioncontent:PrepareCrush","floor":39},{"not_picked":["expansioncontent:InvincibleStrength","expansioncontent:AwakenDeath"],"picked":"expansioncontent:HyperBeam","floor":39},{"not_picked":["Guardian:RollAttack","Guardian:PrismaticBarrier"],"picked":"Guardian:Reroute+1","floor":40},{"not_picked":["Guardian:RefractedBeam+1","Guardian:SentryBeam"],"picked":"Guardian:Gem_Red","floor":44},{"not_picked":["Guardian:PiercingHide","Guardian:ShieldCharger"],"picked":"Guardian:Incinerate+1","floor":45},{"not_picked":["Guardian:SentryBeam","Guardian:Preprogram","Guardian:Repulse"],"picked":"SKIP","floor":47},{"not_picked":["Guardian:Reroute","Guardian:BaubleBeam"],"picked":"Guardian:Gem_Fragmented","floor":48},{"not_picked":["Guardian:CrystalBeam","Guardian:Recover+1"],"picked":"Guardian:RollAttack+1","floor":49},{"not_picked":["Guardian:SpikerProtocol+1","Guardian:Gem_Cyan","Guardian:Suspension"],"picked":"SKIP","floor":50},{"not_picked":["Guardian:PiercingHide+1","Guardian:CrystalBeam+1"],"picked":"Guardian:ChargeCore+1","floor":51},{"not_picked":["Guardian:GuardianWhirl","Guardian:ShieldSpikes+1","Guardian:Orbwalk+1"],"picked":"SKIP","floor":54}],"player_experience":129725,"relics_obtained":[{"floor":8,"key":"Regal Pillow"},{"floor":12,"key":"Replay:Baseball"},{"floor":14,"key":"Replay:Mystery Machine"},{"floor":24,"key":"InkBottle"},{"floor":27,"key":"Darkstone Periapt"},{"floor":31,"key":"Guardian:PickAxe"},{"floor":33,"key":"MutagenicStrength"},{"floor":43,"key":"Replay:Bottled Flurry"},{"floor":44,"key":"Bottled Flame"},{"floor":48,"key":"Replay:Bottled Snecko"},{"floor":54,"key":"CombinedTypeHook"}],"event_choices":[{"cards_removed":["Guardian:Defend_Guardian"],"damage_healed":0,"gold_gain":0,"player_choice":"Took Card","damage_taken":0,"max_hp_gain":0,"max_hp_loss":0,"event_name":"NoteForYourself","floor":10,"gold_loss":0,"cards_obtained":["Delirium"]},{"damage_healed":0,"gold_gain":0,"player_choice":"Ignored","damage_taken":0,"max_hp_gain":0,"max_hp_loss":0,"event_name":"Ghosts","floor":30,"gold_loss":0}],"is_beta":false,"boss_relics":[{"not_picked":["ExusiaiGun","Fusion Hammer"],"picked":"RhineSuit"},{"not_picked":["Coffee Dripper","Philosopher\u0027s Stone"],"picked":"Replay:Grab Bag"},{"not_picked":["Busted Crown","Velvet Choker"],"picked":"ChewingGum"},{"not_picked":["SlaversCollar","Runic Dome"],"picked":"Cursed Key"},{"not_picked":["Tiny House","Empty Cage"],"picked":"FeatherPendant"}],"items_purged_floors":[32,41,55],"is_endless":false,"potions_floor_spawned":[8,11,13,14,15,16,20,21,31,34,35,40,45,47,51],"ascension_level":0}}