{"host":"5rycm1ajjg5acc5q","time":1613407365,"event":{"mods":["BaseMod","Better Third Choice","Downfall","Highlight Path","Minty Spire (QoL Compilation)","Replay The Spire","StSLib"],"gold_per_floor":[99,110,129,1,1,16,16,45,30,30,45,70,70,95,115,212,212,212,231,231,64,83,96,121,21,54,54,73,88,88,188,203,303,303,103,23,23,23,23,51,51,82,113,141,141,165,197,229,262,262,262,315,33,33,33,33],"floor_reached":57,"language":"ENG","playtime":36572,"items_purged":[],"score":1613,"play_id":"ce8a4027-e7b1-4dea-8a0e-2eef52fc3a55","local_time":"20210215104245","is_ascension_mode":true,"campfire_choices":[{"floor":1.0,"key":"RECALL"},{"data":"Guardian:FloatingOrbs","floor":10.0,"key":"SMITH"},{"data":"Guardian:Orbwalk","floor":13.0,"key":"SMITH"},{"floor":18.0,"key":"REST"},{"floor":25.0,"key":"REST"},{"floor":30.0,"key":"REST"},{"floor":35.0,"key":"REST"},{"floor":54,"key":"REST"}],"circlet_count":0,"master_deck":["Guardian:Defend_Guardian","Guardian:Defend_Guardian","Guardian:TwinSlam+1","Guardian:ChargeUp+1","Guardian:Orbwalk+1","Guardian:WalkerClaw+1","Guardian:Repulse+1","Guardian:Clone+1","Guardian:PrismaticBeam+1","Guardian:PolyBeam+1","Guardian:FloatingOrbs+1","Guardian:Recover+1","Guardian:TimeCapacitor+1","Guardian:Preprogram+1","Guardian:ExploitGems+1","CurseOfTheBell","Delirium","Guardian:GemFinder+1","Guardian:AncientConstruct+1","Guardian:PrismaticBeam+1","Bite+1","Bite+1","Bite+1","Bite+1","Bite+1","Guardian:Clone+1","Guardian:WalkerClaw+1","J.A.X.+1","Guardian:GatlingBeam+1","Guardian:SentryBeam+1","Guardian:Suspension+1","Guardian:DonusPower+1","Injury","ReplayTheSpireMod:Doomed","Guardian:PrismaticBarrier+1","Guardian:Planning+1","Guardian:Orbwalk","Guardian:CrystalBeam","Guardian:TimeSifter","Guardian:DonusPower+1","Guardian:TemporalShield+1","Guardian:Gem_Lightblue","Guardian:Gem_Red","Guardian:ExploitGems","Guardian:BronzeOrb+1","Guardian:Gem_Green","Guardian:Orbwalk","Guardian:DonusPower","Guardian:DonusPower","Guardian:Recover+1","Guardian:EvasiveProtocol"],"relics":["Honey Jar","Mummified Hand","Replay:Baseball","Replay:Grab Bag","Fusion Hammer","bronze:MakeshiftBattery","Calling Bell","Pet Ghost","Divine Protection","Replay:Towering Pillar of Hats","Strawberry","Bottled Tornado","MutagenicStrength","Replay:Ancient Bell","Happy Flower","Kunai","Pocketwatch","WingedGreaves","Blue Doll","Unceasing Top","ReplayTheSpireMod:Ninjato","Replay:Bottled Steam","Guardian:PickAxe","CeramicFish","Simple Rune","HandDrill"],"acts_visited":["Exordium","TheCity","TheBeyond","TheEnding"],"potions_floor_usage":[48,56],"damage_taken":[{"damage":2.0,"enemies":"2 Louse","floor":2.0,"turns":3.0},{"damage":0.0,"enemies":"Cultist","floor":3.0,"turns":3.0},{"damage":0.0,"enemies":"downfall:FleeingMerchant","floor":4.0,"turns":4.0},{"damage":0.0,"enemies":"Small Slimes","floor":6.0,"turns":3.0},{"damage":26.0,"enemies":"3 Sentries","floor":8.0,"turns":7.0},{"damage":15.0,"enemies":"downfall:FleeingMerchant","floor":9.0,"turns":4.0},{"damage":6.0,"enemies":"2 Fungi Beasts","floor":11.0,"turns":3.0},{"damage":18.0,"enemies":"Gremlin Nob","floor":12.0,"turns":4.0},{"damage":2.0,"enemies":"Lagavulin","floor":14.0,"turns":5.0},{"damage":1.0,"enemies":"3 Louse","floor":15.0,"turns":3.0},{"damage":21.0,"enemies":"DF_ARCHETYPE_STREAMLINE","floor":16.0,"turns":9.0},{"damage":0.0,"enemies":"Chosen","floor":19.0,"turns":4.0},{"damage":0.0,"enemies":"downfall:FleeingMerchant","floor":21.0,"turns":4.0},{"damage":0.0,"enemies":"Spheric Guardian","floor":22.0,"turns":5.0},{"damage":19.0,"enemies":"Snake Plant","floor":23.0,"turns":5.0},{"damage":10.0,"enemies":"Gremlin Leader","floor":26.0,"turns":5.0},{"damage":14.0,"enemies":"3 Cultists","floor":28.0,"turns":5.0},{"damage":6.0,"enemies":"Chosen and Byrds","floor":29.0,"turns":4.0},{"damage":8.0,"enemies":"downfall:Augmenter","floor":31.0,"turns":5.0},{"damage":15.0,"enemies":"Snake Plant","floor":32.0,"turns":4.0},{"damage":0.0,"enemies":"WA_ARCHETYPE_CALM","floor":33.0,"turns":5.0},{"damage":5.0,"enemies":"3 Shapes","floor":36.0,"turns":3.0},{"damage":5.0,"enemies":"downfall:FleeingMerchant","floor":40.0,"turns":3.0},{"damage":11.0,"enemies":"Reptomancer","floor":42.0,"turns":5.0},{"damage":5.0,"enemies":"Giant Head","floor":43.0,"turns":5.0},{"damage":10.0,"enemies":"Nemesis","floor":44.0,"turns":5.0},{"damage":0,"enemies":"3 Darklings","floor":47,"turns":3},{"damage":0,"enemies":"Maw","floor":48,"turns":4},{"damage":0,"enemies":"Transient","floor":49,"turns":5},{"damage":25,"enemies":"IC_BLOCK_ARCHETYPE","floor":50,"turns":5},{"damage":11,"enemies":"downfall:CharBossMerchant","floor":52,"turns":5},{"damage":24,"enemies":"downfall:NeowBoss","floor":55,"turns":8},{"damage":0,"enemies":"downfall:NeowBossFinal","floor":56,"turns":7}],"seed_played":"3320167277715344450","potions_obtained":[{"floor":2.0,"key":"Block Potion"},{"floor":8.0,"key":"EntropicBrew"},{"floor":11.0,"key":"AttackPotion"},{"floor":12.0,"key":"Weak Potion"},{"floor":22.0,"key":"Milkshake"},{"floor":23.0,"key":"ColorlessPotion"},{"floor":26.0,"key":"EssenceOfSteel"},{"floor":33.0,"key":"Languid Potion"},{"floor":42.0,"key":"Swift Potion"},{"floor":47,"key":"SteroidPotion"},{"floor":48,"key":"EssenceOfSteel"}],"is_trial":false,"path_per_floor":["R","M","M","$","?","M","T","E","$","R","M","E","R","E","M","B",null,"R","M","?","$","M","M","T","R","E","?","M","M","R","?","M","B",null,"R","M","?","?","?","$","T","E","E","E","R","T","M","M","M","B",null,"E","$","R","B","B",null],"character_chosen":"GUARDIAN","items_purchased":["Guardian:Repulse","Guardian:Clone","Guardian:AncientConstruct","Blue Doll","Guardian:Planning+1","Guardian:Orbwalk","Guardian:CrystalBeam","Guardian:DonusPower","HandDrill","Guardian:Recover+1","Guardian:EvasiveProtocol","DuplicationPotion"],"campfire_rested":5,"item_purchase_floors":[4,4,21,40,40,40,40,53,53,53,53,53],"current_hp_per_floor":[80,78,78,78,78,78,78,52,39,39,35,19,19,19,20,1,80,80,80,80,80,80,61,68,87,77,77,73,77,87,85,74,82,87,97,94,87,87,87,83,83,82,87,86,86,86,87,87,87,68,87,79,79,87,69,87],"gold":33,"neow_bonus":"BOSS_RELIC","is_daily":false,"chose_seed":false,"campfire_upgraded":2,"win_rate":0.0,"timestamp":1613407365,"path_taken":["R","M","M","$","?","?","T","E","?","R","M","E","R","E","M","BOSS","R","M","?","$","?","M","T","R","E","?","M","M","R","?","M","BOSS","R","M","?","?","?","$","T","E","E","E","R","?","M","?","M","BOSS","E","$","R","BOSS","BOSS"],"items_purchased_type":["Card","Card","Card","Relic","Card","Card","Card","Card","Relic","Card","Card","Potion"],"build_version":"2020-12-22","purchased_purges":0,"victory":true,"max_hp_per_floor":[80,80,80,80,80,80,80,80,80,80,80,80,80,80,80,80,80,80,80,80,80,80,80,87,87,87,87,87,87,87,87,87,87,87,97,97,87,87,87,87,87,87,87,87,87,87,87,87,87,87,87,87,87,87,87,87],"card_choices":[{"not_picked":["Guardian:Recover","Guardian:Gem_Lightblue","Guardian:TemporalShield"],"picked":"Guardian:ChargeUp","floor":2.0},{"not_picked":["Guardian:Preprogram","Guardian:TimeBomb","Guardian:Gem_Red"],"picked":"Guardian:Orbwalk","floor":3.0},{"not_picked":["Guardian:Gem_Blue","Guardian:Planning","Guardian:Gem_Lightblue"],"picked":"Guardian:WalkerClaw","floor":4.0},{"not_picked":["Guardian:Planning","Guardian:Clone","Guardian:Suspension"],"picked":"Guardian:PrismaticBeam","floor":6.0},{"not_picked":["Guardian:SphericShield","Guardian:PiercingHide","Guardian:PrismaticBarrier"],"picked":"Guardian:PolyBeam","floor":8.0},{"not_picked":["Guardian:Gem_Cyan","Guardian:SentryBeam","Guardian:Suspension"],"picked":"Guardian:FloatingOrbs","floor":9.0},{"not_picked":["Guardian:WalkerClaw","Guardian:VentSteam","Guardian:ChargeCore"],"picked":"Guardian:Recover","floor":11.0},{"not_picked":["Guardian:TemporalShield","Guardian:ShieldCharger","Guardian:Orbwalk"],"picked":"Guardian:TimeCapacitor","floor":12.0},{"not_picked":["Guardian:ChargeCore","Guardian:Suspension","Guardian:Reroute"],"picked":"Guardian:Preprogram","floor":14.0},{"not_picked":["Guardian:Gem_White","Guardian:ChargeUp","Guardian:Gem_Green"],"picked":"Guardian:Gem_Purple","floor":15.0},{"not_picked":["Guardian:GemFire","Guardian:GatlingBeam","Guardian:StasisField"],"picked":"Guardian:ExploitGems","floor":16.0},{"not_picked":["Guardian:BodySlam","Guardian:FloatingOrbs+1","Guardian:Planning"],"picked":"Guardian:Gem_White","floor":19.0},{"not_picked":["Guardian:VentSteam","Guardian:RollAttack+1","Guardian:Gem_Cyan"],"picked":"Guardian:GemFinder","floor":21.0},{"not_picked":["Guardian:GuardianWhirl+1","Guardian:TemporalShield","Guardian:Incinerate"],"picked":"Guardian:PrismaticBeam","floor":22.0},{"not_picked":["Guardian:Gem_Green","Guardian:Gem_Lightblue"],"picked":"Guardian:Gem_Cyan","floor":22.0},{"not_picked":["Guardian:Gem_Green","Guardian:Gem_Lightblue"],"picked":"Guardian:Gem_Red","floor":23.0},{"not_picked":["Guardian:ShieldCharger","Guardian:Gem_Cyan","Guardian:Incinerate+1"],"picked":"Guardian:Gem_Lightblue","floor":23.0},{"not_picked":["Guardian:Gem_Cyan","Guardian:Gem_Lightblue"],"picked":"Guardian:Gem_Red","floor":26.0},{"not_picked":["Guardian:Gem_Cyan","Guardian:ChargeUp","Guardian:PiercingHide+1"],"picked":"Guardian:Gem_Purple","floor":26.0},{"not_picked":["Guardian:Gem_Lightblue","Guardian:Gem_Green"],"picked":"Guardian:Gem_Cyan","floor":28.0},{"not_picked":["Guardian:ArmoredProtocol","Guardian:Gem_Green","Guardian:MultiBeam"],"picked":"Guardian:Clone","floor":28.0},{"not_picked":["Guardian:ArmoredProtocol","Guardian:Planning","Guardian:PrismaticBarrier"],"picked":"Guardian:WalkerClaw+1","floor":29.0},{"not_picked":["Guardian:Gem_Lightblue","Guardian:Gem_Green"],"picked":"Guardian:Gem_Red","floor":29.0},{"not_picked":[],"picked":"J.A.X.","floor":31.0},{"not_picked":["Guardian:Gem_Green","Guardian:Gem_Lightblue"],"picked":"Guardian:Gem_Red","floor":31.0},{"not_picked":["Guardian:ShieldSpikes","Guardian:Recover","Guardian:PrimingBeam+1"],"picked":"Guardian:Suspension","floor":31.0},{"not_picked":["Guardian:Gem_Lightblue","Guardian:Gem_Green"],"picked":"Guardian:Gem_Cyan","floor":32.0},{"not_picked":["Guardian:Gem_Purple","Guardian:Gem_Cyan","Guardian:Planning"],"picked":"Guardian:DonusPower","floor":32.0},{"not_picked":["Guardian:Gem_Green","Guardian:Gem_Cyan"],"picked":"Guardian:Gem_Red","floor":33.0},{"not_picked":["Guardian:ExploitGems","Guardian:SphericShield","Guardian:BaubleBeam"],"picked":"Guardian:ConstructionForm","floor":33.0},{"not_picked":["Writhe","Normality","Doubt"],"picked":"Injury","floor":34.0},{"not_picked":["CurseOfTheBell","Decay","Writhe"],"picked":"ReplayTheSpireMod:Doomed","floor":34.0},{"not_picked":["Sickly","Spreading Infection","ReplayTheSpireMod:Splinters"],"picked":"ReplayTheSpireMod:IOU","floor":34.0},{"not_picked":["Guardian:Gem_Cyan","Guardian:Gem_Lightblue"],"picked":"Guardian:Gem_Green","floor":36.0},{"not_picked":["Guardian:Clone","Guardian:ShieldCharger","Guardian:TemporalStrike"],"picked":"Guardian:Gem_Yellow","floor":36.0},{"not_picked":["Guardian:Gem_Cyan","Guardian:Gem_Lightblue"],"picked":"Guardian:Gem_Red","floor":40.0},{"not_picked":["Guardian:Gem_Red","Guardian:EvasiveProtocol+1","Guardian:PrimingBeam+1"],"picked":"Guardian:PrismaticBarrier+1","floor":40.0},{"not_picked":["Guardian:Gem_Green","Guardian:Gem_Lightblue"],"picked":"Guardian:Gem_Red","floor":42.0},{"not_picked":["Guardian:Clone+1","Guardian:WalkerClaw","Guardian:SentryBeam"],"picked":"Guardian:TimeSifter","floor":42.0},{"not_picked":["Guardian:Gem_Lightblue","Guardian:Gem_Cyan"],"picked":"Guardian:Gem_Red","floor":43.0},{"not_picked":["Guardian:Planning","Guardian:BodySlam+1","Guardian:Recover+1"],"picked":"Guardian:DonusPower+1","floor":43.0},{"not_picked":["Guardian:Gem_Red","Guardian:Gem_Green"],"picked":"Guardian:Gem_Cyan","floor":44.0},{"not_picked":["Guardian:Gem_Fragmented","Guardian:Planning","Guardian:ChargeCore"],"picked":"Guardian:TemporalShield+1","floor":44.0},{"not_picked":["Guardian:Gem_Lightblue","Guardian:Gem_Cyan"],"picked":"Guardian:Gem_Red","floor":47},{"not_picked":["Guardian:Gem_White","Guardian:RollAttack","Guardian:Planning"],"picked":"Guardian:ExploitGems","floor":47},{"not_picked":["Guardian:Gem_Cyan","Guardian:Gem_Green"],"picked":"Guardian:Gem_Red","floor":48},{"not_picked":["Guardian:PolyBeam+1","Guardian:Clone","Guardian:ArmoredProtocol+1"],"picked":"Guardian:Gem_Crimson","floor":48},{"not_picked":["Guardian:Gem_Green","Guardian:Gem_Cyan"],"picked":"Guardian:Gem_Red","floor":49},{"not_picked":["Guardian:Gem_Lightblue","Guardian:Recover","Guardian:TemporalStrike"],"picked":"Guardian:BronzeOrb+1","floor":49},{"not_picked":["Guardian:Gem_Cyan","Guardian:Gem_Lightblue"],"picked":"Guardian:Gem_Green","floor":52},{"not_picked":["Guardian:WalkerClaw+1","Guardian:FloatingOrbs+1","Guardian:SentryBeam+1"],"picked":"Guardian:Orbwalk","floor":52}],"player_experience":605314,"relics_obtained":[{"floor":8.0,"key":"Blood Vial"},{"floor":12.0,"key":"Mummified Hand"},{"floor":14.0,"key":"Replay:Baseball"},{"floor":17.0,"key":"Pet Ghost"},{"floor":17.0,"key":"Divine Protection"},{"floor":17.0,"key":"Replay:Towering Pillar of Hats"},{"floor":24.0,"key":"Strawberry"},{"floor":26.0,"key":"Bottled Tornado"},{"floor":31.0,"key":"MutagenicStrength"},{"floor":39.0,"key":"WingedGreaves"},{"floor":41.0,"key":"Unceasing Top"},{"floor":42.0,"key":"ReplayTheSpireMod:Ninjato"},{"floor":43.0,"key":"Replay:Bottled Steam"},{"floor":44.0,"key":"Guardian:PickAxe"},{"floor":46,"key":"CeramicFish"},{"floor":52,"key":"Simple Rune"}],"event_choices":[{"cards_removed":["Guardian:CurlUp"],"damage_healed":0.0,"max_hp_gain":0.0,"max_hp_loss":0.0,"gold_gain":0.0,"event_name":"Bonfire Elementals","player_choice":"Offered Basic","floor":5.0,"gold_loss":0.0,"damage_taken":0.0},{"damage_healed":0.0,"max_hp_gain":0.0,"max_hp_loss":0.0,"gold_gain":0.0,"event_name":"Vampires","player_choice":"Became a vampire (Vial)","floor":27.0,"relics_lost":["Blood Vial"],"gold_loss":0.0,"damage_taken":0.0,"cards_obtained":["Bite","Bite","Bite","Bite","Bite"]},{"cards_removed":["Guardian:ConstructionForm"],"damage_healed":0.0,"max_hp_gain":0.0,"max_hp_loss":0.0,"gold_gain":0.0,"event_name":"Falling","player_choice":"Removed Power","floor":38.0,"gold_loss":0.0,"damage_taken":0.0}],"is_beta":false,"boss_relics":[{"not_picked":["Runic Dome","Velvet Choker"],"picked":"Replay:Grab Bag"},{"not_picked":["Painkiller Herb","Abe\u0027s Treasure"],"picked":"Fusion Hammer"},{"not_picked":["Philosopher\u0027s Stone","ReplayTheSpireMod:Onyx Gauntlets"],"picked":"bronze:MakeshiftBattery"},{"not_picked":["Astrolabe","SlaversCollar"],"picked":"Calling Bell"},{"not_picked":["Tiny House","Black Star"],"picked":"Replay:Ancient Bell"},{"not_picked":["MealTicket","Akabeko"],"picked":"Happy Flower"},{"not_picked":["Iron Hammer","Pear"],"picked":"Kunai"},{"not_picked":["Dead Branch","CaptainsWheel"],"picked":"Pocketwatch"}],"items_purged_floors":[],"is_endless":false,"potions_floor_spawned":[2,8,11,12,22,23,26,33,42,47,48],"ascension_level":2}}