{"host":"u1dfzl6o6mfmauc3","time":1613373775,"event":{"mods":["2.2 Compatiblity","AchievementEnabler","BaseMod","Bestiary","Block Reminder","Challenge The Spire","Colored Map","Dark Map","Hermit","Highlight Path","Marisa????????","Minty Spire (QoL Compilation)","Random Character Button","Rare Cards Sparkle","Relic Stats","Robot Space Explorer","StSLib","The Disciple"],"gold_per_floor":[119,132,143,218,234,234,260,260,260,293,293,326,29,29,29,29,133,133,149,74,87,102,102,102,127,146,46,70,124,155,174,209,209,209,209,307,307,324,324,324],"floor_reached":39,"language":"ENG","playtime":1782,"items_purged":["Parasite","Strike_G"],"score":594,"play_id":"80a8ef27-7d6c-4231-b87d-061e2368929e","local_time":"20210215022255","is_ascension_mode":true,"campfire_choices":[{"data":"Neutralize","floor":6.0,"key":"SMITH"},{"data":"Distraction","floor":15.0,"key":"SMITH"},{"floor":16.0,"key":"REST"},{"data":"Catalyst","floor":24,"key":"SMITH"},{"floor":35,"key":"REST"}],"circlet_count":0,"master_deck":["Survivor","Neutralize+1","Predator","Deadly Poison","Backflip","Backstab","Noxious Fumes","Distraction+1","Crippling Poison","Well Laid Plans","Night Terror","Catalyst+1","Leg Sweep","Quick Slash+1","Riddle With Holes","Regret","Pain","Footwork","Burst","Caltrops","Phantasmal Killer","Underhanded Strike","Cloak And Dagger","Escape Plan","Masterful Stab","Phantasmal Killer","Deadly Poison"],"relics":["Sozu","Pen Nib","InkBottle","Juzu Bracelet","Darkstone Periapt","Blue Candle","Strange Spoon","Cursed Key","Incense Burner","Blood Vial","Omamori","Singing Bowl","Ninja Scroll","Pandora\u0027s Box"],"acts_visited":["Exordium","TheCity","TheBeyond"],"potions_floor_usage":[],"damage_taken":[{"damage":2.0,"enemies":"Jaw Worm","floor":1.0,"turns":5.0},{"damage":0.0,"enemies":"Small Slimes","floor":2.0,"turns":3.0},{"damage":8.0,"enemies":"2 Louse","floor":3.0,"turns":2.0},{"damage":0.0,"enemies":"Large Slime","floor":5.0,"turns":4.0},{"damage":7.0,"enemies":"3 Sentries","floor":7.0,"turns":10.0},{"damage":16.0,"enemies":"Gremlin Nob","floor":10.0,"turns":4.0},{"damage":13.0,"enemies":"3 Sentries","floor":12.0,"turns":7.0},{"damage":10.0,"enemies":"Hexaghost","floor":17.0,"turns":7.0},{"damage":16,"enemies":"Spheric Guardian","floor":19,"turns":4},{"damage":9,"enemies":"Shell Parasite","floor":21,"turns":5},{"damage":9,"enemies":"Centurion and Healer","floor":22,"turns":5},{"damage":13,"enemies":"Book of Stabbing","floor":25,"turns":4},{"damage":14,"enemies":"Snake Plant","floor":26,"turns":3},{"damage":16,"enemies":"Slavers","floor":30,"turns":5},{"damage":2,"enemies":"Chosen and Byrds","floor":31,"turns":5},{"damage":23,"enemies":"Gremlin Leader","floor":32,"turns":5},{"damage":17,"enemies":"Automaton","floor":36,"turns":8},{"damage":12,"enemies":"Orb Walker","floor":38,"turns":2},{"damage":67,"enemies":"2 Orb Walkers","floor":39,"turns":3}],"seed_played":"-2034619453575301739","potions_obtained":[],"is_trial":false,"path_per_floor":["M","M","M","?","M","R","E","?","T","E","?","E","$","$","R","R","B",null,"M","?","M","M","?","R","E","M","$","T","T","E","M","E","?","?","R","B",null,"M","?"],"character_chosen":"THE_SILENT","items_purchased":["Well Laid Plans","Strange Spoon"],"campfire_rested":2,"item_purchase_floors":[13,13],"current_hp_per_floor":[68,68,60,49,49,49,42,35,35,19,42,29,29,29,29,50,40,65,49,49,40,31,55,55,42,28,28,34,40,26,26,7,7,7,33,20,72,64,0,0],"gold":324,"neow_bonus":"BOSS_RELIC","is_daily":false,"chose_seed":false,"campfire_upgraded":3,"win_rate":0.0,"timestamp":1613373775,"path_taken":["M","M","M","?","M","R","E","?","T","E","?","E","?","$","R","R","BOSS","M","?","M","M","?","R","E","M","?","T","T","E","M","E","?","?","R","BOSS","M","?"],"items_purchased_type":["Card","Relic"],"build_version":"2020-12-22","purchased_purges":2,"victory":false,"max_hp_per_floor":[70,70,70,70,70,70,70,70,70,70,76,76,73,73,73,73,73,73,73,73,73,73,73,73,73,73,73,79,85,85,85,87,87,87,87,89,89,91,91,91],"relic_stats":{"Darkstone Periapt":18,"Singing Bowl":6,"counters":[19,91],"Blue Candle":[13],"Pen Nib":[12],"Juzu Bracelet":2,"Cursed Key":2,"Sozu":9,"Blood Vial":12,"Strange Spoon":[39],"Pandora\u0027s Box":["Caltrops","Phantasmal Killer","Underhanded Strike","Cloak And Dagger","Escape Plan","Masterful Stab","Phantasmal Killer","Deadly Poison"],"obtain_stats":[{"Darkstone Periapt":10,"Singing Bowl":30,"Blue Candle":12,"Pen Nib":7,"Juzu Bracelet":9,"Incense Burner":25,"Omamori":29,"Cursed Key":18,"Sozu":0,"Blood Vial":28,"Strange Spoon":13,"Ninja Scroll":32,"Pandora\u0027s Box":37,"InkBottle":8,"Ring of the Snake":0},{"Darkstone Periapt":6,"Singing Bowl":14,"Blue Candle":7,"Pen Nib":5,"Juzu Bracelet":5,"Incense Burner":12,"Omamori":13,"Cursed Key":8,"Sozu":0,"Blood Vial":13,"Strange Spoon":7,"Ninja Scroll":16,"Pandora\u0027s Box":17,"InkBottle":5,"Ring of the Snake":0},{"Darkstone Periapt":28,"Singing Bowl":68,"Blue Candle":35,"Pen Nib":24,"Juzu Bracelet":24,"Incense Burner":60,"Omamori":63,"Cursed Key":42,"Sozu":0,"Blood Vial":63,"Strange Spoon":35,"Ninja Scroll":78,"Pandora\u0027s Box":86,"InkBottle":24,"Ring of the Snake":0}],"InkBottle":[33]},"card_choices":[{"not_picked":["Dagger Spray","Underhanded Strike"],"picked":"Predator","floor":1.0},{"not_picked":["Blade Dance","Backflip"],"picked":"Deadly Poison","floor":2.0},{"not_picked":["Slice","Accuracy"],"picked":"Backflip","floor":3.0},{"not_picked":["Deflect","Heel Hook"],"picked":"Backstab","floor":5.0},{"not_picked":["Blade Dance","Escape Plan"],"picked":"Noxious Fumes","floor":7.0},{"not_picked":["Underhanded Strike","Backflip"],"picked":"Distraction","floor":10.0},{"not_picked":["Blade Dance","Flying Knee"],"picked":"Crippling Poison","floor":12.0},{"not_picked":["Phantasmal Killer","Venomology"],"picked":"Night Terror","floor":17.0},{"not_picked":["Dagger Spray","Prepared"],"picked":"Catalyst","floor":19},{"not_picked":["Sucker Punch","Slice"],"picked":"Leg Sweep","floor":21},{"not_picked":["Endless Agony+1","Cloak And Dagger"],"picked":"Quick Slash+1","floor":22},{"not_picked":["Outmaneuver","Well Laid Plans+1","Dagger Throw+1"],"picked":"SKIP","floor":25},{"not_picked":["Deadly Poison","PiercingWail"],"picked":"Riddle With Holes","floor":26},{"not_picked":["Eviscerate","Backflip"],"picked":"Footwork","floor":30},{"not_picked":["Distraction","Slice"],"picked":"Burst","floor":31},{"not_picked":["Dagger Spray","Caltrops","Poisoned Stab"],"picked":"Singing Bowl","floor":32},{"not_picked":["Envenom","Bullet Time","Burst"],"picked":"Singing Bowl","floor":36},{"not_picked":["PiercingWail","Backflip","Acrobatics+1"],"picked":"Singing Bowl","floor":38}],"player_experience":249766,"relics_obtained":[{"floor":7.0,"key":"Pen Nib"},{"floor":9.0,"key":"Juzu Bracelet"},{"floor":10.0,"key":"Darkstone Periapt"},{"floor":12.0,"key":"Blue Candle"},{"floor":25,"key":"Incense Burner"},{"floor":28,"key":"Blood Vial"},{"floor":29,"key":"Omamori"},{"floor":30,"key":"Singing Bowl"},{"floor":32,"key":"Ninja Scroll"}],"event_choices":[{"damage_healed":0.0,"max_hp_gain":0.0,"max_hp_loss":0.0,"gold_gain":75.0,"event_name":"World of Goop","player_choice":"Gather Gold","floor":4.0,"gold_loss":0.0,"damage_taken":11.0},{"damage_healed":0.0,"max_hp_gain":0.0,"max_hp_loss":0.0,"gold_gain":0.0,"event_name":"Scrap Ooze","player_choice":"Success","floor":8.0,"gold_loss":0.0,"damage_taken":7.0,"relics_obtained":["InkBottle"]},{"damage_healed":17.0,"max_hp_gain":0.0,"max_hp_loss":0.0,"gold_gain":0.0,"event_name":"Mushrooms","player_choice":"Healed and dodged fight","floor":11.0,"gold_loss":0.0,"damage_taken":0.0,"cards_obtained":["Parasite"]},{"cards_removed":["Strike_G"],"damage_healed":0,"gold_gain":0,"player_choice":"Gave Gold","damage_taken":0,"max_hp_gain":0,"max_hp_loss":0,"event_name":"Beggar","floor":20,"gold_loss":75},{"damage_healed":24,"gold_gain":0,"player_choice":"Heal","damage_taken":0,"max_hp_gain":0,"max_hp_loss":0,"event_name":"The Library","floor":23,"gold_loss":0},{"damage_healed":0,"gold_gain":0,"player_choice":"Ignored","damage_taken":0,"max_hp_gain":0,"max_hp_loss":0,"event_name":"N\u0027loth","floor":33,"gold_loss":0},{"damage_healed":0,"gold_gain":0,"player_choice":"Ignored","damage_taken":0,"max_hp_gain":0,"max_hp_loss":0,"event_name":"Cursed Tome","floor":34,"gold_loss":0},{"damage_healed":0,"gold_gain":0,"player_choice":"Fight","damage_taken":0,"max_hp_gain":0,"max_hp_loss":0,"event_name":"Mysterious Sphere","floor":39,"gold_loss":0}],"is_beta":false,"boss_relics":[{"not_picked":["Calling Bell","Snecko Eye"],"picked":"Cursed Key"},{"not_picked":["Coffee Dripper","WristBlade"],"picked":"Pandora\u0027s Box"}],"items_purged_floors":[13,27],"is_endless":false,"potions_floor_spawned":[1,5,17,19,21,30,31,32,38],"killed_by":"2 Orb Walkers","ascension_level":5}}