{"host":"ifvrsrzj00f2ebkn","time":1613349736,"event":{"mods":["BaseMod","Colored Map","Colored Powertips","Minty Spire (QoL Compilation)","Random Character Button","StSLib"],"gold_per_floor":[113,38,213,60,60,60,60,60,134,162,162,162,194,211,211,310,310,327,10,109,123,123,155,155,189,189,220,59,59,59,93,93,198,198,213,73,73,105,105,138,149,184,184,24,24,24,39,39,39,39],"floor_reached":51,"language":"ENG","playtime":4928,"items_purged":["Beam Cell","Beam Cell","Jack Of All Trades","Deadly Poison","Headbutt","Headbutt"],"score":1259,"play_id":"826a545c-7d96-4345-985e-31cfc18c8ed5","local_time":"20210215084216","daily_mods":["Draft","Red Cards","Green Cards","Blue Cards","Colorless Cards","Heirloom","Time Dilation","Flight","DeadlyEvents","Elite Swarm"],"is_ascension_mode":true,"campfire_choices":[{"floor":6,"key":"DIG"},{"floor":8,"key":"DIG"},{"floor":11,"key":"DIG"},{"floor":12,"key":"DIG"},{"floor":15,"key":"DIG"},{"floor":24,"key":"DIG"},{"floor":29,"key":"DIG"},{"floor":30,"key":"DIG"},{"floor":32,"key":"DIG"},{"floor":45,"key":"REST"},{"floor":46,"key":"DIG"},{"floor":49,"key":"DIG"}],"circlet_count":0,"master_deck":["Armaments","Cleave","Deflect","Backflip","Dagger Throw","Deflect","Armaments","Dagger Spray","Sweeping Beam","Sweeping Beam","Backflip","Body Slam","Hyperbeam","Demon Form","Apotheosis+1","Deflect","BootSequence","Steam","Body Slam+1","Immolate","Master of Strategy","Blur+1"],"relics":["Burning Blood","Shovel","Dead Branch","Self Forming Clay","Akabeko","Letter Opener","Question Card","Vajra","Pen Nib","Sozu","Strange Spoon","Kunai","The Courier","Singing Bowl","Magic Flower","White Beast Statue","Turnip","Ornamental Fan","Darkstone Periapt","Sundial","Strawberry","Empty Cage","Ice Cream","Omamori","Calipers","Mummified Hand","Lantern","InkBottle","TungstenRod"],"acts_visited":["Exordium","TheCity","TheBeyond"],"potions_floor_usage":[],"damage_taken":[{"damage":0,"enemies":"Cultist","floor":1,"turns":3},{"damage":16,"enemies":"Gremlin Nob","floor":10,"turns":4},{"damage":11,"enemies":"Lagavulin","floor":13,"turns":4},{"damage":0,"enemies":"Small Slimes","floor":14,"turns":1},{"damage":21,"enemies":"The Guardian","floor":16,"turns":8},{"damage":2,"enemies":"Shell Parasite","floor":18,"turns":3},{"damage":0,"enemies":"Spheric Guardian","floor":21,"turns":2},{"damage":22,"enemies":"Gremlin Leader","floor":23,"turns":4},{"damage":0,"enemies":"Slavers","floor":25,"turns":2},{"damage":11,"enemies":"Book of Stabbing","floor":27,"turns":3},{"damage":0,"enemies":"Slavers","floor":31,"turns":1},{"damage":23,"enemies":"Collector","floor":33,"turns":5},{"damage":0,"enemies":"3 Darklings","floor":35,"turns":2},{"damage":25,"enemies":"Reptomancer","floor":38,"turns":3},{"damage":33,"enemies":"Giant Head","floor":40,"turns":6},{"damage":0,"enemies":"Orb Walker","floor":41,"turns":2},{"damage":12,"enemies":"Reptomancer","floor":42,"turns":4},{"damage":0,"enemies":"4 Shapes","floor":47,"turns":1},{"damage":61,"enemies":"Time Eater","floor":50,"turns":9}],"seed_played":"4066671748948513345","potions_obtained":[{"floor":13,"key":"DuplicationPotion"}],"is_trial":true,"path_per_floor":["M","$","?","$","?","R","$","R","T","E","R","R","E","M","R","B",null,"M","$","?","M","T","E","R","E","T","E","$","R","R","E","R","B",null,"M","$","?","E","?","E","M","E","T","$","R","R","M","T","R","B",null],"character_chosen":"IRONCLAD","items_purchased":["Body Slam","Deflect","Strange Spoon","Steam"],"campfire_rested":1,"item_purchase_floors":[4,19,19,28],"current_hp_per_floor":[78,78,78,78,78,78,78,78,78,68,68,68,63,69,69,54,74,78,78,78,80,80,64,64,72,72,72,72,72,72,81,88,76,89,93,93,93,77,77,55,66,63,63,63,90,90,92,92,92,40],"gold":39,"neow_bonus":"","is_daily":false,"chose_seed":false,"campfire_upgraded":0,"win_rate":0.0,"timestamp":1613349736,"path_taken":["M","$","?","$","?","R","?","R","T","?","R","R","E","M","R","BOSS","M","$","?","M","?","E","R","E","T","E","$","R","R","E","R","BOSS","M","$","?","?","?","E","M","E","T","$","R","R","M","?","R","BOSS"],"items_purchased_type":["Card","Card","Relic","Card"],"build_version":"2020-12-22","purchased_purges":6,"victory":true,"max_hp_per_floor":[80,80,80,80,80,80,80,80,80,80,80,80,80,80,80,80,80,80,80,80,80,80,80,80,82,82,84,84,84,84,84,91,93,93,93,93,93,93,88,90,92,92,92,92,92,92,92,92,92,92],"card_choices":[{"not_picked":["Clash","Darkness"],"picked":"Armaments","floor":0},{"not_picked":["Coolheaded","Finesse"],"picked":"Cleave","floor":0},{"not_picked":["Consume","PiercingWail"],"picked":"Deflect","floor":0},{"not_picked":["Thunderclap","Quick Slash"],"picked":"Backflip","floor":0},{"not_picked":["Clash","Gash"],"picked":"Dagger Throw","floor":0},{"not_picked":["Ball Lightning","Bane"],"picked":"Deflect","floor":0},{"not_picked":["Feel No Pain","Impatience"],"picked":"Beam Cell","floor":0},{"not_picked":["Wild Strike","Streamline"],"picked":"Armaments","floor":0},{"not_picked":["Evolve","Beam Cell"],"picked":"Dagger Spray","floor":0},{"not_picked":["Sentinel","Coolheaded"],"picked":"Headbutt","floor":0},{"not_picked":["Beam Cell","Gash"],"picked":"Sweeping Beam","floor":0},{"not_picked":["Wild Strike","Steam Power"],"picked":"Sweeping Beam","floor":0},{"not_picked":["Blade Dance","Slice"],"picked":"Backflip","floor":0},{"not_picked":["Underhanded Strike","Warcry"],"picked":"Jack Of All Trades","floor":0},{"not_picked":["Aggregate","Perfected Strike"],"picked":"Headbutt","floor":0},{"not_picked":["Hello World","Barrage"],"picked":"Beam Cell","floor":1},{"not_picked":["Brutality","Doppelganger"],"picked":"Hyperbeam","floor":10},{"not_picked":["Grand Finale","A Thousand Cuts","Immolate"],"picked":"Demon Form","floor":13},{"not_picked":["Bane","Heavy Blade","Flechettes"],"picked":"Deadly Poison","floor":14},{"not_picked":["Malaise","Brutality","Echo Form"],"picked":"Apotheosis","floor":16},{"not_picked":["Rebound","Reprogram","Compile Driver","Armaments"],"picked":"SKIP","floor":18},{"not_picked":["Undo+1","Evolve","Disarm"],"picked":"BootSequence","floor":21},{"not_picked":["Violence","Mayhem","Berserk"],"picked":"Panache","floor":23},{"not_picked":["Die Die Die","Demon Form","Thinking Ahead","Meteor Strike"],"picked":"Singing Bowl","floor":25},{"not_picked":["Violence","Biased Cognition","Berserk","Feed"],"picked":"Singing Bowl","floor":27},{"not_picked":["Grand Finale","Machine Learning","Transmutation"],"picked":"Corpse Explosion","floor":31},{"not_picked":["Seek","Thinking Ahead","Wraith Form v2","Brutality"],"picked":"Singing Bowl","floor":33},{"not_picked":["Hologram","Dash","Sweeping Beam+1"],"picked":"Body Slam+1","floor":35},{"not_picked":["Amplify","Grand Finale","Corpse Explosion"],"picked":"Immolate","floor":38},{"not_picked":["Fission","Chrysalis","Brutality","Amplify"],"picked":"Singing Bowl","floor":40},{"not_picked":["Prepared","Blind","Dagger Throw+1","Combust"],"picked":"Singing Bowl","floor":41},{"not_picked":["Reboot","Creative AI","Storm of Steel"],"picked":"Master of Strategy","floor":42},{"not_picked":["Acrobatics","Feel No Pain","Shrug It Off+1"],"picked":"Blur+1","floor":47}],"player_experience":56723,"relics_obtained":[{"floor":6,"key":"Dead Branch"},{"floor":9,"key":"Self Forming Clay"},{"floor":10,"key":"Akabeko"},{"floor":11,"key":"Letter Opener"},{"floor":12,"key":"Question Card"},{"floor":13,"key":"Vajra"},{"floor":15,"key":"Pen Nib"},{"floor":22,"key":"Kunai"},{"floor":23,"key":"The Courier"},{"floor":24,"key":"Singing Bowl"},{"floor":25,"key":"Magic Flower"},{"floor":26,"key":"White Beast Statue"},{"floor":27,"key":"Turnip"},{"floor":29,"key":"Ornamental Fan"},{"floor":30,"key":"Darkstone Periapt"},{"floor":31,"key":"Sundial"},{"floor":32,"key":"Strawberry"},{"floor":38,"key":"Ice Cream"},{"floor":40,"key":"Omamori"},{"floor":42,"key":"Calipers"},{"floor":43,"key":"Mummified Hand"},{"floor":46,"key":"Lantern"},{"floor":48,"key":"InkBottle"},{"floor":49,"key":"TungstenRod"}],"event_choices":[{"damage_healed":0,"gold_gain":175,"player_choice":"AGREE","damage_taken":0,"max_hp_gain":0,"max_hp_loss":0,"event_name":"Liars Game","floor":3,"gold_loss":0,"cards_obtained":["Doubt"]},{"cards_removed":["Doubt"],"damage_healed":0,"gold_gain":0,"player_choice":"Forget","damage_taken":0,"max_hp_gain":0,"max_hp_loss":0,"event_name":"Living Wall","floor":5,"gold_loss":0},{"damage_healed":0,"gold_gain":99,"player_choice":"Stole From Cult","damage_taken":0,"max_hp_gain":0,"max_hp_loss":0,"event_name":"Nest","floor":20,"gold_loss":0},{"damage_healed":0,"gold_gain":0,"player_choice":"Forge","damage_taken":0,"max_hp_gain":0,"max_hp_loss":0,"event_name":"Accursed Blacksmith","floor":37,"gold_loss":0,"cards_upgraded":["Apotheosis"]},{"damage_healed":0,"gold_gain":0,"player_choice":"Max HP","damage_taken":0,"max_hp_gain":0,"max_hp_loss":5,"event_name":"Winding Halls","floor":39,"gold_loss":0}],"is_beta":false,"boss_relics":[{"not_picked":["Astrolabe","Mark of Pain"],"picked":"Sozu"},{"not_picked":["Black Star","Snecko Eye"],"picked":"Empty Cage"}],"items_purged_floors":[2,4,19,28,36,44],"is_endless":false,"potions_floor_spawned":[13,16,25,27,31,33,35,38,40,41,42,47],"ascension_level":9}}