{"host":"l2dnabsh5e0fsksb","time":1613383362,"event":{"mods":["2.2 Compatiblity","BaseMod","Downfall","Minty Spire (QoL Compilation)","Quick Restart","StSLib"],"gold_per_floor":[99,114,99,126,126,111,111,11,11,0,0,10,10,10,25,130,130,30,40,56,79,191,203,215,244,13,48,61,61,61,78,92,193,193,193,209,226,246,291,291,291,320,320,337,366,266,281,581,598,598,598,623,8,8,8,8,8,8],"floor_reached":56,"language":"ENG","playtime":3079,"items_purged":["Clumsy"],"score":1037,"play_id":"add69594-2101-4e30-92e2-5680499d7cdc","local_time":"20210215203242","is_ascension_mode":true,"campfire_choices":[{"floor":1.0,"key":"RECALL"},{"data":"hexamod:FlamesFromBeyond","floor":8.0,"key":"SMITH"},{"data":"hexamod:FlamesFromBeyond","floor":11.0,"key":"SMITH"},{"data":"hexamod:TimeWarp","floor":18.0,"key":"SMITH"},{"floor":23.0,"key":"REST"},{"floor":30.0,"key":"REST"},{"data":"hexamod:GhostOfSpirePresent","floor":35.0,"key":"SMITH"},{"floor":46.0,"key":"REST"},{"data":"hexamod:PhantomCloak","floor":54,"key":"SMITH"}],"circlet_count":0,"master_deck":["hexamod:Strike","hexamod:Strike+1","hexamod:Defend+1","hexamod:Defend","hexamod:Sear+1","hexamod:Float+1","hexamod:SpectralAdrenaline","hexamod:FlamesFromBeyond+1","hexamod:ShieldOfDarkness","hexamod:FlamesFromBeyond+1","hexamod:BurningTouch","hexamod:RadiantFlame","hexamod:TimeWarp+1","hexamod:PhantomCloak+1","hexamod:InspiringFlames","hexamod:ThermalTransfer+1","hexamod:BurningTouch+1","hexamod:ThermalTransfer","hexamod:EtherealExpedition","hexamod:SoulSteal+1","hexamod:HeatMetal","hexamod:GhostOfSpirePresent+1","hexamod:SpectersWail","hexamod:PhantomCloak","hexamod:EmpoweredFlame","hexamod:FirstSeal","hexamod:ThermalTransfer+1","hexamod:TimeWarp","hexamod:FirstSeal","hexamod:ThermalTransfer+1","hexamod:EmpoweredFlame","hexamod:GhostLash+1"],"relics":["hexamod:SpiritBrand","hexamod:BolsterEngine","downfall:HeartBlessingRed","hexamod:InflammatoryLetter","hexamod:IceCube","downfall:HeartBlessingBlue","Du-Vu Doll","HornCleat","PreservedInsect","Bag of Marbles","Darkstone Periapt","expansioncontent:StudyCardRelic","champ:DuelingGlove","Red Mask","downfall:RedIOUUpgrade","Pear","bronze:DecasWashers","Bird Faced Urn","downfall:HeartBlessingGreen","Bottled Tornado","Bottled Flame","Ginger"],"acts_visited":["Exordium","TheCity","TheBeyond","TheEnding"],"potions_floor_usage":[52,55,56],"damage_taken":[{"damage":0.0,"enemies":"Cultist","floor":2.0,"turns":3.0},{"damage":0.0,"enemies":"downfall:FleeingMerchant","floor":3.0,"turns":4.0},{"damage":5.0,"enemies":"downfall:FleeingMerchant","floor":6.0,"turns":4.0},{"damage":3.0,"enemies":"downfall:FleeingMerchant","floor":10.0,"turns":4.0},{"damage":1.0,"enemies":"2 Louse","floor":12.0,"turns":4.0},{"damage":2.0,"enemies":"Jaw Worm","floor":15.0,"turns":3.0},{"damage":18.0,"enemies":"SI_SHIV_ARCHETYPE","floor":16.0,"turns":7.0},{"damage":15.0,"enemies":"Spheric Guardian","floor":19.0,"turns":6.0},{"damage":26.0,"enemies":"downfall:LooterAlt2","floor":20.0,"turns":5.0},{"damage":15.0,"enemies":"DF_ARCHETYPE_STREAMLINE","floor":22.0,"turns":9.0},{"damage":10.0,"enemies":"Centurion and Healer","floor":25.0,"turns":4.0},{"damage":0.0,"enemies":"downfall:FleeingMerchant","floor":26.0,"turns":4.0},{"damage":11.0,"enemies":"Gremlin Leader","floor":27.0,"turns":5.0},{"damage":11.0,"enemies":"Snake Plant","floor":28.0,"turns":4.0},{"damage":0.0,"enemies":"3 Cultists","floor":31.0,"turns":4.0},{"damage":0.0,"enemies":"Centurion and Healer","floor":32.0,"turns":4.0},{"damage":14.0,"enemies":"WA_ARCHETYPE_CALM","floor":33.0,"turns":8.0},{"damage":14.0,"enemies":"3 Darklings","floor":36.0,"turns":4.0},{"damage":0.0,"enemies":"3 Shapes","floor":37.0,"turns":3.0},{"damage":1.0,"enemies":"Writhing Mass","floor":38.0,"turns":4.0},{"damage":13.0,"enemies":"2 Orb Walkers","floor":39.0,"turns":4.0},{"damage":0.0,"enemies":"Nemesis","floor":42.0,"turns":5.0},{"damage":0.0,"enemies":"3 Darklings","floor":44.0,"turns":4.0},{"damage":9.0,"enemies":"Giant Head","floor":45.0,"turns":6.0},{"damage":17.0,"enemies":"Maw","floor":47.0,"turns":7.0},{"damage":3.0,"enemies":"Sphere and 2 Shapes","floor":49.0,"turns":4.0},{"damage":31.0,"enemies":"DF_ARCHETYPE_ORBS","floor":50.0,"turns":6.0},{"damage":33,"enemies":"downfall:CharBossMerchant","floor":52,"turns":7},{"damage":78,"enemies":"downfall:NeowBoss","floor":55,"turns":15},{"damage":65,"enemies":"downfall:NeowBossFinal","floor":56,"turns":5}],"seed_played":"7971113072791633628","potions_obtained":[{"floor":12.0,"key":"Dexterity Potion"},{"floor":15.0,"key":"SpeedPotion"},{"floor":16.0,"key":"Energy Potion"},{"floor":22.0,"key":"Dexterity Potion"},{"floor":27.0,"key":"DuplicationPotion"},{"floor":28.0,"key":"Block Potion"},{"floor":31.0,"key":"sneckomod:MuddlingPotion"},{"floor":37.0,"key":"Energy Potion"},{"floor":44.0,"key":"Swift Potion"},{"floor":49.0,"key":"Ancient Potion"}],"is_trial":false,"path_per_floor":["R","M","$","T","?","$","T","R","?","$","R","M","T","?","M","B",null,"R","M","M","T","?","R","T","M","$","E","M","?","R","M","M","B",null,"R","M","M","M","?","?","T","E","?","M","E","R","M","?","M","B",null,"E","$","R","B","B"],"character_chosen":"THE_SPIRIT","items_purchased":["Bag of Marbles","Bottled Flame","Ginger","SkillPotion"],"campfire_rested":3,"item_purchase_floors":[26,53,53,53],"current_hp_per_floor":[63,63,63,63,63,58,58,58,58,55,55,54,54,54,52,34,61,71,56,30,30,15,39,39,29,29,18,7,7,31,31,31,17,64,64,50,50,49,36,36,46,53,53,60,65,90,90,90,90,74,86,79,79,79,38,0,0,0],"gold":8,"neow_bonus":"UPGRADE_CARD","is_daily":false,"chose_seed":false,"campfire_upgraded":5,"win_rate":0.0,"timestamp":1613383362,"path_taken":["R","M","$","?","?","?","T","R","?","$","R","M","?","?","M","BOSS","R","M","M","?","?","R","T","M","$","E","M","?","R","M","M","BOSS","R","M","M","M","?","?","T","E","?","M","E","R","?","?","M","BOSS","E","$","R","BOSS","BOSS"],"items_purchased_type":["Relic","Relic","Relic","Potion"],"build_version":"2020-12-22","purchased_purges":1,"victory":false,"max_hp_per_floor":[70,70,70,70,70,70,70,70,70,70,70,70,70,70,70,70,70,80,80,80,80,80,80,80,80,80,80,80,80,80,80,80,80,80,80,80,80,80,80,80,90,90,90,90,90,90,90,90,90,90,90,90,90,90,90,90,90,90],"card_choices":[{"not_picked":["hexamod:Firestarter","hexamod:SoulSteal"],"picked":"hexamod:SpectralAdrenaline","floor":2.0},{"not_picked":["hexamod:RetreatToShadows","hexamod:Rewind"],"picked":"hexamod:FlamesFromBeyond","floor":3.0},{"not_picked":["hexamod:BacktrackSmack","hexamod:SuperheatedStrike"],"picked":"hexamod:ShieldOfDarkness","floor":6.0},{"not_picked":["hexamod:ChargedBarrage","hexamod:SpectralSpark"],"picked":"hexamod:FlamesFromBeyond","floor":10.0},{"not_picked":["hexamod:SpectralAdrenaline","hexamod:ChargedBarrage"],"picked":"hexamod:BurningTouch","floor":12.0},{"not_picked":["hexamod:HeatMetal","hexamod:ChargedBarrage"],"picked":"hexamod:RadiantFlame","floor":15.0},{"not_picked":["hexamod:GiftsFromTheDead","hexamod:ForkedFlame"],"picked":"hexamod:TimeWarp","floor":16.0},{"not_picked":["hexamod:SpectralAdrenaline","hexamod:SuperheatedStrike"],"picked":"hexamod:PhantomCloak","floor":19.0},{"not_picked":["hexamod:GhostLash","hexamod:BurningTouch+1"],"picked":"hexamod:InspiringFlames","floor":20.0},{"not_picked":["hexamod:BacktrackSmack","hexamod:SpectralSpark"],"picked":"hexamod:ThermalTransfer+1","floor":22.0},{"not_picked":["hexamod:SpectralSpark+1","hexamod:Haunt"],"picked":"hexamod:BurningTouch+1","floor":25.0},{"not_picked":["hexamod:HeatShield","hexamod:TurnItUp"],"picked":"hexamod:ThermalTransfer","floor":26.0},{"not_picked":["hexamod:UnleashSpirits","hexamod:BacktrackSmack"],"picked":"hexamod:EtherealExpedition","floor":27.0},{"not_picked":["hexamod:Hexaguard","hexamod:NightmareStrike+1"],"picked":"hexamod:Incineration+1","floor":28.0},{"not_picked":["hexamod:Rewind+1","hexamod:SuperheatedStrike"],"picked":"hexamod:SoulSteal+1","floor":31.0},{"not_picked":["hexamod:BacktrackSmack+1","hexamod:HeatShield"],"picked":"hexamod:HeatMetal","floor":32.0},{"not_picked":["hexamod:ApocalypseNow","hexamod:ParanormalForm"],"picked":"hexamod:GhostOfSpirePresent","floor":33.0},{"not_picked":["hexamod:GhostOfSpirePast+1","hexamod:FlamesFromBeyond"],"picked":"hexamod:SpectersWail","floor":36.0},{"not_picked":["hexamod:FastForward+1","hexamod:InspiringFlames+1"],"picked":"hexamod:PhantomCloak","floor":37.0},{"not_picked":["hexamod:StepThrough","hexamod:GhostflameInferno"],"picked":"hexamod:EmpoweredFlame","floor":38.0},{"not_picked":["hexamod:RetreatToShadows+1","hexamod:SwordOfDarkness"],"picked":"hexamod:FirstSeal","floor":39.0},{"not_picked":["hexamod:SwordOfDarkness+1","hexamod:SoulSteal+1"],"picked":"hexamod:ThermalTransfer+1","floor":42.0},{"not_picked":["hexamod:CatchUp+1","hexamod:Rewind+1"],"picked":"hexamod:FirstSeal","floor":44.0},{"not_picked":["hexamod:PhantomFireball","hexamod:SecondSeal","hexamod:SuperheatedStrike+1"],"picked":"SKIP","floor":45.0},{"not_picked":["hexamod:SoulSteal","hexamod:PhantomFireball+1"],"picked":"hexamod:ThermalTransfer+1","floor":47.0},{"not_picked":["hexamod:NecessarySacrifice+1","hexamod:FlamesFromBeyond"],"picked":"hexamod:EmpoweredFlame","floor":49.0},{"not_picked":["hexamod:SpectralSpark+1","hexamod:PowerFromBeyond"],"picked":"hexamod:GhostLash+1","floor":52}],"player_experience":1936630,"relics_obtained":[{"floor":4.0,"key":"hexamod:BolsterEngine"},{"floor":13.0,"key":"hexamod:InflammatoryLetter"},{"floor":21.0,"key":"MawBank"},{"floor":22.0,"key":"Du-Vu Doll"},{"floor":22.0,"key":"HornCleat"},{"floor":24.0,"key":"PreservedInsect"},{"floor":27.0,"key":"Darkstone Periapt"},{"floor":39.0,"key":"champ:DuelingGlove"},{"floor":41.0,"key":"Pear"},{"floor":42.0,"key":"bronze:DecasWashers"},{"floor":45.0,"key":"Bird Faced Urn"},{"floor":52,"key":"Bottled Tornado"}],"event_choices":[{"damage_healed":0.0,"max_hp_gain":0.0,"max_hp_loss":0.0,"gold_gain":0.0,"event_name":"Mysterious Sphere","player_choice":"Fight","floor":39.0,"gold_loss":0.0,"damage_taken":0.0},{"damage_healed":0.0,"max_hp_gain":0.0,"max_hp_loss":0.0,"gold_gain":300.0,"event_name":"Wheel of Change","player_choice":"Gold","floor":48.0,"gold_loss":0.0,"damage_taken":0.0}],"is_beta":false,"boss_relics":[{"not_picked":["Tiny House","Calling Bell"],"picked":"hexamod:IceCube"},{"not_picked":["Philosopher\u0027s Stone","Busted Crown"],"picked":"expansioncontent:StudyCardRelic"}],"items_purged_floors":[26],"is_endless":false,"potions_floor_spawned":[12,15,16,22,27,28,31,37,38,44,49],"killed_by":"downfall:NeowBossFinal","ascension_level":6}}