{"host":"21h5e52imz35vo8g","time":1613396720,"event":{"mods":["AchievementEnabler","BaseMod","Colored Map","Colored Powertips","Googly Eyes","Minty Spire (QoL Compilation)","Quick Restart","Rare Cards Sparkle","Replay The Spire","StSLib"],"gold_per_floor":[119,194,194,15,33,62,62,91,116,116,116,142,142,142,142,279,279,281,281],"floor_reached":18,"language":"ZHS","playtime":629,"items_purged":[],"score":201,"play_id":"ec5a5be5-d672-4e68-8396-ff675fc42e90","local_time":"20210215214520","is_ascension_mode":true,"campfire_choices":[{"data":"Chill","floor":7,"key":"SMITH"},{"data":"Zap","floor":11,"key":"SMITH"},{"data":"Gash","floor":13,"key":"SMITH"},{"floor":15,"key":"REST"}],"circlet_count":0,"master_deck":["Strike_B+1","Strike_B","Strike_B","Strike_B","Defend_B","Defend_B","Defend_B","Defend_B","Zap+1","Dualcast","Skim+1","Panache","Go for the Eyes+1","Chill+1","Gash+1"],"relics":["Cracked Core","NeowsBlessing","Replay:Bandana","Lantern","Golden Idol","Prayer Wheel"],"acts_visited":["Exordium","TheCity"],"potions_floor_usage":[],"damage_taken":[{"damage":0,"enemies":"Small Slimes","floor":1,"turns":1},{"damage":0,"enemies":"2 Louse","floor":5,"turns":1},{"damage":0,"enemies":"3 Sentries","floor":6,"turns":1},{"damage":4,"enemies":"Cultist","floor":8,"turns":3},{"damage":2,"enemies":"Blue Slaver","floor":12,"turns":4},{"damage":26,"enemies":"Fading Forest","floor":16,"turns":11},{"damage":0,"enemies":"3 Byrds","floor":18,"turns":2}],"seed_played":"-7106720061092711076","potions_obtained":[{"floor":6,"key":"AttackPotion"},{"floor":12,"key":"DistilledChaos"}],"is_trial":false,"path_per_floor":["M","?","?","$","M","E","R","M","T","?","R","M","R","?","R","B",null,"M"],"character_chosen":"DEFECT","items_purchased":["Panache"],"campfire_rested":1,"item_purchase_floors":[4],"current_hp_per_floor":[75,64,64,64,64,64,64,60,60,45,45,43,43,25,47,31,75,75,75],"gold":281,"neow_bonus":"THREE_ENEMY_KILL","is_daily":false,"chose_seed":false,"campfire_upgraded":3,"win_rate":0.0,"timestamp":1613396720,"path_taken":["M","?","?","$","M","E","R","?","T","?","R","M","R","?","R","BOSS","M"],"items_purchased_type":["Card"],"build_version":"2020-12-22","purchased_purges":0,"victory":false,"max_hp_per_floor":[75,75,75,75,75,75,75,75,75,75,75,75,75,75,75,75,75,75,75],"card_choices":[{"not_picked":["Beam Cell","Cold Snap"],"picked":"Skim","floor":1},{"not_picked":["Leap","Streamline"],"picked":"Go for the Eyes","floor":5},{"not_picked":["Self Repair","ReplayTheSpireMod:Calculation Training"],"picked":"Chill","floor":6},{"not_picked":["Sweeping Beam","Stack","Ball Lightning"],"picked":"SKIP","floor":8},{"not_picked":["ReplayTheSpireMod:Repulse","FTL"],"picked":"Gash","floor":12},{"not_picked":["All For One","Biased Cognition"],"picked":"ReplayTheSpireMod:Fabricate Wheel","floor":16}],"player_experience":381412,"relics_obtained":[{"floor":6,"key":"Replay:Bandana"},{"floor":9,"key":"Lantern"}],"event_choices":[{"damage_healed":0,"gold_gain":75,"player_choice":"Gather Gold","damage_taken":11,"max_hp_gain":0,"max_hp_loss":0,"event_name":"World of Goop","floor":2,"gold_loss":0},{"damage_healed":0,"gold_gain":0,"player_choice":"Upgraded","damage_taken":0,"max_hp_gain":0,"max_hp_loss":0,"event_name":"Upgrade Shrine","floor":3,"gold_loss":0,"cards_upgraded":["Skim"]},{"damage_healed":0,"gold_gain":0,"player_choice":"Entered Light","damage_taken":15,"max_hp_gain":0,"max_hp_loss":0,"event_name":"Shining Light","floor":10,"gold_loss":0,"cards_upgraded":["Strike_B","Go for the Eyes"]},{"damage_healed":0,"gold_gain":0,"player_choice":"Take Damage","damage_taken":18,"relics_obtained":["Golden Idol"],"max_hp_gain":0,"max_hp_loss":0,"event_name":"Golden Idol","floor":14,"gold_loss":0}],"is_beta":false,"boss_relics":[{"not_picked":["Replay:Wanted Poster","Cursed Key","Abe\u0027s Treasure"]}],"items_purged_floors":[],"is_endless":false,"potions_floor_spawned":[6,12],"killed_by":"3 Byrds","ascension_level":2}}