{"host":"piyeakrcma5mdvsv","time":1613428206,"event":{"mods":["AchievementEnabler","BaseMod","BetterRewards","Colored Map","Colored Powertips","Googly Eyes","Highlight Path","Minty Spire (QoL Compilation)","Quick Restart","Rare Cards Sparkle","Shop Mod","StSLib","SuperFastMode"],"gold_per_floor":[16,16,16,32,107,107,107,124,193,206,225,276,276,286,286,389,389,409,283,299,316,329,346,346,346,346,361,392,403,403,414,414,512,512,523,540,370,370,381,381,107,0,69,86,86,86,112,126,126,126,126,126,6,34,34],"floor_reached":56,"language":"ENG","playtime":2241,"items_purged":["Defend_R","Defend_R","Defend_R","Seeing Red+1"],"score":1268,"play_id":"58a17401-d94f-4a16-8bdd-a35cdebef83b","local_time":"20210215173006","is_ascension_mode":false,"campfire_choices":[{"floor":7,"key":"REST"},{"floor":15,"key":"REST"},{"floor":30,"key":"REST"},{"floor":32,"key":"RECALL"},{"data":"Barricade","floor":40,"key":"SMITH"},{"data":"Shrug It Off","floor":45,"key":"SMITH"},{"data":"Impervious","floor":49,"key":"SMITH"},{"data":"Shrug It Off","floor":52,"key":"SMITH"}],"circlet_count":0,"master_deck":["Shrug It Off+1","Entrench+1","Body Slam+1","Combust","Shrug It Off+1","Body Slam+1","Entrench+1","Barricade+1","Impervious+1"],"relics":["Burning Blood","Molten Egg 2","Centennial Puzzle","HornCleat","Empty Cage","Regal Pillow","Philosopher\u0027s Stone","Pen Nib","Red Mask","The Courier","Question Card","Gremlin Horn"],"acts_visited":["Exordium","TheCity","TheBeyond","TheEnding"],"potions_floor_usage":[31,33,35,39,44,50,55],"damage_taken":[{"damage":18,"enemies":"2 Louse","floor":1,"turns":3},{"damage":25,"enemies":"Jaw Worm","floor":4,"turns":4},{"damage":12,"enemies":"Cultist","floor":8,"turns":5},{"damage":25,"enemies":"2 Fungi Beasts","floor":10,"turns":6},{"damage":0,"enemies":"Looter","floor":11,"turns":3},{"damage":1,"enemies":"Red Slaver","floor":14,"turns":2},{"damage":26,"enemies":"The Guardian","floor":16,"turns":16},{"damage":11,"enemies":"3 Byrds","floor":18,"turns":5},{"damage":2,"enemies":"Chosen","floor":20,"turns":2},{"damage":3,"enemies":"3 Cultists","floor":21,"turns":4},{"damage":9,"enemies":"Snake Plant","floor":22,"turns":2},{"damage":4,"enemies":"Cultist and Chosen","floor":23,"turns":6},{"damage":3,"enemies":"3 Cultists","floor":27,"turns":3},{"damage":40,"enemies":"Slavers","floor":28,"turns":10},{"damage":18,"enemies":"Snake Plant","floor":29,"turns":4},{"damage":1,"enemies":"Centurion and Healer","floor":31,"turns":2},{"damage":23,"enemies":"Collector","floor":33,"turns":8},{"damage":2,"enemies":"3 Darklings","floor":35,"turns":2},{"damage":2,"enemies":"Orb Walker","floor":36,"turns":4},{"damage":16,"enemies":"Maw","floor":39,"turns":6},{"damage":1,"enemies":"Writhing Mass","floor":44,"turns":2},{"damage":6,"enemies":"Nemesis","floor":47,"turns":3},{"damage":0,"enemies":"Spire Growth","floor":48,"turns":3},{"damage":1,"enemies":"Donu and Deca","floor":50,"turns":4},{"damage":37,"enemies":"Shield and Spear","floor":54,"turns":5},{"damage":60,"enemies":"The Heart","floor":55,"turns":7}],"seed_played":"1743064094267297016","potions_obtained":[{"floor":4,"key":"GamblersBrew"},{"floor":8,"key":"BlessingOfTheForge"},{"floor":14,"key":"FairyPotion"},{"floor":18,"key":"SneckoOil"},{"floor":23,"key":"LiquidMemories"},{"floor":28,"key":"SpeedPotion"},{"floor":33,"key":"AttackPotion"},{"floor":36,"key":"Fruit Juice"},{"floor":39,"key":"Fruit Juice"},{"floor":44,"key":"Energy Potion"},{"floor":48,"key":"LiquidMemories"}],"is_trial":false,"path_per_floor":["M","?","?","M","?","?","R","M","T","M","M","T","?","M","R","B",null,"M","$","M","M","M","M","?","?","T","M","E","M","R","M","R","B",null,"M","M","$","?","M","R","$","?","T","M","R","?","E","M","R","B",null,"R","$","E","B",null],"character_chosen":"IRONCLAD","items_purchased":["Body Slam+1","Impervious","Pen Nib"],"campfire_rested":3,"item_purchase_floors":[19,37,41],"current_hp_per_floor":[68,68,68,49,38,38,62,56,56,37,43,43,43,48,72,52,80,75,75,79,80,77,79,79,79,79,80,46,34,73,78,78,61,80,80,80,80,80,75,75,75,75,75,85,85,85,85,90,90,90,90,90,90,59,32],"gold":34,"neow_bonus":"REMOVE_TWO","is_daily":false,"chose_seed":false,"campfire_upgraded":4,"win_rate":0.0,"timestamp":1613428206,"path_taken":["M","?","?","?","?","?","R","M","T","M","?","?","?","M","R","BOSS","M","$","M","M","M","?","?","?","T","M","E","M","R","M","R","BOSS","M","M","$","?","?","R","$","?","T","M","R","?","E","M","R","BOSS","R","$","E","BOSS"],"items_purchased_type":["Card","Card","Relic"],"build_version":"2020-12-22","purchased_purges":4,"victory":true,"max_hp_per_floor":[80,80,80,80,80,80,80,80,80,80,80,80,80,80,80,80,80,80,80,80,80,80,80,80,80,80,80,80,80,80,80,80,80,80,80,80,80,80,85,85,85,85,85,90,90,90,90,90,90,90,90,90,90,90,90],"card_choices":[{"not_picked":["Flex","Intimidate"],"picked":"Shrug It Off","floor":1},{"not_picked":["Sentinel","Flex","Battle Trance"],"picked":"SKIP","floor":4},{"not_picked":["Anger","Wild Strike","Clash"],"picked":"SKIP","floor":8},{"not_picked":["Fire Breathing","Corruption"],"picked":"Body Slam+1","floor":10},{"not_picked":["Rage","Bloodletting"],"picked":"Combust","floor":11},{"not_picked":["Fire Breathing","Clothesline+1"],"picked":"Shrug It Off","floor":14},{"not_picked":["Sword Boomerang+1","Cleave+1","Whirlwind+1"],"picked":"SKIP","floor":18},{"not_picked":["Warcry","Clash+1","Clothesline+1"],"picked":"SKIP","floor":20},{"not_picked":["Heavy Blade+1","Fire Breathing","Cleave+1"],"picked":"SKIP","floor":21},{"not_picked":["Perfected Strike+1","Heavy Blade+1","Wild Strike+1"],"picked":"SKIP","floor":22},{"not_picked":["Reaper+1","Wild Strike+1","Heavy Blade+1"],"picked":"SKIP","floor":23},{"not_picked":["Thunderclap+1","Dual Wield","Clothesline+1"],"picked":"SKIP","floor":27},{"not_picked":["Bloodletting+1","Fire Breathing","Flex"],"picked":"SKIP","floor":28},{"not_picked":["Wild Strike+1","Spot Weakness"],"picked":"Entrench+1","floor":29},{"not_picked":["Blood for Blood+1","True Grit+1","Whirlwind+1"],"picked":"SKIP","floor":31},{"not_picked":["Double Tap","Feed+1"],"picked":"Barricade","floor":33},{"not_picked":["Headbutt+1","Havoc+1"],"picked":"Seeing Red+1","floor":35},{"not_picked":["Dual Wield+1","Perfected Strike+1","Sword Boomerang+1"],"picked":"SKIP","floor":36},{"not_picked":["Shockwave","Inflame+1","Pommel Strike+1"],"picked":"SKIP","floor":39},{"not_picked":["Thunderclap+1","Infernal Blade+1","Twin Strike+1"],"picked":"SKIP","floor":44},{"not_picked":["Dual Wield+1","Battle Trance+1","Combust"],"picked":"SKIP","floor":47},{"not_picked":["Body Slam+1","Pommel Strike+1","Entrench+1","Iron Wave+1"],"picked":"SKIP","floor":48},{"not_picked":["Intimidate","Havoc","Infernal Blade+1","Shockwave+1"],"picked":"SKIP","floor":54}],"player_experience":285537,"relics_obtained":[{"floor":9,"key":"Molten Egg 2"},{"floor":12,"key":"Centennial Puzzle"},{"floor":28,"key":"Regal Pillow"},{"floor":43,"key":"The Courier"},{"floor":47,"key":"Question Card"},{"floor":54,"key":"Gremlin Horn"}],"event_choices":[{"cards_removed":["Strike_R"],"damage_healed":0,"gold_gain":0,"player_choice":"Forget","damage_taken":0,"max_hp_gain":0,"max_hp_loss":0,"event_name":"Living Wall","floor":2,"gold_loss":0},{"cards_removed":["Strike_R"],"damage_healed":0,"gold_gain":0,"player_choice":"Offered Basic","damage_taken":0,"max_hp_gain":0,"max_hp_loss":0,"event_name":"Bonfire Elementals","floor":3,"gold_loss":0},{"damage_healed":0,"gold_gain":75,"player_choice":"Gather Gold","damage_taken":11,"max_hp_gain":0,"max_hp_loss":0,"event_name":"World of Goop","floor":5,"gold_loss":0},{"damage_healed":0,"gold_gain":0,"cards_transformed":["Defend_R"],"player_choice":"Transformed","damage_taken":0,"max_hp_gain":0,"max_hp_loss":0,"event_name":"Transmorgrifier","floor":6,"gold_loss":0,"cards_obtained":["Entrench"]},{"damage_healed":0,"gold_gain":0,"player_choice":"Gave Potion","damage_taken":0,"relics_obtained":["HornCleat"],"max_hp_gain":0,"max_hp_loss":0,"event_name":"WeMeetAgain","floor":13,"gold_loss":0},{"damage_healed":0,"gold_gain":0,"player_choice":"Ignored","damage_taken":0,"max_hp_gain":0,"max_hp_loss":0,"event_name":"Vampires","floor":24,"gold_loss":0},{"damage_healed":0,"gold_gain":0,"player_choice":"Bought 0 Potions","damage_taken":0,"max_hp_gain":0,"max_hp_loss":0,"event_name":"The Woman in Blue","floor":25,"gold_loss":0},{"damage_healed":0,"gold_gain":0,"player_choice":"Upgraded","damage_taken":0,"max_hp_gain":0,"max_hp_loss":0,"event_name":"Upgrade Shrine","floor":38,"gold_loss":0,"cards_upgraded":["Entrench"]},{"damage_healed":0,"gold_gain":0,"player_choice":"Paid","damage_taken":0,"relics_obtained":["Red Mask"],"max_hp_gain":0,"max_hp_loss":0,"event_name":"Tomb of Lord Red Mask","floor":42,"gold_loss":107},{"damage_healed":0,"gold_gain":0,"player_choice":"Memory 1","damage_taken":0,"max_hp_gain":0,"max_hp_loss":0,"event_name":"SensoryStone","floor":46,"gold_loss":0}],"is_beta":false,"boss_relics":[{"not_picked":["Cursed Key","SlaversCollar"],"picked":"Empty Cage"},{"not_picked":["Black Blood","SacredBark"],"picked":"Philosopher\u0027s Stone"}],"items_purged_floors":[19,37,41,53],"is_endless":false,"potions_floor_spawned":[4,8,14,18,23,28,33,36,39,44,48],"ascension_level":0}}