{"host":"ojezjkpqju62j8xy","time":1613392266,"event":{"mods":["ATMod(°¢èªMod)","Act Like it!","Aspiration","BaseMod","Conspire","Gensokyo","Minty Spire (QoL Compilation)","Pale of the Ancients","Reliquary","Replay The Spire","Spicy Shops","StSLib","¡¾ÒÅÎï¿¨ÅÆ¡¿REMEMod","²ÐÁôÖ®Îï"],"gold_per_floor":[114,124,142,159,222,250,250,276,323,353,213,54,113,113,113,237,237,272,363,433,14,14,14,171,535,561,617,284,391,477,635,635,881,881,966,337,337,374,412,562,562,772,772,891,891,914,1066,1129,1129,1354,1354,1354,1354],"floor_reached":52,"language":"ZHS","playtime":3031,"items_purged":["Looming Evil","Clumsy","ReplayTheSpireMod:Splinters","Writhe","Injury"],"score":1458,"play_id":"f8b6d12d-4e4c-4226-bdda-e93f06a18bf2","local_time":"20210215203106","is_ascension_mode":true,"campfire_choices":[{"floor":7,"key":"RECALL"},{"floor":15,"key":"REST"},{"data":"REME_CRH","floor":23,"key":"SMITH"},{"data":"REME_CRH","floor":32,"key":"SMITH"},{"data":"WreathOfFlame","floor":41,"key":"SMITH"},{"floor":45,"key":"REST"},{"data":"AT_DivineConfetti+1","floor":49,"key":"SMITH"}],"circlet_count":0,"master_deck":["Strike_P","Strike_P","Strike_P","Strike_P","Defend_P","Defend_P","Defend_P","Defend_P","Eruption","Vigilance+1","AT_EmpoweredMortalDraw+1","REME_LeechingPoison+1","EmptyMind","EmptyFist","Wallop+1","Indignation","FollowUp","BattleHymn","REME_Repentance","WreathOfFlame+1","ClearTheMind","Halt","REME_CRH+1","AbeCurse","Halt+1","Halt+1","REME_Repentance+1","AT_MachinaRedman","EmptyFist","TalkToTheHand+1","REME_CRH+1","WheelKick+1","MasterReality","Crescendo+1","AT_DivineConfetti+2","Alpha","Halt+1","Trip","Thunderclap+1","ClearTheMind","Flame Barrier+1","Power Through+1","Consecrate","CrushJoints","AT_SoftenMuscles+1"],"relics":["PureWater","AT_ATBox","REME_ComplimentaryCards","Iron Hammer","Question Card","ReplayTheSpireMod:Shallot","reliquary:Aerogel","TungstenRod","ReplayTheSpireMod:CursedCoin","Strange Spoon","AT_MibuBalloonWealth","Kunai","aspiration:Lifesprig","Abe\u0027s Treasure","Guide Book","AT_EbonyIvory","reliquary:Boomerang","White Beast Statue","Blood Vial","reliquary:Spinner","reliquary:PorcupineQuills","AT_TheCollector","Gremlin Food","aspiration:IroncladSkillbook","Akabeko","reliquary:Buckler","HandDrill","conspire:BottledYoYo","Darkstone Periapt","Bag of Marbles","conspire:InfiniteJournal","paleoftheancients:Timepiece","paleoftheancients:KeyRelic","CultistMask"],"acts_visited":["Gensokyo:Gensokyo","Gensokyo:Gensokyoer","Gensokyo:Gensokyoest","paleoftheancients:PaleOfTheAncients"],"potions_floor_usage":[20,24,24,29,33,39,40,42,44,47,47,47,47,48,50,51,51],"damage_taken":[{"damage":0,"enemies":"Gensokyo:3_Fairies","floor":1,"turns":4},{"damage":4,"enemies":"Gensokyo:2_Kodama","floor":2,"turns":2},{"damage":6,"enemies":"Gensokyo:Gryphon","floor":3,"turns":4},{"damage":7,"enemies":"Gensokyo:Python_and_Kodama","floor":4,"turns":4},{"damage":24,"enemies":"Gensokyo:Mamizou","floor":6,"turns":6},{"damage":35,"enemies":"Gensokyo:Aya","floor":8,"turns":3},{"damage":0,"enemies":"Gensokyo:Mamizou","floor":10,"turns":5},{"damage":28,"enemies":"Gensokyo:Aya","floor":13,"turns":3},{"damage":25,"enemies":"Gensokyo:Reimu","floor":16,"turns":7},{"damage":3,"enemies":"Gensokyo:AngelMirror","floor":18,"turns":3},{"damage":0,"enemies":"Gensokyo:3_Dogs","floor":19,"turns":4},{"damage":32,"enemies":"Gensokyo:Chomper_and_Gloop","floor":20,"turns":5},{"damage":40,"enemies":"Gensokyo:Reisen","floor":24,"turns":7},{"damage":5,"enemies":"Gensokyo:Slime_Group","floor":25,"turns":3},{"damage":34,"enemies":"Gensokyo:Koishi","floor":27,"turns":6},{"damage":0,"enemies":"Gensokyo:Reisen","floor":29,"turns":1},{"damage":27,"enemies":"Gensokyo:3_Gloops","floor":30,"turns":5},{"damage":0,"enemies":"Gensokyo:Tenshi","floor":31,"turns":3},{"damage":42,"enemies":"Gensokyo:Eiki","floor":33,"turns":5},{"damage":0,"enemies":"Gensokyo:3_Bats","floor":35,"turns":1},{"damage":0,"enemies":"Gensokyo:AncientGuardian","floor":38,"turns":3},{"damage":8,"enemies":"Gensokyo:Rafflesia","floor":39,"turns":5},{"damage":50,"enemies":"Gensokyo:Marisa","floor":40,"turns":5},{"damage":0,"enemies":"Gensokyo:Kasen","floor":42,"turns":3},{"damage":15,"enemies":"Gensokyo:4_Bats","floor":44,"turns":3},{"damage":0,"enemies":"Gensokyo:Marisa","floor":47,"turns":3},{"damage":0,"enemies":"Gensokyo:Dusk_and_Dawn","floor":48,"turns":4},{"damage":14,"enemies":"Gensokyo:Yuyuko","floor":50,"turns":3},{"damage":199,"enemies":"Gensokyo:Yuyuko","floor":51,"turns":8},{"damage":106,"enemies":"Gensokyo:Yuyuko","floor":52,"turns":5}],"seed_played":"5551714586709547972","potions_obtained":[{"floor":4,"key":"FairyPotion"},{"floor":8,"key":"SteroidPotion"},{"floor":16,"key":"Adrenaline Potion"},{"floor":18,"key":"Milkshake"},{"floor":19,"key":"PowerPotion"},{"floor":25,"key":"Swift Potion"},{"floor":27,"key":"Fruit Juice"},{"floor":29,"key":"Adrenaline Potion"},{"floor":30,"key":"Strength Potion"},{"floor":31,"key":"EntropicBrew"},{"floor":33,"key":"Adrenaline Potion"},{"floor":39,"key":"Dexterity Potion"},{"floor":40,"key":"SkillPotion"},{"floor":42,"key":"LiquidMemories"},{"floor":44,"key":"FearPotion"},{"floor":47,"key":"PowerPotion"},{"floor":48,"key":"Explosive Potion"}],"is_trial":false,"path_per_floor":["M","M","M","M","?","E","R","E","T","E","?","$","E","?","R","B",null,"M","M","M","COS","?","R","E","M","T","E","$","E","M","E","R","B",null,"M","$","?","M","M","E","R","E","T","M","R","T","E","M","R","B","M","M"],"character_chosen":"WATCHER","items_purchased":["ReplayTheSpireMod:CursedCoin","Strange Spoon","AT_MibuBalloonWealth","Blood Vial","Akabeko","reliquary:Buckler","HandDrill","Trip"],"campfire_rested":2,"item_purchase_floors":[12,12,12,28,36,36,36,36],"current_hp_per_floor":[72,72,72,65,65,50,50,24,24,24,24,24,23,23,46,51,72,69,78,54,54,62,62,73,79,79,57,57,84,57,84,84,84,84,84,84,84,84,80,78,78,84,84,73,84,84,84,84,84,84,84,0,0],"gold":1354,"neow_bonus":"TEN_PERCENT_HP_BONUS","is_daily":false,"chose_seed":false,"campfire_upgraded":4,"win_rate":0.0,"timestamp":1613392266,"path_taken":["M","M","M","M","?","E","R","E","T","E","?","$","E","?","R","BOSS","M","M","M","COS","?","R","E","M","T","E","$","E","M","E","R","BOSS","M","$","?","M","?","E","R","E","T","?","R","?","E","M","R","BOSS","M","M"],"items_purchased_type":["Relic","Relic","Relic","Relic","Relic","Relic","Relic","Card"],"build_version":"2020-12-22","purchased_purges":5,"victory":false,"max_hp_per_floor":[79,79,79,79,79,79,79,79,79,79,79,79,79,79,79,79,79,79,79,79,79,79,79,79,79,79,79,79,84,84,84,84,84,84,84,84,84,84,84,84,84,84,84,84,84,84,84,84,84,84,84,84,84],"card_choices":[{"not_picked":["JustLucky","SashWhip"],"picked":"EmptyMind","floor":1},{"not_picked":["Swivel","PathToVictory"],"picked":"EmptyFist","floor":2},{"not_picked":["CrushJoints","REME_Repentance"],"picked":"Wallop","floor":3},{"not_picked":["CutThroughFate","FlyingSleeves"],"picked":"Indignation","floor":4},{"not_picked":["EmptyBody","FearNoEvil"],"picked":"FollowUp","floor":5},{"not_picked":["ConjureBlade","Study"],"picked":"BattleHymn","floor":5},{"not_picked":["ThirdEye","CrushJoints"],"picked":"REME_Repentance","floor":6},{"not_picked":["FollowUp","CutThroughFate","Evaluate"],"picked":"WreathOfFlame","floor":8},{"not_picked":["Replay:BluntJabs","Replay:LoomingThreat","JustLucky"],"picked":"ClearTheMind","floor":10},{"not_picked":["Indignation","Weave","BowlingBash"],"picked":"Halt","floor":13},{"not_picked":["AT_IrregularMenstruation","SpiritShield","MasterReality"],"picked":"REME_CRH","floor":16},{"not_picked":["ThirdEye+1","FlyingSleeves+1","EmptyBody"],"picked":"Halt","floor":18},{"not_picked":["ForeignInfluence","EmptyBody","REME_Repentance"],"picked":"Halt+1","floor":19},{"not_picked":["Replay:DivineShield+1","ForeignInfluence","Wallop"],"picked":"REME_Repentance+1","floor":20},{"not_picked":["BowlingBash","Collect","Swivel"],"picked":"AT_MachinaRedman","floor":24},{"not_picked":["Replay:ManipulateFuture","BowlingBash+1","Study+1"],"picked":"EmptyFist","floor":25},{"not_picked":["ThirdEye+1","Evaluate+1","EmptyFist+1"],"picked":"TalkToTheHand+1","floor":27},{"not_picked":["REME_WorshipGod","DeusExMachina","Judgement"],"picked":"REME_CRH","floor":27},{"not_picked":["FlyingSleeves+1","FollowUp","Pray"],"picked":"WheelKick+1","floor":27},{"not_picked":["AT_ChampionKick","EmptyFist","PathToVictory"],"picked":"MasterReality","floor":29},{"not_picked":["Replay:Hum+1","ForeignInfluence","JustLucky"],"picked":"Crescendo+1","floor":30},{"not_picked":["Replay:Cycle","Brilliance","Consecrate"],"picked":"AT_DivineConfetti+1","floor":31},{"not_picked":["DevaForm","DeusExMachina","Omniscience"],"picked":"Alpha","floor":33},{"not_picked":["Intimidate","SashWhip+1","EmptyBody","Evolve"],"picked":"Halt+1","floor":35},{"not_picked":["EmptyBody","AT_RealFormLess+1","Anger+1","AT_BodySlamDance"],"picked":"Thunderclap+1","floor":38},{"not_picked":["Prostrate+1","Havoc","SpiritShield","Clash"],"picked":"ClearTheMind","floor":39},{"not_picked":["AT_IchimonjiDouble","Wild Strike","Evolve","Replay:Hum"],"picked":"Flame Barrier+1","floor":40},{"not_picked":["CrushJoints+1","AT_ShrugMaster","Evolve","REME_Fury"],"picked":"Power Through+1","floor":42},{"not_picked":["Replay:AtTheReady","ReplayTheSpireMod:Strike From Hell+1","Adaptation","DeceiveReality"],"picked":"Consecrate","floor":44},{"not_picked":["ThirdEye","Sword Boomerang+1","Perseverance","Havoc+1"],"picked":"CrushJoints","floor":47},{"not_picked":["Rampage","Nirvana+1","FollowUp","REME_SingleHolding"],"picked":"AT_SoftenMuscles+1","floor":48}],"player_experience":1522320,"relics_obtained":[{"floor":5,"key":"Iron Hammer"},{"floor":6,"key":"Question Card"},{"floor":8,"key":"ReplayTheSpireMod:Shallot"},{"floor":10,"key":"reliquary:Aerogel"},{"floor":13,"key":"Kunai"},{"floor":24,"key":"AT_EbonyIvory"},{"floor":26,"key":"reliquary:Boomerang"},{"floor":27,"key":"White Beast Statue"},{"floor":29,"key":"reliquary:PorcupineQuills"},{"floor":31,"key":"Gremlin Food"},{"floor":42,"key":"conspire:BottledYoYo"},{"floor":43,"key":"Darkstone Periapt"},{"floor":46,"key":"Bag of Marbles"},{"floor":47,"key":"conspire:InfiniteJournal"}],"event_choices":[],"is_beta":false,"boss_relics":[{"not_picked":["Empty Cage","reliquary:ThirdArm"],"picked":"Abe\u0027s Treasure"},{"not_picked":["Replay:Drink Me","reliquary:Ember"],"picked":"aspiration:IroncladSkillbook"}],"items_purged_floors":[12,12,28,28,36],"is_endless":false,"potions_floor_spawned":[4,8,16,18,19,25,27,29,30,31,33,35,38,39,40,42,44,47,48,51],"killed_by":"Gensokyo:Yuyuko","ascension_level":8}}