{"host":"or8fr2mp0k3eluj8","time":1613384006,"event":{"mods":["AchievementEnabler","BaseMod","Colored Map","DeckTracker","Minty Spire (QoL Compilation)","SuperFastMode"],"gold_per_floor":[118,118,136,23,23,55,70,101,156,156,171,171,71,71,71,71,71],"floor_reached":16,"language":"KOR","playtime":352,"items_purged":["Strike_P","Defend_P"],"score":133,"play_id":"8f5e7dd0-0c52-47d1-9cae-f27bdb144bb5","local_time":"20210215191326","is_ascension_mode":false,"campfire_choices":[{"floor":12,"key":"REST"},{"data":"Eruption","floor":15,"key":"SMITH"}],"circlet_count":0,"master_deck":["Strike_P","Strike_P","Strike_P","Defend_P","Defend_P","Eruption+1","Vigilance","FlurryOfBlows","Adaptation","FearNoEvil","Vengeance","TalkToTheHand","Halt+1"],"relics":["PureWater","NeowsBlessing","Sundial","PreservedInsect","Toxic Egg 2","Vajra"],"acts_visited":["Exordium"],"potions_floor_usage":[16],"damage_taken":[{"damage":0,"enemies":"2 Louse","floor":1,"turns":1},{"damage":0,"enemies":"Small Slimes","floor":3,"turns":1},{"damage":0,"enemies":"Gremlin Nob","floor":6,"turns":1},{"damage":0,"enemies":"Cultist","floor":7,"turns":2},{"damage":30,"enemies":"Lagavulin","floor":8,"turns":5},{"damage":3,"enemies":"Red Slaver","floor":11,"turns":3},{"damage":28,"enemies":"The Guardian","floor":16,"turns":7}],"seed_played":"873306116566647655","potions_obtained":[{"floor":1,"key":"Fire Potion"},{"floor":8,"key":"DuplicationPotion"},{"floor":10,"key":"Ambrosia"}],"is_trial":false,"path_per_floor":["M","?","M","$","?","E","M","E","T","?","M","R","$","?","R","B"],"character_chosen":"WATCHER","items_purchased":["FearNoEvil"],"campfire_rested":1,"item_purchase_floors":[4],"current_hp_per_floor":[72,47,47,47,47,47,47,17,17,17,14,35,35,35,35,7,7],"gold":71,"neow_bonus":"THREE_ENEMY_KILL","is_daily":false,"chose_seed":false,"campfire_upgraded":1,"win_rate":0.0,"timestamp":1613384006,"path_taken":["M","?","M","$","?","E","M","E","T","?","?","R","?","?","R","BOSS"],"items_purchased_type":["Card"],"build_version":"2020-12-22","purchased_purges":2,"victory":false,"max_hp_per_floor":[72,72,72,72,72,72,72,72,72,72,72,72,72,72,72,72,72],"card_choices":[{"not_picked":["Fasting2","FollowUp"],"picked":"FlurryOfBlows","floor":1},{"not_picked":["Wallop","EmptyBody"],"picked":"Adaptation","floor":3},{"not_picked":["FlurryOfBlows","Tantrum"],"picked":"Vengeance","floor":6},{"not_picked":["Study","WheelKick"],"picked":"TalkToTheHand","floor":7},{"not_picked":["Protect+1","PathToVictory+1"],"picked":"Halt+1","floor":8},{"not_picked":["PathToVictory+1","EmptyBody+1","FollowUp"],"picked":"SKIP","floor":11}],"player_experience":330686,"relics_obtained":[{"floor":6,"key":"PreservedInsect"},{"floor":8,"key":"Toxic Egg 2"},{"floor":9,"key":"Vajra"}],"event_choices":[{"damage_healed":0,"gold_gain":0,"player_choice":"Success","damage_taken":25,"relics_obtained":["Sundial"],"max_hp_gain":0,"max_hp_loss":0,"event_name":"Scrap Ooze","floor":2,"gold_loss":0},{"cards_removed":["Defend_P"],"damage_healed":0,"gold_gain":0,"player_choice":"Forget","damage_taken":0,"max_hp_gain":0,"max_hp_loss":0,"event_name":"Living Wall","floor":5,"gold_loss":0},{"damage_healed":0,"gold_gain":0,"player_choice":"Got Potions","damage_taken":0,"max_hp_gain":0,"max_hp_loss":0,"event_name":"Lab","floor":10,"gold_loss":0},{"damage_healed":0,"gold_gain":0,"player_choice":"0 cards matched","damage_taken":0,"max_hp_gain":0,"max_hp_loss":0,"event_name":"Match and Keep!","floor":14,"gold_loss":0,"cards_obtained":[]}],"is_beta":false,"boss_relics":[],"items_purged_floors":[4,13],"is_endless":false,"potions_floor_spawned":[1,8],"killed_by":"The Guardian","ascension_level":0}}