{"host":"92mno2xmlx851umg","time":1613348928,"event":{"mods":["BaseMod","Colored Map","Minty Spire (QoL Compilation)","Relic Stats","everything is the same but u backflip on backflip"],"gold_per_floor":[10,24,24,43,60,91,91,111,134,146,156,56,56,81,81,180,180,212,249,279,291,329,341,379,404,416,428,428],"floor_reached":27,"language":"ENG","playtime":2637,"items_purged":[],"score":443,"play_id":"e7afb769-48cf-44a2-aee2-ed7852577dfe","local_time":"20210214162848","is_ascension_mode":true,"campfire_choices":[{"data":"Glass Knife","floor":7.0,"key":"SMITH"},{"floor":13.0,"key":"REST"},{"floor":15.0,"key":"REST"},{"data":"Calculated Gamble","floor":23.0,"key":"SMITH"}],"circlet_count":0,"master_deck":["AscendersBane","Strike_G","Strike_G","Strike_G","Strike_G","Strike_G","Defend_G","Defend_G","Defend_G","Defend_G","Defend_G","Survivor","Neutralize","Glass Knife+1","Eviscerate","Bouncing Flask","Noxious Fumes","Well Laid Plans","Dagger Spray","Dagger Throw","Bullet Time","CurseOfTheBell","Prepared","Calculated Gamble+1","J.A.X.","Backflip+1","Dodge and Roll+1"],"relics":["Ring of the Snake","Du-Vu Doll","Bag of Marbles","Potion Belt","Calling Bell","MawBank","Mummified Hand","Dead Branch","Omamori","Bag of Preparation","Happy Flower","Smiling Mask"],"acts_visited":["Exordium","TheCity"],"potions_floor_usage":[],"damage_taken":[{"damage":0.0,"enemies":"Jaw Worm","floor":1.0,"turns":3.0},{"damage":0.0,"enemies":"Cultist","floor":2.0,"turns":2.0},{"damage":0.0,"enemies":"2 Louse","floor":4.0,"turns":2.0},{"damage":3.0,"enemies":"Blue Slaver","floor":5.0,"turns":3.0},{"damage":27.0,"enemies":"Gremlin Nob","floor":6.0,"turns":5.0},{"damage":5.0,"enemies":"Exordium Wildlife","floor":8.0,"turns":4.0},{"damage":24.0,"enemies":"Gremlin Gang","floor":10.0,"turns":5.0},{"damage":0.0,"enemies":"Large Slime","floor":11.0,"turns":3.0},{"damage":20.0,"enemies":"Lagavulin","floor":14.0,"turns":4.0},{"damage":0.0,"enemies":"Slime Boss","floor":16.0,"turns":7.0},{"damage":1.0,"enemies":"Spheric Guardian","floor":18.0,"turns":3.0},{"damage":7.0,"enemies":"Chosen","floor":20.0,"turns":4.0},{"damage":38.0,"enemies":"Gremlin Leader","floor":24.0,"turns":6.0},{"damage":0,"enemies":"3 Cultists","floor":25,"turns":3},{"damage":20,"enemies":"Book of Stabbing","floor":27,"turns":3}],"seed_played":"7250973143152214564","potions_obtained":[{"floor":1.0,"key":"BlessingOfTheForge"},{"floor":2.0,"key":"GhostInAJar"},{"floor":3.0,"key":"FearPotion"},{"floor":6.0,"key":"BlessingOfTheForge"},{"floor":8.0,"key":"CultistPotion"},{"floor":16.0,"key":"GamblersBrew"},{"floor":18.0,"key":"DuplicationPotion"}],"is_trial":false,"path_per_floor":["M","M","?","M","M","E","R","M","T","M","M","$","R","E","R","B",null,"M","T","M","?","T","R","E","M","T","E"],"character_chosen":"THE_SILENT","items_purchased":["GhostInAJar"],"campfire_rested":2,"item_purchase_floors":[12],"current_hp_per_floor":[63,63,63,63,60,33,33,28,28,4,4,4,25,5,26,26,59,58,58,51,51,51,51,13,13,13,0,0],"gold":428,"neow_bonus":"THREE_RARE_CARDS","is_daily":false,"chose_seed":false,"campfire_upgraded":2,"win_rate":0.0,"timestamp":1613348928,"path_taken":["M","M","?","M","?","E","R","M","T","M","M","?","R","E","R","BOSS","M","?","M","?","?","R","E","?","T","E"],"items_purchased_type":["Potion"],"build_version":"2020-12-22","purchased_purges":0,"victory":false,"max_hp_per_floor":[70,70,70,70,70,70,70,70,70,70,70,70,70,70,70,70,70,70,70,70,70,70,70,70,70,70,70,70],"relic_stats":{"Happy Flower":[2],"counters":[15,57],"Mummified Hand":[5],"Dead Branch":[3],"Bag of Preparation":[6],"MawBank":120,"Smiling Mask":0,"obtain_stats":[{"Du-Vu Doll":6,"Potion Belt":14,"Calling Bell":17,"Happy Flower":24,"Mummified Hand":17,"Dead Branch":17,"Bag of Marbles":9,"Omamori":19,"Bag of Preparation":22,"MawBank":17,"Smiling Mask":26,"Ring of the Snake":0},{"Du-Vu Doll":5,"Potion Belt":9,"Calling Bell":10,"Happy Flower":13,"Mummified Hand":10,"Dead Branch":10,"Bag of Marbles":6,"Omamori":11,"Bag of Preparation":12,"MawBank":10,"Smiling Mask":14,"Ring of the Snake":0},{"Du-Vu Doll":15,"Potion Belt":31,"Calling Bell":38,"Happy Flower":51,"Mummified Hand":38,"Dead Branch":38,"Bag of Marbles":19,"Omamori":41,"Bag of Preparation":45,"MawBank":38,"Smiling Mask":54,"Ring of the Snake":0}],"Ring of the Snake":[30]},"card_choices":[{"not_picked":["Envenom","Bullet Time"],"picked":"Glass Knife","floor":0.0},{"not_picked":["Expertise","Deflect"],"picked":"Eviscerate","floor":1.0},{"not_picked":["Bane","Deflect"],"picked":"Bouncing Flask","floor":2.0},{"not_picked":["Backflip","Backstab"],"picked":"Noxious Fumes","floor":4.0},{"not_picked":["Footwork","Masterful Stab","Cloak And Dagger"],"picked":"SKIP","floor":5.0},{"not_picked":["Dash","Choke"],"picked":"Well Laid Plans","floor":6.0},{"not_picked":["Deadly Poison","Flying Knee","Deflect"],"picked":"SKIP","floor":8.0},{"not_picked":["Acrobatics","Accuracy"],"picked":"Dagger Spray","floor":10.0},{"not_picked":["PiercingWail","Cloak And Dagger","Eviscerate"],"picked":"SKIP","floor":11.0},{"not_picked":["Calculated Gamble","Glass Knife"],"picked":"Dagger Throw","floor":14.0},{"not_picked":["Wraith Form v2","After Image"],"picked":"Bullet Time","floor":16.0},{"not_picked":["Sucker Punch","Deflect"],"picked":"Prepared","floor":18.0},{"not_picked":["Predator","Dash+1"],"picked":"Calculated Gamble","floor":20.0},{"not_picked":["Doppelganger","Underhanded Strike+1"],"picked":"Backflip+1","floor":24.0},{"not_picked":["Deadly Poison","Blade Dance"],"picked":"Dodge and Roll+1","floor":25}],"player_experience":526970,"relics_obtained":[{"floor":6.0,"key":"Du-Vu Doll"},{"floor":9.0,"key":"Bag of Marbles"},{"floor":14.0,"key":"Potion Belt"},{"floor":17.0,"key":"MawBank"},{"floor":17.0,"key":"Mummified Hand"},{"floor":17.0,"key":"Dead Branch"},{"floor":19.0,"key":"Omamori"},{"floor":22.0,"key":"Bag of Preparation"},{"floor":24.0,"key":"Happy Flower"},{"floor":26,"key":"Smiling Mask"}],"event_choices":[{"damage_healed":0.0,"max_hp_gain":0.0,"max_hp_loss":0.0,"gold_gain":0.0,"event_name":"Lab","player_choice":"Got Potions","floor":3.0,"gold_loss":0.0,"damage_taken":0.0},{"damage_healed":0.0,"max_hp_gain":0.0,"max_hp_loss":0.0,"gold_gain":0.0,"event_name":"Drug Dealer","player_choice":"Obtain J.A.X.","floor":21.0,"gold_loss":0.0,"damage_taken":0.0,"cards_obtained":["J.A.X."]}],"is_beta":false,"boss_relics":[{"not_picked":["Tiny House","WristBlade"],"picked":"Calling Bell"}],"items_purged_floors":[],"is_endless":false,"potions_floor_spawned":[1,2,6,8,16,18],"killed_by":"Book of Stabbing","ascension_level":10}}