{"host":"bp3tm7tvk8nf4kb2","time":1613358425,"event":{"mods":["2.2 Compatiblity","AchievementEnabler","BaseMod","Bestiary","Better Match","Better Third Choice","BetterRewards","Colored Map","Colored Powertips","Curses Come First","DeckTracker","Downfall","Friendly Minions","Googly Eyes","Halation","Highlight Path","Lobotomy","LobotomyExtend","Marisa????????","Minty Spire (QoL Compilation)","Morshu Shopkeeper - ENHANCED","Permanent Neow","Quick Restart","Rare Cards Sparkle","Reorder Act Four","Replay The Spire","Shop Mod","Spicy Shops","StSLib","The Marked","TheBandit","TheSwordswoman","Waifu the Spire","Wide Potions","everything is the same but u backflip on backflip"],"gold_per_floor":[117,117,117,132,151,151,171,171,197,217,227,502,33,79,79,79,79],"floor_reached":16,"language":"ENG","playtime":759,"items_purged":["Defend_G","Defend_G"],"score":92,"play_id":"7a99eb5b-7872-4c3a-9627-79a2cbd3523b","local_time":"20210214190705","is_ascension_mode":false,"campfire_choices":[{"data":"Caltrops","floor":6,"key":"SMITH"},{"floor":15,"key":"REST"}],"circlet_count":0,"master_deck":["Strike_G","Strike_G","Strike_G","Strike_G","Strike_G","Defend_G","Defend_G","Survivor","Neutralize","Outmaneuver","Dagger Spray","SpiderBud","Caltrops+1","Laetitia","Caltrops","CherryBlossoms","Slice","Scorched","Calculated Gamble","Regret","CrumblingArmor","Noxious Fumes"],"relics":["Ring of the Snake","CogitoBucket","LetterFromLob","Orichalcum","Toy Ornithopter","ChangeAnything","Juzu Bracelet","Chemical X","Odd Mushroom"],"acts_visited":["Exordium"],"potions_floor_usage":[10,10,11,11,14],"damage_taken":[{"damage":17,"enemies":"Jaw Worm","floor":1,"turns":9},{"damage":3,"enemies":"Cultist","floor":4,"turns":4},{"damage":4,"enemies":"Small Slimes","floor":5,"turns":2},{"damage":0,"enemies":"Gremlin Gang","floor":7,"turns":3},{"damage":1,"enemies":"Looter","floor":10,"turns":3},{"damage":13,"enemies":"Large Slime","floor":11,"turns":2},{"damage":26,"enemies":"The Mushroom Lair","floor":14,"turns":3},{"damage":59,"enemies":"The Guardian","floor":16,"turns":2}],"seed_played":"-9216656612315841585","potions_obtained":[{"floor":5,"key":"Weak Potion"},{"floor":7,"key":"EntropicBrew"}],"is_trial":false,"path_per_floor":["M","?","?","M","M","R","M","?","T","M","M","?","$","?","R","B"],"character_chosen":"THE_SILENT","items_purchased":["Juzu Bracelet","Chemical X"],"campfire_rested":1,"item_purchase_floors":[13,13],"current_hp_per_floor":[53,46,46,43,39,39,39,44,44,53,50,50,50,29,50,0,0],"gold":79,"neow_bonus":"","is_daily":false,"chose_seed":false,"campfire_upgraded":1,"win_rate":0.0,"timestamp":1613358425,"path_taken":["M","?","?","M","M","R","?","?","T","M","?","?","$","?","R","BOSS"],"items_purchased_type":["Relic","Relic"],"build_version":"2020-12-22","purchased_purges":2,"victory":false,"max_hp_per_floor":[70,70,70,70,70,70,70,70,70,70,70,70,70,70,70,70,70],"card_choices":[{"not_picked":["CherryBlossoms","MHz"],"picked":"UniverseFragment","floor":1},{"not_picked":["Choke","Sneak Up"],"picked":"Outmaneuver","floor":1},{"not_picked":["Murderer","FairyFestival","WallGazer"],"picked":"Singing Bowl","floor":4},{"not_picked":["OldLady","FairyFestival"],"picked":"NakedNest","floor":4},{"not_picked":["Backstab","Deflect"],"picked":"Dagger Spray","floor":4},{"not_picked":["OSAHOGD","BeautyBeast"],"picked":"SpiderBud","floor":5},{"not_picked":["ReplayTheSpireMod:Shiv Toss","Infinite Blades"],"picked":"Caltrops","floor":5},{"not_picked":["FieryBird","WallGazer"],"picked":"Laetitia","floor":7},{"not_picked":["Sucker Punch","Prepared"],"picked":"Caltrops","floor":7},{"not_picked":["DespairKnight","RedShoes"],"picked":"CherryBlossoms","floor":10},{"not_picked":["PiercingWail","ReplayTheSpireMod:Exploit Weakness"],"picked":"Slice","floor":10},{"not_picked":["Bloodbath","BeautyBeast"],"picked":"Scorched","floor":11},{"not_picked":["Backflip","Dagger Throw"],"picked":"Calculated Gamble","floor":11},{"not_picked":["PunishingBird","BeautyBeast"],"picked":"CrumblingArmor","floor":14},{"not_picked":["Sucker Punch","Backflip"],"picked":"Noxious Fumes","floor":14}],"player_experience":67322,"relics_obtained":[{"floor":1,"key":"LetterFromLob"},{"floor":9,"key":"Toy Ornithopter"},{"floor":14,"key":"Odd Mushroom"}],"event_choices":[{"cards_removed":["Defend_G"],"damage_healed":0,"gold_gain":0,"player_choice":"Card Removal","damage_taken":7,"max_hp_gain":0,"max_hp_loss":0,"event_name":"Golden Wing","floor":2,"gold_loss":0},{"cards_removed":["UniverseFragment"],"damage_healed":0,"gold_gain":0,"player_choice":"Gave Card","damage_taken":0,"relics_obtained":["Orichalcum"],"max_hp_gain":0,"max_hp_loss":0,"event_name":"WeMeetAgain","floor":3,"gold_loss":0},{"cards_removed":["NakedNest"],"damage_healed":5,"gold_gain":0,"player_choice":"Offered Special","damage_taken":0,"max_hp_gain":0,"max_hp_loss":0,"event_name":"Bonfire Elementals","floor":8,"gold_loss":0},{"damage_healed":0,"gold_gain":275,"player_choice":"Desecrate","damage_taken":0,"max_hp_gain":0,"max_hp_loss":0,"event_name":"Golden Shrine","floor":12,"gold_loss":0,"cards_obtained":["Regret"]},{"damage_healed":0,"gold_gain":0,"player_choice":"Fought Mushrooms","damage_taken":0,"max_hp_gain":0,"max_hp_loss":0,"event_name":"Mushrooms","floor":14,"gold_loss":0}],"is_beta":false,"boss_relics":[],"items_purged_floors":[13,13],"is_endless":false,"potions_floor_spawned":[5,7,10],"killed_by":"The Guardian","ascension_level":0}}