{"host":"sav7uxregyirlf69","time":1613378145,"event":{"mods":["AchievementEnabler","BaseMod","Colored Map","DeckTracker","Keyboard Shortcuts","Minty Spire (QoL Compilation)","READ ME - Guardian Mod","StSLib","SuperFastMode"],"gold_per_floor":[109,119,44,44,54,54,15,45,45,45,45,61,61,79,79,79,79],"floor_reached":16,"language":"KOR","playtime":191,"items_purged":["Defend_G"],"score":200,"play_id":"db62c23b-3657-4c60-963b-1954dd503702","local_time":"20210215173545","is_ascension_mode":true,"campfire_choices":[{"data":"Terror","floor":6.0,"key":"SMITH"},{"data":"Blade Dance","floor":13.0,"key":"SMITH"},{"floor":15.0,"key":"REST"}],"circlet_count":0,"master_deck":["AscendersBane","Strike_G","Strike_G","Strike_G","Strike_G","Strike_G","Defend_G","Defend_G","Defend_G","Defend_G","Survivor","Neutralize","Terror+1","Blade Dance+1","Noxious Fumes+1","Escape Plan","Blade Dance"],"relics":["Ring of the Snake","Juzu Bracelet","Frozen Egg 2","Toy Ornithopter","Ancient Tea Set"],"acts_visited":["Exordium"],"potions_floor_usage":[],"damage_taken":[{"damage":0.0,"enemies":"Cultist","floor":1.0,"turns":4.0},{"damage":1.0,"enemies":"2 Louse","floor":2.0,"turns":2.0},{"damage":4.0,"enemies":"Jaw Worm","floor":5.0,"turns":4.0},{"damage":11.0,"enemies":"Gremlin Nob","floor":8.0,"turns":3.0},{"damage":3.0,"enemies":"Looter","floor":12.0,"turns":3.0},{"damage":6.0,"enemies":"Lots of Slimes","floor":14.0,"turns":3.0},{"damage":46,"enemies":"Slime Boss","floor":16,"turns":6}],"seed_played":"8950300173798926791","potions_obtained":[{"floor":1.0,"key":"Poison Potion"},{"floor":5.0,"key":"Energy Potion"}],"is_trial":false,"path_per_floor":["M","M","$","?","M","R","$","E","T","?","?","M","R","M","R","B"],"character_chosen":"THE_SILENT","items_purchased":["Noxious Fumes+1"],"campfire_rested":1,"item_purchase_floors":[7],"current_hp_per_floor":[59,58,58,58,54,54,54,43,43,25,25,22,22,16,35,0,0],"gold":79,"neow_bonus":"RANDOM_COMMON_RELIC","is_daily":false,"chose_seed":false,"campfire_upgraded":2,"win_rate":0.0,"timestamp":1613378145,"path_taken":["M","M","?","?","M","R","$","E","T","?","?","M","R","M","R","BOSS"],"items_purchased_type":["Card"],"build_version":"2020-12-22","purchased_purges":1,"victory":false,"max_hp_per_floor":[66,66,66,66,66,66,66,66,66,66,66,66,66,66,66,66,66],"card_choices":[{"not_picked":["Dash","Deflect"],"picked":"Terror","floor":1.0},{"not_picked":["Accuracy","Outmaneuver","Well Laid Plans"],"picked":"SKIP","floor":2.0},{"not_picked":["Flying Knee","Deadly Poison"],"picked":"Blade Dance","floor":5.0},{"not_picked":["Malaise","Masterful Stab"],"picked":"Escape Plan","floor":8.0},{"not_picked":["Prepared","Heel Hook"],"picked":"Blade Dance","floor":12.0},{"not_picked":["Underhanded Strike","Blade Dance","Bane"],"picked":"SKIP","floor":14.0}],"player_experience":1576666,"relics_obtained":[{"floor":4.0,"key":"Frozen Egg 2"},{"floor":8.0,"key":"Toy Ornithopter"}],"event_choices":[{"damage_healed":0.0,"max_hp_gain":0.0,"max_hp_loss":0.0,"gold_gain":0.0,"event_name":"Wheel of Change","player_choice":"Relic","floor":4.0,"gold_loss":0.0,"damage_taken":0.0},{"damage_healed":0.0,"max_hp_gain":0.0,"max_hp_loss":0.0,"gold_gain":0.0,"event_name":"Scrap Ooze","player_choice":"Success","floor":10.0,"gold_loss":0.0,"damage_taken":18.0,"relics_obtained":["Ancient Tea Set"]},{"damage_healed":0.0,"max_hp_gain":0.0,"max_hp_loss":0.0,"gold_gain":0.0,"event_name":"Dead Adventurer","player_choice":"Searched \u00270\u0027 times","floor":11.0,"gold_loss":0.0,"damage_taken":0.0}],"is_beta":false,"boss_relics":[],"items_purged_floors":[3],"is_endless":false,"potions_floor_spawned":[1,5],"killed_by":"Slime Boss","ascension_level":20}}