{"host":"4nv61ujg37lx5d7m","time":1613378424,"event":{"mods":["BaseMod","Minty Spire (QoL Compilation)","Quick Restart"],"gold_per_floor":[109,184,195,212,226,254,254,267,292,312,324,353,353,89,89,188,188,203,203,103,115,134,160,179,212,212,16,35,35,35,35,35],"floor_reached":31,"language":"ZHS","playtime":1544,"items_purged":["Regret","Strike_R","Strike_R"],"score":314,"play_id":"4cc9c484-9837-424f-b01d-9d8f4bbbbf85","local_time":"20210215164024","is_ascension_mode":false,"campfire_choices":[{"data":"Carnage","floor":7.0,"key":"SMITH"},{"data":"Body Slam","floor":15.0,"key":"SMITH"}],"circlet_count":0,"master_deck":["Defend_R","Defend_R","Defend_R","Defend_R","Bash","Intimidate","Feel No Pain","Shrug It Off","Carnage+1","Bloodletting","Metallicize+1","Reaper","Body Slam+1","Dark Embrace+1","Spot Weakness","Feed","Entrench","Feed","Dual Wield+1","Double Tap","Body Slam+1","Shrug It Off","Second Wind","Bite","Bite","Bite","Bite","Bite"],"relics":["Burning Blood","Frozen Egg 2","Boot","Toy Ornithopter","Anchor","Juzu Bracelet","SlaversCollar","Lantern","Orichalcum","Darkstone Periapt"],"acts_visited":["Exordium","TheCity"],"potions_floor_usage":[],"damage_taken":[{"damage":1.0,"enemies":"Jaw Worm","floor":1.0,"turns":6.0},{"damage":0.0,"enemies":"Small Slimes","floor":3.0,"turns":3.0},{"damage":1.0,"enemies":"Cultist","floor":4.0,"turns":3.0},{"damage":2.0,"enemies":"3 Louse","floor":5.0,"turns":6.0},{"damage":26.0,"enemies":"Gremlin Nob","floor":6.0,"turns":4.0},{"damage":3.0,"enemies":"Looter","floor":8.0,"turns":1.0},{"damage":0.0,"enemies":"Large Slime","floor":10.0,"turns":3.0},{"damage":3.0,"enemies":"2 Fungi Beasts","floor":11.0,"turns":2.0},{"damage":24.0,"enemies":"Lagavulin","floor":12.0,"turns":5.0},{"damage":37.0,"enemies":"Slime Boss","floor":16.0,"turns":9.0},{"damage":19.0,"enemies":"2 Thieves","floor":18.0,"turns":5.0},{"damage":25.0,"enemies":"3 Byrds","floor":21.0,"turns":12.0},{"damage":35.0,"enemies":"Centurion and Healer","floor":22.0,"turns":7.0},{"damage":41.0,"enemies":"Gremlin Leader","floor":23.0,"turns":5.0},{"damage":8.0,"enemies":"Snake Plant","floor":24.0,"turns":4.0},{"damage":36.0,"enemies":"Slavers","floor":25.0,"turns":11.0},{"damage":61,"enemies":"3 Cultists","floor":28,"turns":8}],"seed_played":"-9056443942987180352","potions_obtained":[{"floor":1.0,"key":"Fire Potion"},{"floor":3.0,"key":"SteroidPotion"},{"floor":4.0,"key":"ColorlessPotion"},{"floor":18.0,"key":"LiquidMemories"},{"floor":23.0,"key":"SkillPotion"},{"floor":25.0,"key":"SmokeBomb"}],"is_trial":false,"path_per_floor":["M","?","M","M","M","E","R","M","T","M","M","E","?","$","R","B",null,"M","?","$","M","M","E","M","E","T","$","M","?","$","?"],"character_chosen":"IRONCLAD","items_purchased":["Spot Weakness","Juzu Bracelet","Second Wind"],"campfire_rested":0,"item_purchase_floors":[14,14,27],"current_hp_per_floor":[88,77,83,88,88,68,68,71,71,77,80,62,62,62,62,51,88,78,78,78,75,49,34,57,53,53,53,13,13,13,0,0],"gold":35,"neow_bonus":"TEN_PERCENT_HP_BONUS","is_daily":false,"chose_seed":false,"campfire_upgraded":2,"win_rate":0.0,"timestamp":1613378424,"path_taken":["M","?","M","M","M","E","R","M","T","M","M","E","?","$","R","BOSS","M","?","?","M","M","E","M","E","T","$","M","?","$","?"],"items_purchased_type":["Card","Relic","Card"],"build_version":"2020-12-22","purchased_purges":3,"victory":false,"max_hp_per_floor":[88,88,88,88,88,88,88,88,88,88,88,88,88,88,88,88,88,91,91,91,97,100,103,103,109,109,109,109,76,76,81,81],"card_choices":[{"not_picked":["Pummel","Anger"],"picked":"Intimidate","floor":1.0},{"not_picked":["Clash","Intimidate"],"picked":"Feel No Pain","floor":3.0},{"not_picked":["Sword Boomerang","Heavy Blade"],"picked":"Shrug It Off","floor":4.0},{"not_picked":["Shrug It Off","Havoc"],"picked":"Carnage","floor":5.0},{"not_picked":["Twin Strike","Heavy Blade"],"picked":"Bloodletting","floor":6.0},{"not_picked":["Combust+1","Cleave"],"picked":"Metallicize+1","floor":8.0},{"not_picked":["Sword Boomerang","Flex"],"picked":"Reaper","floor":10.0},{"not_picked":["Carnage","Havoc"],"picked":"Body Slam","floor":11.0},{"not_picked":["Iron Wave","Flame Barrier"],"picked":"Dark Embrace+1","floor":12.0},{"not_picked":["Fiend Fire","Offering"],"picked":"Feed","floor":16.0},{"not_picked":["Sword Boomerang","Pommel Strike+1"],"picked":"Entrench","floor":18.0},{"not_picked":["Inflame+1","Anger"],"picked":"Dual Wield+1","floor":21.0},{"not_picked":["Clash","Cleave"],"picked":"Double Tap","floor":22.0},{"not_picked":["Heavy Blade","Twin Strike"],"picked":"Body Slam+1","floor":23.0},{"not_picked":["Body Slam","Bloodletting"],"picked":"Shrug It Off","floor":24.0},{"not_picked":["Havoc","Anger","Uppercut+1"],"picked":"SKIP","floor":25.0},{"not_picked":["Iron Wave","Clash","Sword Boomerang"],"picked":"SKIP","floor":28}],"player_experience":9141,"relics_obtained":[{"floor":6.0,"key":"Frozen Egg 2"},{"floor":9.0,"key":"Boot"},{"floor":12.0,"key":"Toy Ornithopter"},{"floor":23.0,"key":"Lantern"},{"floor":25.0,"key":"Orichalcum"},{"floor":26.0,"key":"Darkstone Periapt"}],"event_choices":[{"damage_healed":0.0,"max_hp_gain":0.0,"max_hp_loss":0.0,"gold_gain":75.0,"event_name":"World of Goop","player_choice":"Gather Gold","floor":2.0,"gold_loss":0.0,"damage_taken":11.0},{"damage_healed":0.0,"max_hp_gain":0.0,"max_hp_loss":0.0,"gold_gain":0.0,"event_name":"Big Fish","player_choice":"Box","floor":13.0,"gold_loss":0.0,"damage_taken":0.0,"relics_obtained":["Anchor"],"cards_obtained":["Regret"]},{"damage_healed":0.0,"max_hp_gain":0.0,"max_hp_loss":0.0,"gold_gain":0.0,"event_name":"Duplicator","player_choice":"Copied","floor":19.0,"gold_loss":0.0,"damage_taken":0.0,"cards_obtained":["Feed"]},{"damage_healed":0,"gold_gain":0,"player_choice":"Became a vampire","damage_taken":0,"max_hp_gain":0,"max_hp_loss":33,"event_name":"Vampires","floor":29,"gold_loss":0,"cards_obtained":["Bite","Bite","Bite","Bite","Bite"]}],"is_beta":false,"boss_relics":[{"not_picked":["Runic Cube","Calling Bell"],"picked":"SlaversCollar"}],"items_purged_floors":[14,20,27],"is_endless":false,"potions_floor_spawned":[1,3,4,5,18,23,25],"ascension_level":0}}