{"host":"w7pthw6r6331n954","time":1613412363,"event":{"mods":["AchievementEnabler","Act Like it!","BaseMod","BetterRewards","Colored Map","Colored Powertips","Custom Start","Downfall","Hallownest","Hermit","Jorbs\u0027s Wanderer Trilogy","Minty Spire (QoL Compilation)","Replay The Spire","Shop Mod","StSLib","SuperFastMode"],"gold_per_floor":[112,112,37,48,61,61,95,112,112,125,125,125,125,144,144,243,293,304,604,615,282,297,297,297,316,341,341,414,414,339,351,351,351,351],"floor_reached":33,"language":"ENG","playtime":2804,"items_purged":["Decay"],"score":434,"play_id":"0a60de20-2559-4e69-8c10-e8d8358970d9","local_time":"20210215130603","is_ascension_mode":true,"campfire_choices":[{"floor":6,"key":"REST"},{"floor":12,"key":"REST"},{"floor":15,"key":"RECALL"},{"floor":23,"key":"REST"},{"floor":27,"key":"REST"},{"data":"Double Energy","floor":29,"key":"SMITH"},{"data":"Dramatic Entrance","floor":32,"key":"SMITH"}],"circlet_count":0,"master_deck":["Strike_B","Strike_B","Strike_B","Strike_B","Defend_B","Defend_B","Defend_B","Defend_B","Dualcast+1","Dramatic Entrance+1","Fusion","Doom and Gloom","Streamline","BootSequence","Stack","Double Energy+1","Beam Cell","Storm","Fusion","Double Energy+1","Steam","Machine Learning","Melter","Redo+1","ReplaySolidLightProjector","Steam+1","Melter+1","Redo","Stack"],"relics":["Cracked Core","MerchantsRug","Symbiotic Virus","Akabeko","Solar Panel","Divine Protection","HandDrill","Lantern"],"acts_visited":["Exordium","TheCity"],"potions_floor_usage":[16,18,20,20,28,33,33],"damage_taken":[{"damage":0,"enemies":"Small Slimes","floor":1,"turns":2},{"damage":1,"enemies":"Cultist","floor":4,"turns":3},{"damage":0,"enemies":"Jaw Worm","floor":5,"turns":2},{"damage":20,"enemies":"3 Sentries","floor":7,"turns":5},{"damage":0,"enemies":"3 Louse","floor":8,"turns":1},{"damage":4,"enemies":"Large Slime","floor":10,"turns":4},{"damage":0,"enemies":"2 Fungi Beasts","floor":14,"turns":2},{"damage":67,"enemies":"Slime Boss","floor":16,"turns":16},{"damage":0,"enemies":"Chosen","floor":18,"turns":3},{"damage":9,"enemies":"3 Byrds","floor":20,"turns":3},{"damage":34,"enemies":"Centurion and Healer","floor":22,"turns":6},{"damage":0,"enemies":"Sentry and Sphere","floor":25,"turns":3},{"damage":0,"enemies":"Chosen and Byrds","floor":31,"turns":4},{"damage":121,"enemies":"Automaton","floor":33,"turns":12}],"seed_played":"-6645670625174976656","potions_obtained":[{"floor":7,"key":"SmokeBomb"},{"floor":10,"key":"LifebloodPotion"},{"floor":16,"key":"Regen Potion"},{"floor":17,"key":"Fire Potion"},{"floor":18,"key":"Adrenaline Potion"},{"floor":22,"key":"SteroidPotion"},{"floor":25,"key":"SkillPotion"},{"floor":28,"key":"Fruit Juice"},{"floor":28,"key":"SpeedPotion"}],"is_trial":false,"path_per_floor":["M","?","$","M","M","R","E","M","T","M","?","R","?","M","R","B",null,"M","?","M","$","M","R","?","M","T","R","?","R","?","M","R","B"],"character_chosen":"DEFECT","items_purchased":["MerchantsRug","Symbiotic Virus","Dramatic Entrance","Fusion","Doom and Gloom","Streamline","Divine Protection","HandDrill"],"campfire_rested":4,"item_purchase_floors":[0,0,0,0,0,0,21,21],"current_hp_per_floor":[50,50,50,49,49,71,51,51,51,49,49,71,71,71,71,4,62,64,64,64,64,30,54,54,56,56,80,85,85,85,85,85,0,0],"gold":351,"neow_bonus":"","is_daily":false,"chose_seed":false,"campfire_upgraded":2,"win_rate":0.0,"timestamp":1613412363,"path_taken":["M","?","$","?","M","R","E","M","T","M","?","R","?","M","R","BOSS","M","?","?","$","M","R","?","M","T","R","?","R","?","M","R","BOSS"],"items_purchased_type":["Relic","Relic","Card","Card","Card","Card","Relic","Relic"],"build_version":"2020-12-22","purchased_purges":1,"victory":false,"max_hp_per_floor":[75,75,75,75,75,75,75,75,75,75,75,75,75,75,75,75,80,80,80,80,80,80,80,80,80,80,80,85,85,85,85,85,85,85],"card_choices":[{"not_picked":["ReplayTheSpireMod:System Scan","FTL"],"picked":"BootSequence","floor":1},{"not_picked":["Coolheaded","Turbo"],"picked":"Stack","floor":4},{"not_picked":["Cold Snap","Rainbow"],"picked":"Double Energy","floor":5},{"not_picked":["Cold Snap","Steam"],"picked":"Beam Cell","floor":7},{"not_picked":["Barrage","Streamline"],"picked":"Storm","floor":8},{"not_picked":["Hello World","Turbo"],"picked":"Fusion","floor":10},{"not_picked":["Redo","Sweeping Beam"],"picked":"Steam","floor":14},{"not_picked":["Biased Cognition","Core Surge"],"picked":"Machine Learning","floor":16},{"not_picked":["Leap","Auto Shields"],"picked":"Melter","floor":17},{"not_picked":["ReplayTheSpireMod:Reroute Power","Compile Driver"],"picked":"Redo+1","floor":18},{"not_picked":["Scrape","Cold Snap"],"picked":"ReplaySolidLightProjector","floor":20},{"not_picked":["Hologram","ReplaySolidLightProjector"],"picked":"Steam+1","floor":22},{"not_picked":["Conserve Battery","BasicCrystalCard"],"picked":"Melter+1","floor":25},{"not_picked":["Streamline+1","Coolheaded"],"picked":"Redo","floor":28},{"not_picked":["Melter","Rebound"],"picked":"Stack","floor":31}],"player_experience":1267618,"relics_obtained":[{"floor":7,"key":"Akabeko"},{"floor":9,"key":"Solar Panel"},{"floor":26,"key":"Lantern"}],"event_choices":[{"damage_healed":0,"gold_gain":0,"player_choice":"Cursed","damage_taken":0,"max_hp_gain":0,"max_hp_loss":0,"event_name":"Wheel of Change","floor":2,"gold_loss":0,"cards_obtained":["Decay"]},{"damage_healed":0,"gold_gain":0,"player_choice":"Ignored","damage_taken":0,"max_hp_gain":0,"max_hp_loss":0,"event_name":"Shining Light","floor":11,"gold_loss":0},{"damage_healed":0,"gold_gain":0,"player_choice":"Opened","damage_taken":0,"relics_obtained":["Old Coin"],"max_hp_gain":0,"max_hp_loss":0,"event_name":"The Mausoleum","floor":19,"gold_loss":0,"cards_obtained":["Writhe"]},{"cards_removed":["Writhe"],"damage_healed":0,"gold_gain":0,"player_choice":"Elegance","damage_taken":0,"max_hp_gain":0,"max_hp_loss":0,"event_name":"Back to Basics","floor":24,"gold_loss":0},{"cards_removed":["ReplayTheSpireMod:Splinters"],"damage_healed":0,"gold_gain":0,"player_choice":"Gave Gold","damage_taken":0,"max_hp_gain":0,"max_hp_loss":0,"event_name":"Beggar","floor":30,"gold_loss":75}],"is_beta":false,"boss_relics":[{"not_picked":["Velvet Choker","Philosopher\u0027s Stone"],"picked":"Tiny House"}],"items_purged_floors":[3],"is_endless":false,"potions_floor_spawned":[7,10,16,18,22,25],"killed_by":"Automaton","ascension_level":5}}