{"host":"Oniwa","time":1613390238,"event":{"mods":["BaseMod","Colored Map","Colored Powertips","Minty Spire (QoL Compilation)","Relic Stats","Slay the Relics Exporter","SpireBot","StSLib","ojb\u0027s Better Paths Mod","ojb\u0027s Info Mod"],"gold_per_floor":[16,39,50,63,63,63,81,81,104,149,180,204,245,257,269,368,389,386,398,410,16,16,16,16,51,51,125,150,150,194,213,213,294,294,314,364,39,57,0,40,90,117,117,142,179,200,218,248,248,248,248,248,248,28,72,72,72],"floor_reached":56,"language":"JPN","playtime":5321,"items_purged":["Strike_G+1"],"score":2095,"play_id":"6d9000de-60a2-4b8b-b443-dee712330653","local_time":"20210215205718","is_ascension_mode":true,"campfire_choices":[{"data":"Crippling Poison","floor":6.0,"key":"SMITH"},{"data":"Dagger Spray","floor":8.0,"key":"SMITH"},{"data":"After Image","floor":15.0,"key":"SMITH"},{"data":"Wraith Form v2","floor":23.0,"key":"SMITH"},{"data":"Blade Dance","floor":29.0,"key":"SMITH"},{"data":"Infinite Blades","floor":32.0,"key":"SMITH"},{"floor":49.0,"key":"RECALL"},{"floor":53.0,"key":"REST"}],"circlet_count":0,"master_deck":["AscendersBane","Strike_G+1","Strike_G+1","Strike_G+1","Defend_G+1","Defend_G+1","Defend_G+1","Defend_G+1","Defend_G+1","Survivor","Neutralize+1","After Image+1","Endless Agony+1","Infinite Blades+1","Crippling Poison+1","Dagger Spray+1","Blade Dance+1","Blade Dance","Predator","Wraith Form v2+1","CurseOfTheBell","Infinite Blades","Infinite Blades","Blade Dance","Backflip","Leg Sweep","Acrobatics","Night Terror","PiercingWail","Well Laid Plans+1","Prepared","Burst","PiercingWail"],"relics":["Ring of the Snake","Akabeko","MawBank","Sundial","CeramicFish","Boot","Calling Bell","Happy Flower","Pantograph","Ginger","Anchor","SsserpentHead","Centennial Puzzle","Vajra","Bag of Marbles","Fusion Hammer","Dead Branch","Red Mask","Whetstone","Smiling Mask","Mercury Hourglass","Medical Kit","Paper Crane"],"acts_visited":["Exordium","TheCity","TheBeyond","TheEnding"],"potions_floor_usage":[56,56],"damage_taken":[{"damage":3.0,"enemies":"Cultist","floor":1.0,"turns":5.0},{"damage":0.0,"enemies":"Small Slimes","floor":3.0,"turns":3.0},{"damage":1.0,"enemies":"2 Louse","floor":4.0,"turns":2.0},{"damage":5.0,"enemies":"Exordium Wildlife","floor":7.0,"turns":5.0},{"damage":7.0,"enemies":"3 Sentries","floor":10.0,"turns":8.0},{"damage":4.0,"enemies":"Looter","floor":11.0,"turns":3.0},{"damage":0.0,"enemies":"2 Fungi Beasts","floor":12.0,"turns":2.0},{"damage":4.0,"enemies":"Gremlin Nob","floor":13.0,"turns":3.0},{"damage":33.0,"enemies":"Slime Boss","floor":16.0,"turns":13.0},{"damage":10.0,"enemies":"2 Thieves","floor":18.0,"turns":4.0},{"damage":7.0,"enemies":"Book of Stabbing","floor":25.0,"turns":7.0},{"damage":0.0,"enemies":"3 Byrds","floor":27.0,"turns":3.0},{"damage":0.0,"enemies":"3 Cultists","floor":28.0,"turns":4.0},{"damage":0.0,"enemies":"Slavers","floor":30.0,"turns":4.0},{"damage":0.0,"enemies":"Centurion and Healer","floor":31.0,"turns":6.0},{"damage":8.0,"enemies":"Automaton","floor":33.0,"turns":8.0},{"damage":2.0,"enemies":"3 Shapes","floor":35.0,"turns":8.0},{"damage":0.0,"enemies":"Orb Walker","floor":38.0,"turns":3.0},{"damage":7.0,"enemies":"Nemesis","floor":40.0,"turns":7.0},{"damage":17.0,"enemies":"Giant Head","floor":42.0,"turns":6.0},{"damage":0.0,"enemies":"Jaw Worm Horde","floor":44.0,"turns":3.0},{"damage":0.0,"enemies":"Reptomancer","floor":45.0,"turns":5.0},{"damage":0.0,"enemies":"Transient","floor":46.0,"turns":6.0},{"damage":0.0,"enemies":"3 Darklings","floor":47.0,"turns":5.0},{"damage":9.0,"enemies":"Donu and Deca","floor":50.0,"turns":8.0},{"damage":26.0,"enemies":"Time Eater","floor":51.0,"turns":13.0},{"damage":2.0,"enemies":"Shield and Spear","floor":55.0,"turns":9.0},{"damage":63,"enemies":"The Heart","floor":56,"turns":11}],"seed_played":"5686879270754193313","potions_obtained":[{"floor":1.0,"key":"Fire Potion"},{"floor":4.0,"key":"Strength Potion"},{"floor":10.0,"key":"ColorlessPotion"},{"floor":11.0,"key":"SpeedPotion"},{"floor":13.0,"key":"LiquidBronze"},{"floor":25.0,"key":"CultistPotion"},{"floor":31.0,"key":"DuplicationPotion"},{"floor":35.0,"key":"SpeedPotion"},{"floor":40.0,"key":"SneckoOil"},{"floor":42.0,"key":"PowerPotion"}],"is_trial":false,"path_per_floor":["M","T","M","M","?","R","M","R","T","E","M","M","E","T","R","B",null,"M","?","?","$","?","R","?","E","T","M","M","R","E","M","R","B",null,"M","?","$","M","?","E","?","E","T","M","E","M","M","?","R","B","B",null,"R","$","E","B"],"character_chosen":"THE_SILENT","items_purchased":["Explosive Potion","DistilledChaos","Infinite Blades","Anchor","Dead Branch","Medical Kit","Weak Potion"],"campfire_rested":1,"item_purchase_floors":[21,21,21,21,37,54,54],"current_hp_per_floor":[56,56,56,55,55,55,50,50,50,43,39,39,35,35,35,2,50,40,40,40,40,40,40,40,33,33,33,33,33,33,33,33,50,62,60,60,60,60,60,53,53,36,36,36,36,36,36,36,36,52,37,57,63,63,61,0,0],"gold":72,"neow_bonus":"THREE_RARE_CARDS","is_daily":false,"chose_seed":false,"campfire_upgraded":6,"win_rate":0.0,"timestamp":1613390238,"path_taken":["M","?","M","?","?","R","M","R","T","E","?","M","E","?","R","BOSS","M","?","?","$","?","R","?","E","T","?","M","R","E","M","R","BOSS","M","?","$","M","?","E","?","E","T","M","E","M","M","?","R","BOSS","BOSS","R","$","E","BOSS"],"items_purchased_type":["Potion","Potion","Card","Relic","Relic","Relic","Potion"],"build_version":"2020-12-18","purchased_purges":1,"victory":false,"max_hp_per_floor":[66,66,66,66,66,66,66,66,66,66,66,66,66,66,66,66,66,66,66,66,66,66,66,66,66,66,66,66,66,66,66,66,66,66,66,66,66,66,66,66,63,63,63,63,63,63,63,63,63,63,63,63,63,63,63,63,63],"relic_stats":{"Happy Flower":[40],"counters":[28,164],"CeramicFish":126,"Dead Branch":[311],"Ginger":[6],"Whetstone":["Endless Agony","Neutralize"],"MawBank":144,"Boot":[190],"Smiling Mask":0,"Medical Kit":[10],"Mercury Hourglass":[157],"SsserpentHead":250,"Centennial Puzzle":[26],"Sundial":[12],"Pantograph":63,"obtain_stats":[{"Happy Flower":17,"CeramicFish":13,"Dead Branch":37,"Vajra":26,"Ginger":17,"Whetstone":40,"Paper Crane":55,"MawBank":9,"Boot":14,"Smiling Mask":42,"Medical Kit":54,"Akabeko":2,"Mercury Hourglass":45,"Calling Bell":17,"SsserpentHead":24,"Anchor":21,"Centennial Puzzle":25,"Sundial":10,"Pantograph":17,"Fusion Hammer":34,"Bag of Marbles":30,"Red Mask":39,"Ring of the Snake":0},{"Happy Flower":9,"CeramicFish":8,"Dead Branch":17,"Vajra":11,"Ginger":9,"Whetstone":19,"Paper Crane":27,"MawBank":4,"Boot":8,"Smiling Mask":20,"Medical Kit":26,"Akabeko":1,"Mercury Hourglass":22,"Calling Bell":9,"SsserpentHead":10,"Anchor":10,"Centennial Puzzle":11,"Sundial":5,"Pantograph":9,"Fusion Hammer":16,"Bag of Marbles":14,"Red Mask":18,"Ring of the Snake":0},{"Happy Flower":44,"CeramicFish":31,"Dead Branch":88,"Vajra":55,"Ginger":44,"Whetstone":98,"Paper Crane":153,"MawBank":15,"Boot":31,"Smiling Mask":104,"Medical Kit":144,"Akabeko":5,"Mercury Hourglass":112,"Calling Bell":44,"SsserpentHead":48,"Anchor":48,"Centennial Puzzle":55,"Sundial":23,"Pantograph":44,"Fusion Hammer":80,"Bag of Marbles":66,"Red Mask":91,"Ring of the Snake":0}],"Ring of the Snake":[59]},"card_choices":[{"not_picked":["Adrenaline","Grand Finale"],"picked":"After Image","floor":0.0},{"not_picked":["Leg Sweep","Finisher"],"picked":"Endless Agony","floor":1.0},{"not_picked":["Prepared","Backflip"],"picked":"Infinite Blades","floor":3.0},{"not_picked":["Accuracy","Underhanded Strike"],"picked":"Crippling Poison","floor":4.0},{"not_picked":["Dodge and Roll","Infinite Blades"],"picked":"Dagger Spray","floor":7.0},{"not_picked":["Calculated Gamble","Acrobatics"],"picked":"Blade Dance","floor":10.0},{"not_picked":["Noxious Fumes","Sucker Punch"],"picked":"Blade Dance","floor":11.0},{"not_picked":["Prepared","Catalyst"],"picked":"Predator","floor":12.0},{"not_picked":["Riddle With Holes","Sucker Punch","Deadly Poison"],"picked":"SKIP","floor":13.0},{"not_picked":["Riddle With Holes","Sucker Punch","Deadly Poison"],"picked":"SKIP","floor":13.0},{"not_picked":["Corpse Explosion","Unload"],"picked":"Wraith Form v2","floor":16.0},{"not_picked":["Setup","Sucker Punch"],"picked":"Infinite Blades","floor":18.0},{"not_picked":["Cloak And Dagger","Glass Knife"],"picked":"Blade Dance","floor":25.0},{"not_picked":["Endless Agony","Underhanded Strike"],"picked":"Backflip","floor":27.0},{"not_picked":["Dagger Throw","Distraction"],"picked":"Leg Sweep","floor":28.0},{"not_picked":["Riddle With Holes","Catalyst"],"picked":"Acrobatics","floor":30.0},{"not_picked":["Crippling Poison","Infinite Blades","Flying Knee"],"picked":"SKIP","floor":31.0},{"not_picked":["Unload","Wraith Form v2"],"picked":"Night Terror","floor":33.0},{"not_picked":["Cloak And Dagger","Bane+1","Underhanded Strike"],"picked":"SKIP","floor":35.0},{"not_picked":["Deflect","Infinite Blades","Dodge and Roll"],"picked":"SKIP","floor":38.0},{"not_picked":["Dagger Throw+1","Choke"],"picked":"PiercingWail","floor":40.0},{"not_picked":["Dagger Spray","Caltrops","Catalyst"],"picked":"SKIP","floor":42.0},{"not_picked":["Catalyst","Quick Slash"],"picked":"Well Laid Plans+1","floor":44.0},{"not_picked":["Poisoned Stab","Bane+1"],"picked":"Prepared","floor":45.0},{"not_picked":["Outmaneuver+1","Acrobatics"],"picked":"Burst","floor":46.0},{"not_picked":["Deadly Poison+1","Dash","Dagger Spray"],"picked":"SKIP","floor":47.0},{"not_picked":["Prepared","Bane"],"picked":"PiercingWail","floor":55.0}],"player_experience":2719081,"relics_obtained":[{"floor":2.0,"key":"Akabeko"},{"floor":9.0,"key":"MawBank"},{"floor":10.0,"key":"Sundial"},{"floor":13.0,"key":"CeramicFish"},{"floor":14.0,"key":"Boot"},{"floor":17.0,"key":"Happy Flower"},{"floor":17.0,"key":"Pantograph"},{"floor":17.0,"key":"Ginger"},{"floor":25.0,"key":"Centennial Puzzle"},{"floor":26.0,"key":"Vajra"},{"floor":30.0,"key":"Bag of Marbles"},{"floor":40.0,"key":"Whetstone"},{"floor":42.0,"key":"Smiling Mask"},{"floor":45.0,"key":"Mercury Hourglass"},{"floor":55.0,"key":"Paper Crane"}],"event_choices":[{"damage_healed":0.0,"max_hp_gain":0.0,"max_hp_loss":0.0,"gold_gain":0.0,"event_name":"Match and Keep!","player_choice":"0 cards matched","floor":5.0,"gold_loss":0.0,"damage_taken":0.0,"cards_obtained":[]},{"damage_healed":0.0,"max_hp_gain":0.0,"max_hp_loss":0.0,"gold_gain":0.0,"event_name":"Back to Basics","player_choice":"Simplicity","floor":19.0,"gold_loss":0.0,"damage_taken":0.0,"cards_upgraded":["Strike_G","Strike_G","Strike_G","Strike_G","Strike_G","Defend_G","Defend_G","Defend_G","Defend_G","Defend_G"]},{"damage_healed":0.0,"max_hp_gain":0.0,"max_hp_loss":0.0,"gold_gain":0.0,"event_name":"Vampires","player_choice":"Ignored","floor":20.0,"gold_loss":0.0,"damage_taken":0.0},{"damage_healed":0.0,"max_hp_gain":0.0,"max_hp_loss":0.0,"gold_gain":0.0,"event_name":"The Mausoleum","player_choice":"Ignored","floor":22.0,"gold_loss":0.0,"damage_taken":0.0},{"damage_healed":0.0,"max_hp_gain":0.0,"max_hp_loss":0.0,"gold_gain":0.0,"event_name":"FaceTrader","player_choice":"Trade","floor":24.0,"gold_loss":0.0,"damage_taken":0.0,"relics_obtained":["SsserpentHead"]},{"cards_removed":["Strike_G"],"damage_healed":0.0,"max_hp_gain":0.0,"max_hp_loss":0.0,"gold_gain":0.0,"event_name":"Falling","player_choice":"Removed Attack","floor":36.0,"gold_loss":0.0,"damage_taken":0.0},{"damage_healed":0.0,"max_hp_gain":0.0,"max_hp_loss":0.0,"gold_gain":0.0,"event_name":"Tomb of Lord Red Mask","player_choice":"Paid","floor":39.0,"gold_loss":107.0,"damage_taken":0.0,"relics_obtained":["Red Mask"]},{"damage_healed":0.0,"max_hp_gain":0.0,"max_hp_loss":3.0,"gold_gain":0.0,"event_name":"Winding Halls","player_choice":"Max HP","floor":41.0,"gold_loss":0.0,"damage_taken":0.0},{"damage_healed":0.0,"max_hp_gain":0.0,"max_hp_loss":0.0,"gold_gain":0.0,"event_name":"The Woman in Blue","player_choice":"Bought 1 Potion","floor":48.0,"gold_loss":0.0,"damage_taken":0.0}],"is_beta":true,"boss_relics":[{"not_picked":["Empty Cage","Black Star"],"picked":"Calling Bell"},{"not_picked":["Busted Crown","Ring of the Serpent"],"picked":"Fusion Hammer"}],"items_purged_floors":[21],"is_endless":false,"potions_floor_spawned":[1,4,10,11,13,25,27,31,35,40,42,47],"killed_by":"The Heart","ascension_level":20}}