{"host":"ig8wumfz6i0kebkp","time":1613361739,"event":{"mods":["BaseMod","Minty Spire (QoL Compilation)","Relic Stats","StSLib","The Bug Knight"],"gold_per_floor":[109,109,120,45,63,94,94,124,151,169,203,203,234,245,245,245,245],"floor_reached":16,"language":"ENG","playtime":1461,"items_purged":[],"score":143,"play_id":"367aaeb4-86a5-4772-b4d2-9b5d41b21625","local_time":"20210214220219","is_ascension_mode":true,"campfire_choices":[{"data":"HollowMod:MantisMark","floor":12,"key":"SMITH"},{"floor":15,"key":"REST"}],"circlet_count":0,"master_deck":["HollowMod:NailStrikeStart","HollowMod:NailStrikeStart","HollowMod:NailStrikeStart","HollowMod:NailStrikeStart","HollowMod:QuickDashStart+1","HollowMod:QuickDashStart","HollowMod:QuickDashStart","HollowMod:QuickDashStart","HollowMod:FocusHealStart+1","HollowMod:PogoStrike","HollowMod:SoulVessel","HollowMod:CoiledNail","HollowMod:HuntersJournal","HollowMod:MantisMark+1","HollowMod:FallenFury","HollowMod:CloakDash","HollowMod:DoubleDash","HollowMod:DesolateDive"],"relics":["HollowMod:VesselMask","NeowsBlessing","HollowMod:MillibellesNoteRelic","Boot","Potion Belt","Smiling Mask","Darkstone Periapt"],"acts_visited":["Exordium"],"potions_floor_usage":[6,8,13],"damage_taken":[{"damage":0,"enemies":"Small Slimes","floor":1,"turns":1},{"damage":0,"enemies":"2 Louse","floor":3,"turns":4},{"damage":0,"enemies":"Cultist","floor":5,"turns":1},{"damage":18,"enemies":"HollowMod:MossKnight","floor":6,"turns":6},{"damage":28,"enemies":"Gremlin Nob","floor":8,"turns":4},{"damage":0,"enemies":"Large Slime","floor":10,"turns":5},{"damage":9,"enemies":"HollowMod:MossKnight","floor":11,"turns":7},{"damage":32,"enemies":"Gremlin Nob","floor":13,"turns":4},{"damage":4,"enemies":"Looter","floor":14,"turns":3},{"damage":47,"enemies":"HollowMod:FalseKnight","floor":16,"turns":8}],"seed_played":"6619552781965867344","potions_obtained":[{"floor":1,"key":"AttackPotion"},{"floor":3,"key":"Fire Potion"},{"floor":11,"key":"ColorlessPotion"},{"floor":14,"key":"LiquidMemories"}],"is_trial":false,"path_per_floor":["M","?","M","?","M","E","?","E","T","M","E","R","E","M","R","B"],"character_chosen":"THE_BUGKNIGHT","items_purchased":[],"campfire_rested":1,"item_purchase_floors":[],"current_hp_per_floor":[75,60,70,75,80,62,62,40,40,50,51,51,25,21,45,0,0],"gold":245,"neow_bonus":"THREE_ENEMY_KILL","is_daily":false,"chose_seed":false,"campfire_upgraded":1,"win_rate":0.0,"timestamp":1613361739,"path_taken":["M","?","M","?","M","E","?","E","T","M","E","R","E","M","R","BOSS"],"items_purchased_type":[],"build_version":"2020-12-22","purchased_purges":0,"victory":false,"max_hp_per_floor":[75,75,75,80,80,80,80,80,80,80,80,80,80,80,80,80,80],"relic_stats":{"Darkstone Periapt":0,"counters":[10,43],"Boot":[6],"Smiling Mask":0,"obtain_stats":[{"Potion Belt":9,"Darkstone Periapt":13,"NeowsBlessing":0,"HollowMod:VesselMask":0,"HollowMod:MillibellesNoteRelic":6,"Boot":8,"Smiling Mask":11},{"Potion Belt":5,"Darkstone Periapt":8,"NeowsBlessing":0,"HollowMod:VesselMask":0,"HollowMod:MillibellesNoteRelic":4,"Boot":5,"Smiling Mask":7},{"Potion Belt":16,"Darkstone Periapt":32,"NeowsBlessing":0,"HollowMod:VesselMask":0,"HollowMod:MillibellesNoteRelic":12,"Boot":16,"Smiling Mask":28}]},"card_choices":[{"not_picked":["HollowMod:TaintedHusks","HollowMod:MothsMistake"],"picked":"HollowMod:SoulVessel","floor":1},{"not_picked":["HollowMod:InfectedCysts","HollowMod:NewJinnsSoul"],"picked":"HollowMod:CoiledNail","floor":3},{"not_picked":["HollowMod:DescendingDark","HollowMod:InfectionAssault"],"picked":"HollowMod:HuntersJournal","floor":5},{"not_picked":["HollowMod:LifebloodCocoon","HollowMod:InfectedAttack","HollowMod:InfectedCysts"],"picked":"SKIP","floor":6},{"not_picked":["HollowMod:SoulStrike","HollowMod:VengefulVoid","HollowMod:DescendingDark"],"picked":"SKIP","floor":8},{"not_picked":["HollowMod:SiblingsSouls","HollowMod:QuirrelsAssistance"],"picked":"HollowMod:CloakDash","floor":10},{"not_picked":["HollowMod:AwokenDreamNail","HollowMod:SharpenedShadows","HollowMod:BlackTendrils"],"picked":"SKIP","floor":11},{"not_picked":["HollowMod:VengefulVoid","HollowMod:NewJinnsSoul"],"picked":"HollowMod:DoubleDash","floor":13},{"not_picked":["HollowMod:PureNailStrike","HollowMod:GrimmsGift"],"picked":"HollowMod:DesolateDive","floor":14}],"player_experience":266651,"relics_obtained":[{"floor":6,"key":"HollowMod:MillibellesNoteRelic"},{"floor":8,"key":"Boot"},{"floor":9,"key":"Potion Belt"},{"floor":11,"key":"Smiling Mask"},{"floor":13,"key":"Darkstone Periapt"}],"event_choices":[{"damage_healed":0,"gold_gain":0,"player_choice":"Entered Light","damage_taken":15,"max_hp_gain":0,"max_hp_loss":0,"event_name":"Shining Light","floor":2,"gold_loss":0,"cards_upgraded":["HollowMod:QuickDashStart","HollowMod:FocusHealStart"]},{"damage_healed":0,"gold_gain":0,"player_choice":"2 cards matched","damage_taken":0,"max_hp_gain":0,"max_hp_loss":0,"event_name":"Match and Keep!","floor":7,"gold_loss":0,"cards_obtained":["HollowMod:MantisMark","HollowMod:FallenFury"]}],"is_beta":false,"boss_relics":[],"items_purged_floors":[],"is_endless":false,"potions_floor_spawned":[1,3,11,14],"killed_by":"HollowMod:FalseKnight","ascension_level":2}}