{"host":"63o2iqaaus9jfjk5","time":1613424669,"event":{"mods":["AchievementEnabler","BaseMod","Bestiary","Better Altar","Better Match","Better Note","Better Sensory Stone","Better Skull","Better Third Choice","Better Vampires","Better-Laid Plans","BetterRewards","Block Reminder","Colored Powertips","Curses Come First","Displayed Cursed Tome","GifTheSpireLib","Lobotomy","LobotomyExtend","Minty Spire (QoL Compilation)","RNG Fix","Random Character Button","Red Circlet Mod","Relic Stats","StSLib","Unceasing Turn Reminder"],"gold_per_floor":[110,110,122,0,0,0,0],"floor_reached":6,"language":"ENG","playtime":235,"items_purged":[],"score":34,"play_id":"f804ca5a-7db9-4d57-99ff-1841a2360ce6","local_time":"20210215153109","is_ascension_mode":false,"campfire_choices":[],"circlet_count":0,"master_deck":["Strike_B","Strike_B","Strike_B","Strike_B","Defend_B","Defend_B","Defend_B","Defend_B","Zap","Dualcast","Chaos","Beam Cell","Conserve Battery"],"relics":["Cracked Core","Membership Card","LetterFromLob","WarpedTongs","Molten Egg 2"],"acts_visited":["Exordium"],"potions_floor_usage":[],"damage_taken":[{"damage":7,"enemies":"Small Slimes","floor":1,"turns":4},{"damage":3,"enemies":"2 Louse","floor":3,"turns":3},{"damage":0,"enemies":"Gremlin Nob","floor":6,"turns":1}],"seed_played":"4924155211872732827","potions_obtained":[{"floor":1,"key":"Dexterity Potion"}],"is_trial":false,"path_per_floor":["M","?","M","$","?","E"],"character_chosen":"DEFECT","items_purchased":["Membership Card","Chaos","Molten Egg 2"],"campfire_rested":0,"item_purchase_floors":[0,0,4],"current_hp_per_floor":[68,68,65,65,65,65,65],"gold":0,"neow_bonus":"","is_daily":false,"chose_seed":false,"campfire_upgraded":0,"win_rate":0.0,"timestamp":1613424669,"path_taken":["M","?","?","?","?","E"],"items_purchased_type":["Relic","Card","Relic"],"build_version":"2020-12-22","purchased_purges":0,"victory":false,"max_hp_per_floor":[75,75,75,75,75,75,75],"relic_stats":{"counters":[33,109],"obtain_stats":[{"Lantern":13,"Inserter":17,"NeowsBlessing":0,"Golden Idol":14,"Astrolabe":17,"PreservedInsect":7,"conspire:Boomerang":7,"Akabeko":23,"Replay:Rubber Ducky":6,"WarpedTongs":2,"CogitoBucket":0,"Dream Catcher":9,"Emotion Chip":9,"Shovel":5,"Molten Egg 2":4,"Bag of Marbles":9,"ReplayTheSpireMod:TigerMarble":11,"LetterFromLob":1,"Membership Card":0,"ChangeAnything":14,"Cracked Core":0},{"Lantern":21,"Inserter":6,"NeowsBlessing":8,"Golden Idol":5,"Astrolabe":24,"PreservedInsect":19,"conspire:Boomerang":11,"Akabeko":28,"Replay:Rubber Ducky":10,"WarpedTongs":31,"CogitoBucket":0,"Dream Catcher":3,"Emotion Chip":19,"Shovel":10,"Molten Egg 2":32,"Bag of Marbles":12,"ReplayTheSpireMod:TigerMarble":13,"LetterFromLob":17,"Membership Card":30,"ChangeAnything":23,"Cracked Core":0},{"Lantern":64,"Inserter":19,"NeowsBlessing":22,"Golden Idol":15,"Astrolabe":76,"PreservedInsect":55,"conspire:Boomerang":25,"Akabeko":97,"Replay:Rubber Ducky":24,"WarpedTongs":105,"CogitoBucket":0,"Dream Catcher":10,"Emotion Chip":55,"Shovel":24,"Molten Egg 2":108,"Bag of Marbles":28,"ReplayTheSpireMod:TigerMarble":32,"LetterFromLob":49,"Membership Card":101,"ChangeAnything":69,"Cracked Core":0}],"WarpedTongs":[4]},"card_choices":[{"not_picked":["Hologram","Leap"],"picked":"Beam Cell","floor":1},{"not_picked":["Gash","Sweeping Beam"],"picked":"Conserve Battery","floor":3}],"player_experience":115525,"relics_obtained":[{"floor":1,"key":"LetterFromLob"}],"event_choices":[{"damage_healed":0,"gold_gain":0,"player_choice":"Rummage","damage_taken":0,"relics_obtained":["WarpedTongs"],"max_hp_gain":0,"max_hp_loss":0,"event_name":"Accursed Blacksmith","floor":2,"gold_loss":0,"cards_obtained":["Pain"]},{"cards_removed":["Pain"],"damage_healed":0,"gold_gain":0,"player_choice":"Forget","damage_taken":0,"max_hp_gain":0,"max_hp_loss":0,"event_name":"Living Wall","floor":5,"gold_loss":0}],"is_beta":false,"boss_relics":[],"items_purged_floors":[],"is_endless":false,"potions_floor_spawned":[1],"killed_by":"Gremlin Nob","ascension_level":0}}