{"host":"op7lvjy5lsqtpdgx","time":1613360198,"event":{"mods":["BaseMod","Minty Spire (QoL Compilation)","StSLib"],"gold_per_floor":[111,43,58,58,58,58,77,77,77,97,97,131,145,171,171,270,270,284,64,64,81,96,96,96,96],"floor_reached":24,"language":"ENG","playtime":1254,"items_purged":["Strike_R"],"score":278,"play_id":"75d1eaeb-8905-4cb4-bfe0-c6ba2edd9a20","local_time":"20210215163638","is_ascension_mode":true,"campfire_choices":[{"data":"Hemokinesis","floor":8,"key":"SMITH"},{"data":"Pommel Strike","floor":11,"key":"SMITH"},{"data":"Armaments","floor":15,"key":"SMITH"},{"data":"True Grit","floor":23,"key":"SMITH"}],"circlet_count":0,"master_deck":["Strike_R","Strike_R","Strike_R","Strike_R","Defend_R","Defend_R","Defend_R","Defend_R","Bash","Anger","Inflame+1","Hemokinesis+1","Headbutt","Pommel Strike+1","True Grit+1","Armaments+1","Offering","Cleave+1"],"relics":["Burning Blood","NeowsBlessing","Question Card","Singing Bowl","Eternal Feather","Bottled Tornado","SacredBark","Centennial Puzzle","GremlinMask"],"acts_visited":["Exordium","TheCity"],"potions_floor_usage":[13,14,16,16],"damage_taken":[{"damage":0,"enemies":"Cultist","floor":1,"turns":1},{"damage":0,"enemies":"Small Slimes","floor":3,"turns":1},{"damage":0,"enemies":"Jaw Worm","floor":7,"turns":1},{"damage":15,"enemies":"Blue Slaver","floor":10,"turns":2},{"damage":10,"enemies":"Gremlin Nob","floor":12,"turns":3},{"damage":23,"enemies":"Gremlin Gang","floor":13,"turns":5},{"damage":31,"enemies":"Lagavulin","floor":14,"turns":4},{"damage":17,"enemies":"Hexaghost","floor":16,"turns":7},{"damage":7,"enemies":"Chosen","floor":18,"turns":4},{"damage":18,"enemies":"3 Byrds","floor":21,"turns":3},{"damage":33,"enemies":"Snake Plant","floor":22,"turns":5},{"damage":48,"enemies":"Slavers","floor":24,"turns":3}],"seed_played":"657227497259611190","potions_obtained":[{"floor":7,"key":"EssenceOfSteel"},{"floor":10,"key":"DuplicationPotion"},{"floor":13,"key":"DistilledChaos"},{"floor":14,"key":"HeartOfIron"}],"is_trial":false,"path_per_floor":["M","$","M","?","T","$","M","R","T","M","R","E","M","E","R","B",null,"M","$","?","M","M","R","E"],"character_chosen":"IRONCLAD","items_purchased":["Inflame","Centennial Puzzle"],"campfire_rested":0,"item_purchase_floors":[2,19],"current_hp_per_floor":[78,78,80,80,80,80,80,80,80,71,71,67,50,27,36,25,68,67,67,67,57,32,41,0,0],"gold":96,"neow_bonus":"THREE_ENEMY_KILL","is_daily":false,"chose_seed":false,"campfire_upgraded":4,"win_rate":0.0,"timestamp":1613360198,"path_taken":["M","?","M","?","?","?","M","R","T","M","R","E","?","E","R","BOSS","M","$","?","M","?","R","E"],"items_purchased_type":["Card","Relic"],"build_version":"2020-12-22","purchased_purges":1,"victory":false,"max_hp_per_floor":[80,80,80,80,80,80,80,80,80,80,80,80,80,82,82,82,82,82,82,82,84,86,86,86,86],"card_choices":[{"not_picked":["Clash","Clothesline"],"picked":"Anger","floor":1},{"not_picked":["Heavy Blade","Havoc"],"picked":"Hemokinesis","floor":3},{"not_picked":["Corruption","Thunderclap","Metallicize"],"picked":"Headbutt","floor":7},{"not_picked":["Body Slam","Perfected Strike","Hemokinesis"],"picked":"Pommel Strike","floor":10},{"not_picked":["Clothesline","Flex","Wild Strike"],"picked":"True Grit","floor":12},{"not_picked":["Pommel Strike","True Grit","Headbutt"],"picked":"Armaments","floor":13},{"not_picked":["Infernal Blade","Juggernaut","Carnage","Armaments"],"picked":"Singing Bowl","floor":14},{"not_picked":["Immolate","Corruption","Bludgeon"],"picked":"Offering","floor":16},{"not_picked":["Warcry","Perfected Strike","Berserk"],"picked":"Cleave+1","floor":18},{"not_picked":["Wild Strike","Anger","Metallicize","Armaments"],"picked":"Singing Bowl","floor":21},{"not_picked":["Flex","Flame Barrier+1","Body Slam","Armaments"],"picked":"Singing Bowl","floor":22}],"player_experience":183720,"relics_obtained":[{"floor":5,"key":"Question Card"},{"floor":9,"key":"Singing Bowl"},{"floor":12,"key":"Eternal Feather"},{"floor":14,"key":"Bottled Tornado"}],"event_choices":[{"damage_healed":0,"gold_gain":0,"player_choice":"Grow","damage_taken":0,"max_hp_gain":0,"max_hp_loss":0,"event_name":"Living Wall","floor":4,"gold_loss":0,"cards_upgraded":["Inflame"]},{"damage_healed":0,"gold_gain":0,"player_choice":"Trade","damage_taken":0,"relics_obtained":["GremlinMask"],"max_hp_gain":0,"max_hp_loss":0,"event_name":"FaceTrader","floor":20,"gold_loss":0}],"is_beta":false,"boss_relics":[{"not_picked":["Calling Bell","Cursed Key"],"picked":"SacredBark"}],"items_purged_floors":[19],"is_endless":false,"potions_floor_spawned":[7,10,13,14],"killed_by":"Slavers","ascension_level":7}}