{"host":"6ulps5ednfgqn0to","time":1613370373,"event":{"mods":["AchievementEnabler","BaseMod","Colored Map","Highlight Path","Minty Spire (QoL Compilation)","Relic Sorter","Relic Stats","StSLib"],"gold_per_floor":[169,184,359,373,147,147,173,173,173,203,13,13,24,43,43,141,141,157,72,72,58,58,58,392,392,392,392,420,435,448,479,479,576,576,590,610,610,621,639,673,673,673,745,62,97,97,97,116,116,116],"floor_reached":51,"language":"ENG","playtime":2473,"items_purged":["Doubt"],"score":1054,"play_id":"c261fdc4-510f-425d-81a4-fb557c9d3238","local_time":"20210215082613","is_ascension_mode":true,"campfire_choices":[{"data":"Armaments","floor":6,"key":"SMITH"},{"data":"Bash","floor":8,"key":"SMITH"},{"data":"True Grit","floor":12,"key":"SMITH"},{"data":"Flex","floor":15,"key":"SMITH"},{"data":"Limit Break","floor":23,"key":"SMITH"},{"data":"Flame Barrier","floor":25,"key":"SMITH"},{"data":"Sword Boomerang","floor":27,"key":"SMITH"},{"data":"Whirlwind","floor":32,"key":"SMITH"},{"data":"Offering","floor":42,"key":"SMITH"},{"data":"Berserk","floor":46,"key":"SMITH"},{"data":"Spot Weakness","floor":49,"key":"SMITH"}],"circlet_count":0,"master_deck":["Strike_R","Strike_R","Strike_R","Strike_R","Strike_R","Defend_R","Defend_R","Defend_R+1","Defend_R","Bash+1","Dropkick","Armaments+1","Flame Barrier+1","Thunderclap","Burning Pact","True Grit+1","Flex+1","Warcry","Limit Break+1","Ghostly","Ghostly","Ghostly","Ghostly","Ghostly","Sword Boomerang+1","Sword Boomerang+1","Whirlwind+1","Headbutt","Offering+1","Madness","Madness","Second Wind","Parasite","Berserk+1","Spot Weakness+1"],"relics":["Tiny House","InkBottle","Letter Opener","ClockworkSouvenir","Self Forming Clay","Meat on the Bone","Orichalcum","Busted Crown","Ancient Tea Set","Old Coin","Red Mask","Eternal Feather","SacredBark","Darkstone Periapt","Gremlin Horn","OrangePellets","Bag of Preparation","Ginger"],"acts_visited":["Exordium","TheCity","TheBeyond"],"potions_floor_usage":[16,24,40,40,40,47,50],"damage_taken":[{"damage":2,"enemies":"Jaw Worm","floor":1,"turns":4},{"damage":2,"enemies":"Small Slimes","floor":2,"turns":3},{"damage":4,"enemies":"2 Louse","floor":4,"turns":4},{"damage":19,"enemies":"Lagavulin","floor":7,"turns":7},{"damage":12,"enemies":"Gremlin Nob","floor":10,"turns":4},{"damage":1,"enemies":"2 Fungi Beasts","floor":13,"turns":3},{"damage":3,"enemies":"Blue Slaver","floor":14,"turns":7},{"damage":32,"enemies":"Slime Boss","floor":16,"turns":9},{"damage":10,"enemies":"Spheric Guardian","floor":18,"turns":4},{"damage":0,"enemies":"2 Thieves","floor":21,"turns":5},{"damage":0,"enemies":"Book of Stabbing","floor":24,"turns":5},{"damage":0,"enemies":"Masked Bandits","floor":28,"turns":6},{"damage":0,"enemies":"Snecko","floor":29,"turns":6},{"damage":0,"enemies":"Centurion and Healer","floor":30,"turns":5},{"damage":17,"enemies":"Slavers","floor":31,"turns":4},{"damage":21,"enemies":"Champ","floor":33,"turns":8},{"damage":1,"enemies":"3 Darklings","floor":35,"turns":7},{"damage":4,"enemies":"3 Shapes","floor":36,"turns":5},{"damage":6,"enemies":"Transient","floor":38,"turns":5},{"damage":21,"enemies":"Writhing Mass","floor":39,"turns":6},{"damage":28,"enemies":"Reptomancer","floor":40,"turns":8},{"damage":13,"enemies":"Nemesis","floor":45,"turns":7},{"damage":1,"enemies":"Giant Head","floor":47,"turns":7},{"damage":1,"enemies":"Spire Growth","floor":48,"turns":3},{"damage":1,"enemies":"Donu and Deca","floor":50,"turns":6}],"seed_played":"-6165443783304752860","potions_obtained":[{"floor":0,"key":"LiquidMemories"},{"floor":1,"key":"LiquidMemories"},{"floor":10,"key":"Swift Potion"},{"floor":14,"key":"Energy Potion"},{"floor":18,"key":"Weak Potion"},{"floor":30,"key":"BloodPotion"},{"floor":35,"key":"SteroidPotion"},{"floor":40,"key":"SmokeBomb"},{"floor":45,"key":"ColorlessPotion"},{"floor":48,"key":"Block Potion"}],"is_trial":false,"path_per_floor":["M","M","?","M","$","R","E","R","T","E","$","R","M","M","R","B",null,"M","?","?","M","?","R","E","R","T","R","?","M","M","E","R","B",null,"M","M","?","M","M","E","?","R","T","$","E","R","E","M","R","B",null],"character_chosen":"IRONCLAD","items_purchased":["ClockworkSouvenir","Flex","Orichalcum","Gremlin Horn","Berserk","OrangePellets","Bag of Preparation"],"campfire_rested":0,"item_purchase_floors":[5,11,11,44,44,44,44],"current_hp_per_floor":[83,81,81,77,77,77,58,58,58,46,46,46,45,54,54,34,85,75,75,42,42,36,36,36,36,36,36,36,36,36,31,46,25,47,46,42,36,30,21,23,23,41,41,41,28,46,45,44,47,46],"gold":116,"neow_bonus":"BOSS_RELIC","is_daily":false,"chose_seed":false,"campfire_upgraded":11,"win_rate":0.0,"timestamp":1613370373,"path_taken":["M","M","?","M","$","R","E","R","T","E","$","R","M","M","R","BOSS","M","?","?","M","?","R","E","R","T","R","?","M","M","E","R","BOSS","M","M","?","M","M","E","?","R","T","$","E","R","E","M","R","BOSS"],"items_purchased_type":["Relic","Card","Relic","Relic","Card","Relic","Relic"],"build_version":"2020-12-22","purchased_purges":1,"victory":true,"max_hp_per_floor":[85,85,85,85,85,85,85,85,85,85,85,85,85,85,85,85,85,85,85,42,42,47,47,47,47,47,47,47,47,47,47,47,47,47,47,47,47,47,47,47,47,47,47,47,47,47,47,47,47,47],"relic_stats":{"Darkstone Periapt":0,"Gremlin Horn":[1,1],"counters":[25,138],"Self Forming Clay":[72],"Eternal Feather":54,"Bag of Preparation":[8],"Letter Opener":[81],"Ginger":[2],"Orichalcum":[198],"OrangePellets":[2],"Busted Crown":30,"obtain_stats":[{"Darkstone Periapt":40,"Tiny House":0,"Gremlin Horn":44,"Self Forming Clay":7,"SacredBark":34,"Eternal Feather":31,"Bag of Preparation":44,"Letter Opener":43,"Ginger":45,"Orichalcum":11,"Ancient Tea Set":19,"Burning Blood":0,"ClockworkSouvenir":5,"Old Coin":24,"OrangePellets":44,"Busted Crown":17,"Red Mask":28,"InkBottle":26,"Meat on the Bone":9},{"Darkstone Periapt":21,"Tiny House":0,"Gremlin Horn":21,"Self Forming Clay":4,"SacredBark":16,"Eternal Feather":15,"Bag of Preparation":21,"Letter Opener":21,"Ginger":22,"Orichalcum":5,"Ancient Tea Set":9,"Burning Blood":0,"ClockworkSouvenir":3,"Old Coin":11,"OrangePellets":21,"Busted Crown":8,"Red Mask":12,"InkBottle":11,"Meat on the Bone":4},{"Darkstone Periapt":115,"Tiny House":0,"Gremlin Horn":115,"Self Forming Clay":18,"SacredBark":84,"Eternal Feather":76,"Bag of Preparation":115,"Letter Opener":115,"Ginger":122,"Orichalcum":22,"Ancient Tea Set":45,"Burning Blood":0,"ClockworkSouvenir":11,"Old Coin":55,"OrangePellets":115,"Busted Crown":41,"Red Mask":61,"InkBottle":55,"Meat on the Bone":18}],"InkBottle":[34],"Meat on the Bone":60},"card_choices":[{"not_picked":["Headbutt","Twin Strike"],"picked":"Dropkick","floor":0},{"not_picked":["Thunderclap","Twin Strike"],"picked":"Armaments","floor":1},{"not_picked":["Body Slam","Wild Strike"],"picked":"Flame Barrier","floor":2},{"not_picked":["Clash","Inflame"],"picked":"Thunderclap","floor":4},{"not_picked":["Carnage","Infernal Blade"],"picked":"Burning Pact","floor":7},{"not_picked":["Warcry","Double Tap"],"picked":"True Grit","floor":10},{"not_picked":["Whirlwind","Twin Strike"],"picked":"Shrug It Off","floor":13},{"not_picked":["Anger","Shrug It Off"],"picked":"Warcry","floor":14},{"not_picked":["Demon Form","Berserk"],"picked":"Limit Break","floor":16},{"not_picked":["Pommel Strike+1"],"picked":"SKIP","floor":18},{"not_picked":[],"picked":"Sword Boomerang","floor":21},{"not_picked":["Shrug It Off"],"picked":"SKIP","floor":24},{"not_picked":[],"picked":"Sword Boomerang+1","floor":29},{"not_picked":[],"picked":"Whirlwind","floor":30},{"not_picked":[],"picked":"Headbutt","floor":31},{"not_picked":[],"picked":"Offering","floor":33},{"not_picked":["Rampage+1"],"picked":"SKIP","floor":35},{"not_picked":["Warcry"],"picked":"SKIP","floor":36},{"not_picked":[],"picked":"Second Wind","floor":38},{"not_picked":["Armaments+1"],"picked":"SKIP","floor":39},{"not_picked":["Warcry"],"picked":"SKIP","floor":40},{"not_picked":["Thunderclap+1"],"picked":"SKIP","floor":45},{"not_picked":[],"picked":"Spot Weakness","floor":48}],"player_experience":11931,"relics_obtained":[{"floor":7,"key":"Self Forming Clay"},{"floor":9,"key":"Meat on the Bone"},{"floor":24,"key":"Old Coin"},{"floor":26,"key":"InkBottle"},{"floor":28,"key":"Red Mask"},{"floor":31,"key":"Eternal Feather"},{"floor":40,"key":"Darkstone Periapt"},{"floor":43,"key":"Letter Opener"},{"floor":45,"key":"Ginger"}],"event_choices":[{"damage_healed":0,"gold_gain":175,"player_choice":"AGREE","damage_taken":0,"max_hp_gain":0,"max_hp_loss":0,"event_name":"Liars Game","floor":3,"gold_loss":0,"cards_obtained":["Doubt"]},{"damage_healed":0,"gold_gain":0,"player_choice":"Obtained Relic","damage_taken":0,"relics_obtained":["Ancient Tea Set"],"max_hp_gain":0,"max_hp_loss":0,"event_name":"Addict","floor":19,"gold_loss":85},{"damage_healed":0,"gold_gain":0,"player_choice":"Became a Ghost","damage_taken":0,"max_hp_gain":0,"max_hp_loss":43,"event_name":"Ghosts","floor":20,"gold_loss":0,"cards_obtained":["Ghostly","Ghostly","Ghostly","Ghostly","Ghostly"]},{"damage_healed":0,"gold_gain":0,"player_choice":"Shed Blood","damage_taken":11,"max_hp_gain":5,"max_hp_loss":0,"event_name":"Forgotten Altar","floor":22,"gold_loss":0},{"damage_healed":0,"gold_gain":0,"player_choice":"Fought Bandits","damage_taken":0,"max_hp_gain":0,"max_hp_loss":0,"event_name":"Masked Bandits","floor":28,"gold_loss":0},{"damage_healed":0,"gold_gain":0,"player_choice":"Embrace Madness","damage_taken":6,"max_hp_gain":0,"max_hp_loss":0,"event_name":"Winding Halls","floor":37,"gold_loss":0,"cards_obtained":["Madness","Madness"]},{"cards_removed":["Shrug It Off"],"damage_healed":0,"gold_gain":0,"player_choice":"Removed Skill","damage_taken":0,"max_hp_gain":0,"max_hp_loss":0,"event_name":"Falling","floor":41,"gold_loss":0}],"is_beta":false,"boss_relics":[{"not_picked":["Cursed Key","Runic Cube"],"picked":"Busted Crown"},{"not_picked":["Velvet Choker","Snecko Eye"],"picked":"SacredBark"}],"items_purged_floors":[5],"is_endless":false,"potions_floor_spawned":[1,10,13,14,18,30,35,40,45,48],"ascension_level":3}}