{"host":"6406jj8da6015sxr","time":1613383845,"event":{"mods":["AchievementEnabler","BaseMod","Colored Map","DeckTracker","Keyboard Shortcuts","Minty Spire (QoL Compilation)","Permanent Neow","SuperFastMode","everything is the same but u backflip on backflip"],"gold_per_floor":[115,41,41,54,74,106,106,133,133,133,133,143,169,189,189,288,288,305,305,23,37,25,50,50,50,50,84,8,8,34,51,51,146,146,166,180,27,42,62,62,95,106,161,195,207,239,39,54,54,54],"floor_reached":51,"language":"KOR","playtime":2516,"items_purged":["Strike_G"],"score":1082,"play_id":"2f03e461-dfbf-4ac5-ac76-c8156416f066","local_time":"20210215191045","is_ascension_mode":true,"campfire_choices":[{"data":"Poisoned Stab","floor":7,"key":"SMITH"},{"data":"Dagger Spray","floor":10,"key":"SMITH"},{"data":"Dagger Spray","floor":15,"key":"SMITH"},{"data":"After Image","floor":29,"key":"SMITH"},{"data":"Sucker Punch","floor":32,"key":"SMITH"},{"data":"A Thousand Cuts","floor":40,"key":"SMITH"},{"floor":49,"key":"REST"}],"circlet_count":0,"master_deck":["Strike_G+1","Strike_G+1","Strike_G+1","Defend_G+1","Defend_G+1","Defend_G+1","Defend_G+1","Defend_G+1","Survivor","Neutralize+1","PiercingWail","Quick Slash","Sucker Punch+1","Backstab+1","Poisoned Stab+1","Footwork+1","Dagger Spray+1","Dagger Spray+1","PiercingWail+1","Sucker Punch+1","Malaise+1","Acrobatics+1","Deep Breath+1","Cloak And Dagger+1","Blade Dance+1","Blade Dance+1","After Image+1","Blade Dance+1","After Image","Blade Dance+1","A Thousand Cuts+1","Backflip+1","Clumsy","Phantasmal Killer+1","Venomology+1","Flash of Steel+1","Master of Strategy+1"],"relics":["Ring of the Snake","Centennial Puzzle","Toxic Egg 2","Strawberry","Pantograph","Black Star","Membership Card","Akabeko","Singing Bowl","InkBottle","StrikeDummy","Blue Candle","Blood Vial","Chemical X","Sundial","Whetstone","Cursed Key","Lantern","Molten Egg 2","Bronze Scales","Gambling Chip","Snake Skull","Eternal Feather","Mango","Pen Nib"],"acts_visited":["TheCity","TheBeyond"],"potions_floor_usage":[6,6,8,13,27,33,48,50,50],"damage_taken":[{"damage":1,"enemies":"Jaw Worm","floor":1,"turns":5},{"damage":1,"enemies":"2 Louse","floor":4,"turns":3},{"damage":0,"enemies":"Cultist","floor":5,"turns":4},{"damage":0,"enemies":"Gremlin Nob","floor":6,"turns":2},{"damage":10,"enemies":"Lagavulin","floor":8,"turns":6},{"damage":0,"enemies":"2 Fungi Beasts","floor":12,"turns":2},{"damage":4,"enemies":"3 Sentries","floor":13,"turns":3},{"damage":0,"enemies":"Gremlin Gang","floor":14,"turns":1},{"damage":36,"enemies":"Slime Boss","floor":16,"turns":9},{"damage":0,"enemies":"3 Byrds","floor":18,"turns":6},{"damage":8,"enemies":"Spheric Guardian","floor":21,"turns":5},{"damage":8,"enemies":"Gremlin Leader","floor":23,"turns":7},{"damage":1,"enemies":"Slavers","floor":27,"turns":3},{"damage":0,"enemies":"Gremlin Leader","floor":30,"turns":7},{"damage":5,"enemies":"Centurion and Healer","floor":31,"turns":2},{"damage":43,"enemies":"Automaton","floor":33,"turns":9},{"damage":18,"enemies":"3 Shapes","floor":35,"turns":3},{"damage":5,"enemies":"3 Darklings","floor":36,"turns":4},{"damage":0,"enemies":"Jaw Worm Horde","floor":38,"turns":3},{"damage":1,"enemies":"Spire Growth","floor":39,"turns":4},{"damage":0,"enemies":"Reptomancer","floor":41,"turns":4},{"damage":0,"enemies":"Transient","floor":42,"turns":5},{"damage":8,"enemies":"Giant Head","floor":44,"turns":7},{"damage":0,"enemies":"3 Darklings","floor":45,"turns":2},{"damage":28,"enemies":"Nemesis","floor":46,"turns":7},{"damage":1,"enemies":"4 Shapes","floor":48,"turns":5},{"damage":2,"enemies":"Donu and Deca","floor":50,"turns":6}],"seed_played":"8990164391936760814","potions_obtained":[{"floor":5,"key":"FearPotion"},{"floor":6,"key":"CultistPotion"},{"floor":12,"key":"Poison Potion"},{"floor":16,"key":"SteroidPotion"},{"floor":18,"key":"Swift Potion"},{"floor":31,"key":"BlessingOfTheForge"},{"floor":45,"key":"SteroidPotion"}],"is_trial":false,"path_per_floor":["M","$","?","M","M","E","R","E","T","R","?","M","E","M","R","B",null,"M","?","$","M","$","E","?","?","T","E","$","R","E","M","R","B",null,"M","M","$","M","M","R","E","M","T","E","M","E","$","M","R","B",null],"character_chosen":"THE_SILENT","items_purchased":["Sucker Punch","Fire Potion","Membership Card","Deep Breath+1","Cloak And Dagger+1","PowerPotion","Blade Dance+1","Chemical X","A Thousand Cuts","Lantern","Pen Nib","Flash of Steel+1","Master of Strategy+1"],"campfire_rested":1,"item_purchase_floors":[2,2,20,20,20,20,22,28,37,37,47,47,47],"current_hp_per_floor":[69,69,69,68,68,68,68,58,65,65,65,65,61,61,61,41,77,77,77,77,69,69,61,61,61,61,62,62,62,64,63,63,38,81,65,62,62,66,69,69,71,75,75,69,73,61,61,64,107,105],"gold":54,"neow_bonus":"TRANSFORM_CARD","is_daily":false,"chose_seed":false,"campfire_upgraded":6,"win_rate":0.0,"timestamp":1613383845,"path_taken":["M","$","?","M","M","E","R","E","T","R","?","M","E","?","R","BOSS","M","?","$","?","?","E","?","?","T","E","?","R","E","M","R","BOSS","M","M","$","M","M","R","E","M","T","E","M","E","$","M","R","BOSS"],"items_purchased_type":["Card","Potion","Relic","Card","Card","Potion","Card","Relic","Card","Relic","Relic","Card","Card"],"build_version":"2020-12-22","purchased_purges":1,"victory":true,"max_hp_per_floor":[70,70,70,70,70,70,70,70,77,77,77,77,77,77,77,77,77,77,77,77,77,77,77,77,77,77,79,79,79,79,81,81,81,81,83,83,83,85,87,87,87,89,89,89,91,105,105,107,107,107],"card_choices":[{"not_picked":["PiercingWail","Sucker Punch"],"picked":"Quick Slash","floor":1},{"not_picked":["Backflip","Cloak And Dagger"],"picked":"Backstab","floor":4},{"not_picked":["Footwork","Cloak And Dagger"],"picked":"Poisoned Stab","floor":5},{"not_picked":["Finisher","Accuracy"],"picked":"Footwork","floor":6},{"not_picked":["Underhanded Strike","Tactician+1"],"picked":"Dagger Spray","floor":8},{"not_picked":["Dodge and Roll+1","Unload"],"picked":"Dagger Spray","floor":12},{"not_picked":["Backstab","Endless Agony"],"picked":"PiercingWail+1","floor":13},{"not_picked":["Eviscerate","Deadly Poison+1"],"picked":"Sucker Punch","floor":14},{"not_picked":["Grand Finale","Doppelganger+1"],"picked":"Malaise+1","floor":16},{"not_picked":["Poisoned Stab","Deadly Poison+1"],"picked":"Acrobatics+1","floor":18},{"not_picked":["Underhanded Strike+1","Acrobatics+1"],"picked":"Blade Dance+1","floor":21},{"not_picked":["Prepared+1","Flying Knee"],"picked":"After Image","floor":23},{"not_picked":["Skewer+1","Backflip+1","Sucker Punch"],"picked":"Singing Bowl","floor":27},{"not_picked":["Poisoned Stab+1","Underhanded Strike"],"picked":"Blade Dance+1","floor":30},{"not_picked":["Flechettes","Die Die Die","Dagger Spray+1"],"picked":"Singing Bowl","floor":31},{"not_picked":["Night Terror+1","Grand Finale"],"picked":"After Image","floor":33},{"not_picked":["Dodge and Roll+1","Riddle With Holes","Sucker Punch"],"picked":"Singing Bowl","floor":35},{"not_picked":["Deflect+1","Outmaneuver+1"],"picked":"Blade Dance+1","floor":36},{"not_picked":["Blur+1","Distraction+1","Catalyst+1"],"picked":"Singing Bowl","floor":38},{"not_picked":["Poisoned Stab","Flying Knee","Quick Slash+1"],"picked":"Singing Bowl","floor":39},{"not_picked":["Footwork+1","Bane+1"],"picked":"Backflip+1","floor":41},{"not_picked":["Deflect+1","Tools of the Trade","Expertise+1"],"picked":"Singing Bowl","floor":42},{"not_picked":["Riddle With Holes+1","Backstab+1"],"picked":"Phantasmal Killer+1","floor":44},{"not_picked":["Slice+1","Distraction+1","PiercingWail+1"],"picked":"Singing Bowl","floor":45},{"not_picked":["Quick Slash+1","Cloak And Dagger+1"],"picked":"Venomology+1","floor":46},{"not_picked":["Quick Slash+1","PiercingWail+1","Eviscerate+1"],"picked":"Singing Bowl","floor":48}],"player_experience":3794,"relics_obtained":[{"floor":6,"key":"Centennial Puzzle"},{"floor":8,"key":"Toxic Egg 2"},{"floor":9,"key":"Strawberry"},{"floor":13,"key":"Pantograph"},{"floor":23,"key":"Akabeko"},{"floor":23,"key":"Singing Bowl"},{"floor":26,"key":"StrikeDummy"},{"floor":27,"key":"Blue Candle"},{"floor":27,"key":"Blood Vial"},{"floor":30,"key":"Sundial"},{"floor":30,"key":"Whetstone"},{"floor":41,"key":"Molten Egg 2"},{"floor":43,"key":"Bronze Scales"},{"floor":44,"key":"Gambling Chip"},{"floor":44,"key":"Snake Skull"},{"floor":46,"key":"Eternal Feather"},{"floor":46,"key":"Mango"}],"event_choices":[{"damage_healed":0,"gold_gain":0,"player_choice":"Leave","damage_taken":0,"max_hp_gain":0,"max_hp_loss":0,"event_name":"The Cleric","floor":3,"gold_loss":0},{"damage_healed":0,"gold_gain":0,"player_choice":"Upgraded","damage_taken":0,"max_hp_gain":0,"max_hp_loss":0,"event_name":"Upgrade Shrine","floor":11,"gold_loss":0,"cards_upgraded":["Neutralize"]},{"damage_healed":0,"gold_gain":0,"player_choice":"Upgraded","damage_taken":0,"max_hp_gain":0,"max_hp_loss":0,"event_name":"Upgrade Shrine","floor":19,"gold_loss":0,"cards_upgraded":["Footwork"]},{"damage_healed":0,"gold_gain":0,"player_choice":"Simplicity","damage_taken":0,"max_hp_gain":0,"max_hp_loss":0,"event_name":"Back to Basics","floor":24,"gold_loss":0,"cards_upgraded":["Strike_G","Strike_G","Strike_G","Defend_G","Defend_G","Defend_G","Defend_G","Defend_G"]},{"damage_healed":0,"gold_gain":0,"player_choice":"Opened","damage_taken":0,"relics_obtained":["InkBottle"],"max_hp_gain":0,"max_hp_loss":0,"event_name":"The Mausoleum","floor":25,"gold_loss":0}],"is_beta":false,"boss_relics":[{"not_picked":["Sozu","SacredBark"],"picked":"Black Star"},{"not_picked":["Runic Dome","Snecko Eye"],"picked":"Cursed Key"}],"items_purged_floors":[20],"is_endless":false,"potions_floor_spawned":[5,6,12,16,18,21,23,31,42,45,48],"ascension_level":1}}