{"host":"0xtpc43j5kblke7u","time":1613367620,"event":{"mods":["AchievementEnabler","BaseMod","Colored Map","Highlight Path","Minty Spire (QoL Compilation)"],"gold_per_floor":[110,123,136,20,39,50,50,66,92,92,127,127,127,127,127],"floor_reached":14,"language":"ENG","playtime":917,"items_purged":[],"score":138,"play_id":"9bc0eebf-71bb-4727-b46c-b73b21419c37","local_time":"20210215004020","is_ascension_mode":true,"campfire_choices":[{"data":"Footwork","floor":7.0,"key":"SMITH"},{"floor":13,"key":"REST"}],"circlet_count":0,"master_deck":["AscendersBane","Strike_G","Strike_G","Strike_G","Strike_G","Strike_G","Defend_G","Defend_G","Defend_G","Defend_G","Defend_G","Survivor","Neutralize","Jack Of All Trades","Poisoned Stab","Footwork+1","Footwork+1","Crippling Poison","Blade Dance","Backstab","PiercingWail","Cloak And Dagger"],"relics":["Ring of the Snake","Pen Nib","Prayer Wheel"],"acts_visited":["Exordium"],"potions_floor_usage":[11,11,14],"damage_taken":[{"damage":0.0,"enemies":"Cultist","floor":1.0,"turns":4.0},{"damage":7.0,"enemies":"Jaw Worm","floor":2.0,"turns":4.0},{"damage":3.0,"enemies":"2 Louse","floor":3.0,"turns":4.0},{"damage":4.0,"enemies":"Blue Slaver","floor":5.0,"turns":5.0},{"damage":6.0,"enemies":"2 Fungi Beasts","floor":6.0,"turns":4.0},{"damage":12.0,"enemies":"Large Slime","floor":8.0,"turns":7.0},{"damage":16,"enemies":"3 Sentries","floor":11,"turns":8},{"damage":52,"enemies":"Lagavulin","floor":14,"turns":6}],"seed_played":"-5224489573979183151","potions_obtained":[{"floor":2.0,"key":"Strength Potion"},{"floor":3.0,"key":"Weak Potion"},{"floor":6.0,"key":"SkillPotion"},{"floor":11,"key":"Regen Potion"}],"is_trial":false,"path_per_floor":["M","M","M","$","M","M","R","M","T","?","E","?","R","E"],"character_chosen":"THE_SILENT","items_purchased":["Crippling Poison","Blade Dance"],"campfire_rested":1,"item_purchase_floors":[4,4],"current_hp_per_floor":[63,56,53,53,49,43,43,31,31,31,15,15,36,0,0],"gold":127,"neow_bonus":"RANDOM_COLORLESS","is_daily":false,"chose_seed":false,"campfire_upgraded":1,"win_rate":0.0,"timestamp":1613367620,"path_taken":["M","M","?","?","M","M","R","?","T","?","E","?","R","E"],"items_purchased_type":["Card","Card"],"build_version":"2020-12-22","purchased_purges":0,"victory":false,"max_hp_per_floor":[70,70,70,70,70,70,70,70,70,70,70,70,70,70,70],"card_choices":[{"not_picked":["Purity","Forethought"],"picked":"Jack Of All Trades","floor":0.0},{"not_picked":["PiercingWail","Choke"],"picked":"Poisoned Stab","floor":1.0},{"not_picked":["Predator","Expertise"],"picked":"Footwork","floor":2.0},{"not_picked":["Bane","Poisoned Stab"],"picked":"Footwork","floor":3.0},{"not_picked":["Predator","Skewer"],"picked":"Backstab","floor":5.0},{"not_picked":["Bane","Dodge and Roll","Bullet Time"],"picked":"SKIP","floor":6.0},{"not_picked":["Sucker Punch","Acrobatics"],"picked":"PiercingWail","floor":8.0},{"not_picked":["Acrobatics","Escape Plan"],"picked":"Cloak And Dagger","floor":11}],"player_experience":680296,"relics_obtained":[{"floor":9.0,"key":"Pen Nib"},{"floor":11,"key":"Prayer Wheel"}],"event_choices":[{"damage_healed":0.0,"max_hp_gain":0.0,"max_hp_loss":0.0,"gold_gain":0.0,"event_name":"Liars Game","player_choice":"Ignored","floor":10.0,"gold_loss":0.0,"damage_taken":0.0},{"damage_healed":0,"gold_gain":0,"player_choice":"Grow","damage_taken":0,"max_hp_gain":0,"max_hp_loss":0,"event_name":"Living Wall","floor":12,"gold_loss":0,"cards_upgraded":["Footwork"]}],"is_beta":false,"boss_relics":[],"items_purged_floors":[],"is_endless":false,"potions_floor_spawned":[2,3,6,11],"killed_by":"Lagavulin","ascension_level":10}}