{"host":"lv3zv4svf9qrs9uo","time":1613433425,"event":{"mods":["AchievementEnabler","BaseMod","Minty Spire (QoL Compilation)","Relic Stats"],"gold_per_floor":[367,387,71,71,90,117,117,128,152,47,82,82,110,128,128,227,227,237,252,252,177,195,195,209,20,20,52,2,34,47,47,47,148,148,164,264,275,287,306,306,341,209,263,276,294,121,136,171,171,171],"floor_reached":51,"language":"ENG","playtime":7366,"items_purged":["Strike_R","Strike_R","Strike_R","Strike_R","Anger","Cleave"],"score":1213,"play_id":"328f06e8-6d5c-4f6e-acf4-f8d8ba42ce0c","local_time":"20210215155705","is_ascension_mode":true,"campfire_choices":[{"data":"Bludgeon","floor":7.0,"key":"SMITH"},{"data":"Disarm","floor":12.0,"key":"SMITH"},{"data":"Metallicize","floor":15.0,"key":"SMITH"},{"data":"Pommel Strike","floor":23.0,"key":"SMITH"},{"data":"Juggernaut","floor":32,"key":"SMITH"},{"data":"True Grit","floor":40,"key":"SMITH"},{"data":"Entrench","floor":49,"key":"SMITH"}],"circlet_count":0,"master_deck":["Defend_R","Defend_R","Defend_R","Defend_R","Bash","Disarm+1","Bludgeon+1","True Grit+1","Metallicize+1","Seeing Red","Flame Barrier","Shrug It Off","Reaper","Armaments+1","Pommel Strike+1","Juggernaut+1","Barricade","Sentinel","Entrench+1","Body Slam+1","Entrench","Evolve","Dual Wield","Ghostly Armor+1"],"relics":["Burning Blood","Meat on the Bone","Lantern","Boot","Bag of Preparation","Smiling Mask","Coffee Dripper","Gambling Chip","Sundial","Self Forming Clay","Enchiridion","Runic Pyramid","Toy Ornithopter","PreservedInsect","Mercury Hourglass"],"acts_visited":["Exordium","TheCity","TheBeyond"],"potions_floor_usage":[33,33,41,50,50],"damage_taken":[{"damage":0.0,"enemies":"Small Slimes","floor":1.0,"turns":5.0},{"damage":1.0,"enemies":"Cultist","floor":2.0,"turns":3.0},{"damage":7.0,"enemies":"2 Louse","floor":5.0,"turns":3.0},{"damage":30.0,"enemies":"Gremlin Nob","floor":6.0,"turns":4.0},{"damage":13.0,"enemies":"Red Slaver","floor":8.0,"turns":3.0},{"damage":15.0,"enemies":"3 Sentries","floor":11.0,"turns":5.0},{"damage":23.0,"enemies":"Lagavulin","floor":13.0,"turns":5.0},{"damage":0.0,"enemies":"Exordium Wildlife","floor":14.0,"turns":3.0},{"damage":16.0,"enemies":"Hexaghost","floor":16.0,"turns":10.0},{"damage":1.0,"enemies":"3 Byrds","floor":18.0,"turns":6.0},{"damage":4.0,"enemies":"Spheric Guardian","floor":19.0,"turns":4.0},{"damage":3.0,"enemies":"Snake Plant","floor":22.0,"turns":4.0},{"damage":1.0,"enemies":"Centurion and Healer","floor":24.0,"turns":6.0},{"damage":7.0,"enemies":"Slavers","floor":27.0,"turns":7.0},{"damage":9.0,"enemies":"Book of Stabbing","floor":29.0,"turns":4.0},{"damage":1,"enemies":"Snecko","floor":30,"turns":3},{"damage":45,"enemies":"Champ","floor":33,"turns":8},{"damage":2,"enemies":"Orb Walker","floor":35,"turns":3},{"damage":0,"enemies":"3 Shapes","floor":37,"turns":4},{"damage":8,"enemies":"3 Darklings","floor":38,"turns":3},{"damage":11,"enemies":"Spire Growth","floor":39,"turns":6},{"damage":7,"enemies":"Nemesis","floor":41,"turns":6},{"damage":0,"enemies":"Transient","floor":44,"turns":5},{"damage":0,"enemies":"Sphere and 2 Shapes","floor":45,"turns":4},{"damage":0,"enemies":"Spire Growth","floor":47,"turns":3},{"damage":0,"enemies":"Reptomancer","floor":48,"turns":4},{"damage":0,"enemies":"Donu and Deca","floor":50,"turns":7}],"seed_played":"7873857251313686475","potions_obtained":[{"floor":1.0,"key":"Swift Potion"},{"floor":6.0,"key":"Ancient Potion"},{"floor":8.0,"key":"Regen Potion"},{"floor":14.0,"key":"LiquidBronze"},{"floor":16.0,"key":"LiquidBronze"},{"floor":19.0,"key":"Dexterity Potion"},{"floor":24.0,"key":"SpeedPotion"},{"floor":29.0,"key":"EssenceOfSteel"},{"floor":37,"key":"Fire Potion"},{"floor":38,"key":"SkillPotion"},{"floor":44,"key":"LiquidMemories"},{"floor":47,"key":"Energy Potion"}],"is_trial":false,"path_per_floor":["M","M","$","?","M","E","R","M","T","$","E","R","E","M","R","B",null,"M","M","?","$","M","R","M","$","T","E","$","E","M","?","R","B",null,"M","?","M","M","M","R","E","$","T","M","M","$","M","E","R","B",null],"character_chosen":"IRONCLAD","items_purchased":["Meat on the Bone","Metallicize","Seeing Red","Pommel Strike","Juggernaut","Entrench","Evolve","Energy Potion"],"campfire_rested":0,"item_purchase_floors":[3,10,10,21,25,42,46,46],"current_hp_per_floor":[57,62,62,67,66,54,54,59,59,59,50,50,45,51,51,56,78,85,85,85,85,85,85,85,85,85,85,85,82,85,69,69,48,76,85,85,85,83,83,83,82,82,82,85,85,85,85,85,85,85],"gold":171,"neow_bonus":"TWO_FIFTY_GOLD","is_daily":false,"chose_seed":false,"campfire_upgraded":7,"win_rate":0.0,"timestamp":1613433425,"path_taken":["M","M","$","?","M","E","R","M","T","$","E","R","E","M","R","BOSS","M","M","?","$","?","R","M","$","T","E","?","E","M","?","R","BOSS","M","?","M","?","M","R","E","$","T","M","M","$","M","E","R","BOSS"],"items_purchased_type":["Relic","Card","Card","Card","Card","Card","Card","Potion"],"build_version":"2020-12-22","purchased_purges":6,"victory":true,"max_hp_per_floor":[80,80,80,85,85,85,85,85,85,85,85,85,85,85,85,85,85,85,85,85,85,85,85,85,85,85,85,85,85,85,85,85,85,85,85,85,85,85,85,85,85,85,85,85,85,85,85,85,85,85],"relic_stats":{"counters":[27,128],"Self Forming Clay":[30],"PreservedInsect":60,"Bag of Preparation":[42],"Boot":[21],"Smiling Mask":500,"Burning Blood":109,"Mercury Hourglass":[21],"Sundial":[12],"Gambling Chip":[55],"obtain_stats":[{"Lantern":6,"Self Forming Clay":29,"Enchiridion":31,"PreservedInsect":43,"Bag of Preparation":11,"Boot":9,"Smiling Mask":13,"Burning Blood":0,"Mercury Hourglass":48,"Sundial":27,"Gambling Chip":26,"Coffee Dripper":17,"Toy Ornithopter":41,"Meat on the Bone":3,"Runic Pyramid":34},{"Lantern":4,"Self Forming Clay":15,"Enchiridion":16,"PreservedInsect":22,"Bag of Preparation":6,"Boot":5,"Smiling Mask":7,"Burning Blood":0,"Mercury Hourglass":26,"Sundial":14,"Gambling Chip":13,"Coffee Dripper":9,"Toy Ornithopter":22,"Meat on the Bone":2,"Runic Pyramid":17},{"Lantern":15,"Self Forming Clay":72,"Enchiridion":75,"PreservedInsect":105,"Bag of Preparation":23,"Boot":18,"Smiling Mask":28,"Burning Blood":0,"Mercury Hourglass":121,"Sundial":68,"Gambling Chip":61,"Coffee Dripper":41,"Toy Ornithopter":105,"Meat on the Bone":8,"Runic Pyramid":83}],"Toy Ornithopter":0,"Meat on the Bone":48},"card_choices":[{"not_picked":["Twin Strike","Iron Wave"],"picked":"Anger","floor":1.0},{"not_picked":["Armaments","Body Slam"],"picked":"Cleave","floor":2.0},{"not_picked":["Heavy Blade","Iron Wave"],"picked":"Disarm","floor":5.0},{"not_picked":["Uppercut","True Grit"],"picked":"Bludgeon","floor":6.0},{"not_picked":["Searing Blow","Power Through"],"picked":"True Grit","floor":8.0},{"not_picked":["Iron Wave","Feel No Pain"],"picked":"Flame Barrier","floor":11.0},{"not_picked":["Power Through","Intimidate","Blood for Blood"],"picked":"SKIP","floor":13.0},{"not_picked":["Power Through","Warcry"],"picked":"Shrug It Off","floor":14.0},{"not_picked":["Berserk","Limit Break"],"picked":"Reaper","floor":16.0},{"not_picked":["Fire Breathing+1","Sword Boomerang"],"picked":"Armaments+1","floor":18.0},{"not_picked":["Cleave","Carnage","Flex"],"picked":"SKIP","floor":19.0},{"not_picked":["Cleave","Rupture","Anger"],"picked":"SKIP","floor":22.0},{"not_picked":["Anger","Havoc","Fire Breathing"],"picked":"SKIP","floor":24.0},{"not_picked":["Shrug It Off","Hemokinesis","Heavy Blade"],"picked":"SKIP","floor":27.0},{"not_picked":["Heavy Blade","Double Tap","Seeing Red"],"picked":"SKIP","floor":29.0},{"not_picked":["Cleave+1","Clothesline","Flex"],"picked":"SKIP","floor":30},{"not_picked":["Bludgeon","Feed"],"picked":"Barricade","floor":33},{"not_picked":["Perfected Strike+1","Twin Strike","Clothesline+1"],"picked":"SKIP","floor":35},{"not_picked":["Havoc+1","Shrug It Off"],"picked":"Sentinel","floor":37},{"not_picked":["Ghostly Armor","Infernal Blade","Cleave+1"],"picked":"SKIP","floor":38},{"not_picked":["Flex+1","Hemokinesis+1","Perfected Strike+1"],"picked":"SKIP","floor":39},{"not_picked":["Clothesline+1","Warcry","Hemokinesis+1"],"picked":"SKIP","floor":41},{"not_picked":["Warcry","Uppercut+1"],"picked":"Body Slam+1","floor":44},{"not_picked":["Anger+1","Sword Boomerang+1"],"picked":"Entrench","floor":45},{"not_picked":["Headbutt+1","Burning Pact"],"picked":"Dual Wield","floor":47},{"not_picked":["Whirlwind+1","Spot Weakness"],"picked":"Ghostly Armor+1","floor":48}],"player_experience":607090,"relics_obtained":[{"floor":6.0,"key":"Lantern"},{"floor":9.0,"key":"Boot"},{"floor":11.0,"key":"Bag of Preparation"},{"floor":13.0,"key":"Smiling Mask"},{"floor":26.0,"key":"Gambling Chip"},{"floor":27.0,"key":"Sundial"},{"floor":29.0,"key":"Self Forming Clay"},{"floor":31,"key":"Enchiridion"},{"floor":41,"key":"Toy Ornithopter"},{"floor":43,"key":"PreservedInsect"},{"floor":48,"key":"Mercury Hourglass"}],"event_choices":[{"damage_healed":0.0,"max_hp_gain":5.0,"max_hp_loss":0.0,"gold_gain":0.0,"event_name":"Big Fish","player_choice":"Donut","floor":4.0,"gold_loss":0.0,"damage_taken":0.0},{"cards_removed":["Strike_R"],"damage_healed":0.0,"max_hp_gain":0.0,"max_hp_loss":0.0,"gold_gain":0.0,"event_name":"Bonfire Elementals","player_choice":"Offered Basic","floor":20.0,"gold_loss":0.0,"damage_taken":0.0},{"damage_healed":0,"gold_gain":0,"player_choice":"Obtained Book","damage_taken":16,"max_hp_gain":0,"max_hp_loss":0,"event_name":"Cursed Tome","floor":31,"gold_loss":0},{"damage_healed":0,"gold_gain":100,"player_choice":"Pray","damage_taken":0,"max_hp_gain":0,"max_hp_loss":0,"event_name":"Golden Shrine","floor":36,"gold_loss":0}],"is_beta":false,"boss_relics":[{"not_picked":["Velvet Choker","Mark of Pain"],"picked":"Coffee Dripper"},{"not_picked":["Philosopher\u0027s Stone","Black Star"],"picked":"Runic Pyramid"}],"items_purged_floors":[3,21,25,28,42,46],"is_endless":false,"potions_floor_spawned":[1,6,8,14,16,19,24,29,37,38,44,47,48],"ascension_level":9}}