{"host":"m0bekkrd201b63ug","time":1613350684,"event":{"mods":["AchievementEnabler","BaseMod","Colored Powertips","Highlight Path","Minty Spire (QoL Compilation)","Rare Cards Sparkle","StSLib","SuperFastMode","everything is the same but u backflip on backflip","slay the spire mod where everything is the same but ironclad has a cowboy hat"],"gold_per_floor":[115,80,5,19,37,37,70,70,145,173,173,206,218,236,236,332,332,332,149,104,9,9,9,9,9,9,9,9,9,9,9,9,9,9,9,9,9,9,9,9,9,9],"floor_reached":41,"language":"ENG","playtime":1391,"items_purged":["Strike_B","Strike_B"],"score":570,"play_id":"0a29631e-4971-413d-a25f-bd42f7954823","local_time":"20210214225804","is_ascension_mode":true,"campfire_choices":[{"data":"Beam Cell","floor":6.0,"key":"SMITH"},{"data":"Cold Snap","floor":8.0,"key":"SMITH"},{"data":"Double Energy","floor":15.0,"key":"SMITH"},{"data":"Scrape","floor":23.0,"key":"SMITH"},{"floor":25.0,"key":"REST"},{"data":"Beam Cell","floor":28.0,"key":"SMITH"},{"data":"Dualcast","floor":32.0,"key":"SMITH"},{"floor":40,"key":"REST"}],"circlet_count":0,"master_deck":["Defend_B","Defend_B","Defend_B","Zap","Dualcast+1","Beam Cell+1","Cold Snap+1","Conserve Battery","Double Energy+1","Barrage","Cold Snap","All For One","Beam Cell+1","Scrape+1","Steam","Double Energy+1","Gash","All For One"],"relics":["Cracked Core","Art of War","Pantograph","Unceasing Top","Regal Pillow","Ectoplasm","Toy Ornithopter","Empty Cage","Juzu Bracelet"],"acts_visited":["TheCity","TheBeyond"],"potions_floor_usage":[],"damage_taken":[{"damage":2.0,"enemies":"Jaw Worm","floor":1.0,"turns":3.0},{"damage":2.0,"enemies":"2 Louse","floor":4.0,"turns":2.0},{"damage":0.0,"enemies":"Cultist","floor":5.0,"turns":3.0},{"damage":26.0,"enemies":"Lagavulin","floor":7.0,"turns":8.0},{"damage":16.0,"enemies":"Gremlin Nob","floor":10.0,"turns":3.0},{"damage":19.0,"enemies":"Lagavulin","floor":12.0,"turns":6.0},{"damage":1.0,"enemies":"Exordium Wildlife","floor":13.0,"turns":2.0},{"damage":13.0,"enemies":"Exordium Thugs","floor":14.0,"turns":5.0},{"damage":25.0,"enemies":"Slime Boss","floor":16.0,"turns":12.0},{"damage":0.0,"enemies":"Chosen","floor":18.0,"turns":3.0},{"damage":20.0,"enemies":"2 Thieves","floor":20.0,"turns":3.0},{"damage":44.0,"enemies":"Snecko","floor":24.0,"turns":5.0},{"damage":0.0,"enemies":"Centurion and Healer","floor":27.0,"turns":3.0},{"damage":0.0,"enemies":"Chosen and Byrds","floor":30.0,"turns":2.0},{"damage":52.0,"enemies":"Collector","floor":33.0,"turns":9.0},{"damage":14.0,"enemies":"3 Shapes","floor":35.0,"turns":3.0},{"damage":4,"enemies":"Orb Walker","floor":37,"turns":2},{"damage":49,"enemies":"Transient","floor":39,"turns":5},{"damage":72,"enemies":"Nemesis","floor":41,"turns":5}],"seed_played":"5138512806501997078","potions_obtained":[{"floor":4.0,"key":"FearPotion"},{"floor":5.0,"key":"Dexterity Potion"},{"floor":13.0,"key":"DistilledChaos"},{"floor":20.0,"key":"ColorlessPotion"},{"floor":24.0,"key":"Fire Potion"},{"floor":29.0,"key":"Regen Potion"},{"floor":30.0,"key":"Fruit Juice"},{"floor":39,"key":"DuplicationPotion"}],"is_trial":false,"path_per_floor":["M","?","$","M","M","R","E","R","T","E","?","E","M","M","R","B",null,"M","$","M","$","?","R","M","R","T","M","R","?","M","$","R","B",null,"M","?","M","?","M","R","E"],"character_chosen":"DEFECT","items_purchased":["Beam Cell","Scrape","Steam","Block Potion"],"campfire_rested":2,"item_purchase_floors":[19,19,21,21],"current_hp_per_floor":[66,88,88,86,86,86,60,60,60,44,44,25,24,11,11,11,70,70,70,50,50,50,50,6,47,47,47,47,47,57,57,57,45,82,68,68,64,64,15,58,0,0],"gold":9,"neow_bonus":"TWENTY_PERCENT_HP_BONUS","is_daily":false,"chose_seed":false,"campfire_upgraded":6,"win_rate":0.0,"timestamp":1613350684,"path_taken":["M","?","$","M","M","R","E","R","T","E","?","E","M","M","R","BOSS","M","$","M","$","?","R","M","R","T","?","R","?","M","?","R","BOSS","M","?","M","?","M","R","E"],"items_purchased_type":["Card","Card","Card","Potion"],"build_version":"2020-12-22","purchased_purges":2,"victory":false,"max_hp_per_floor":[89,89,89,89,89,89,89,89,89,89,89,89,89,89,89,89,89,89,89,89,89,89,89,89,89,89,89,89,89,94,94,94,94,94,94,94,94,94,94,94,94,94],"card_choices":[{"not_picked":["Rebound","Go for the Eyes"],"picked":"Beam Cell","floor":1.0},{"not_picked":["Glacier","Conserve Battery"],"picked":"Cold Snap","floor":4.0},{"not_picked":["Stack","Reinforced Body"],"picked":"Conserve Battery","floor":5.0},{"not_picked":["Meteor Strike","Turbo","Double Energy"],"picked":"SKIP","floor":7.0},{"not_picked":["Stack","Auto Shields"],"picked":"Double Energy","floor":10.0},{"not_picked":["Turbo","Capacitor","Compile Driver"],"picked":"SKIP","floor":12.0},{"not_picked":["Compile Driver","Turbo","Self Repair"],"picked":"SKIP","floor":13.0},{"not_picked":["Streamline","Loop"],"picked":"Cold Snap","floor":14.0},{"not_picked":["Multi-Cast","Thunder Strike"],"picked":"All For One","floor":16.0},{"not_picked":["Sweeping Beam","Reinforced Body","Consume"],"picked":"SKIP","floor":18.0},{"not_picked":["Tempest","Stack","Leap"],"picked":"SKIP","floor":20.0},{"not_picked":["Coolheaded+1","Conserve Battery","Hologram+1"],"picked":"SKIP","floor":24.0},{"not_picked":["Conserve Battery","Rip and Tear+1","Compile Driver+1"],"picked":"SKIP","floor":27.0},{"not_picked":["Ball Lightning","White Noise"],"picked":"Gash","floor":30.0},{"not_picked":["Hyperbeam","Echo Form"],"picked":"All For One","floor":33.0},{"not_picked":["Hologram+1","Turbo","Sweeping Beam"],"picked":"SKIP","floor":35},{"not_picked":["Capacitor","Cold Snap+1","Coolheaded"],"picked":"SKIP","floor":37},{"not_picked":["Chaos+1","Hologram","Barrage+1"],"picked":"SKIP","floor":39}],"player_experience":273584,"relics_obtained":[{"floor":7.0,"key":"Art of War"},{"floor":9.0,"key":"Pantograph"},{"floor":10.0,"key":"Unceasing Top"},{"floor":12.0,"key":"Regal Pillow"},{"floor":26.0,"key":"Toy Ornithopter"}],"event_choices":[{"damage_healed":22.0,"max_hp_gain":0.0,"max_hp_loss":0.0,"gold_gain":0.0,"event_name":"The Cleric","player_choice":"Healed","floor":2.0,"gold_loss":35.0,"damage_taken":0.0},{"damage_healed":0.0,"max_hp_gain":0.0,"max_hp_loss":0.0,"gold_gain":0.0,"cards_transformed":["Strike_B"],"event_name":"Living Wall","player_choice":"Change","floor":11.0,"gold_loss":0.0,"damage_taken":0.0,"cards_obtained":["Barrage"]},{"damage_healed":0.0,"max_hp_gain":0.0,"max_hp_loss":0.0,"gold_gain":0.0,"event_name":"Duplicator","player_choice":"Copied","floor":22.0,"gold_loss":0.0,"damage_taken":0.0,"cards_obtained":["Double Energy"]},{"damage_healed":0.0,"max_hp_gain":0.0,"max_hp_loss":0.0,"gold_gain":0.0,"event_name":"Lab","player_choice":"Got Potions","floor":29.0,"gold_loss":0.0,"damage_taken":0.0},{"damage_healed":0,"gold_gain":0,"player_choice":"Gave Potion","damage_taken":0,"relics_obtained":["Juzu Bracelet"],"max_hp_gain":0,"max_hp_loss":0,"event_name":"WeMeetAgain","floor":36,"gold_loss":0},{"damage_healed":0,"gold_gain":0,"player_choice":"0 cards matched","damage_taken":0,"max_hp_gain":0,"max_hp_loss":0,"event_name":"Match and Keep!","floor":38,"gold_loss":0,"cards_obtained":[]}],"is_beta":false,"boss_relics":[{"not_picked":["Runic Pyramid","Tiny House"],"picked":"Ectoplasm"},{"not_picked":["Pandora\u0027s Box","SacredBark"],"picked":"Empty Cage"}],"items_purged_floors":[3,19],"is_endless":false,"potions_floor_spawned":[4,5,13,20,24,30,39],"killed_by":"Nemesis","ascension_level":5}}