{"host":"43wsnxh97mgjl5zw","time":1613417848,"event":{"mods":["Aspiration","BaseMod","Colored Map","Colored Powertips","Downfall","Hubris","Minty Spire (QoL Compilation)","Quick Restart","Rare Cards Sparkle","Relic Sorter","Replay The Spire","StSLib"],"gold_per_floor":[116,136,186,33,51,51,76,76,76,89,105,129,129,150,150,150,150],"floor_reached":16,"language":"ENG","playtime":386,"items_purged":["Strike_R"],"score":208,"play_id":"a483edbb-031d-4928-950a-65d712f5a088","local_time":"20210215213728","is_ascension_mode":true,"campfire_choices":[{"data":"Heavy Blade","floor":6.0,"key":"SMITH"},{"data":"Metallicize","floor":15.0,"key":"SMITH"}],"circlet_count":0,"master_deck":["AscendersBane","Strike_R","Strike_R","Strike_R","Strike_R","Defend_R","Defend_R","Defend_R","Defend_R","Bash","Heavy Blade+1","Inflame","Shrug It Off","Metallicize+1","Spot Weakness","Thunderclap","Shockwave"],"relics":["Burning Blood","NeowsBlessing","Boot","Golden Idol"],"acts_visited":["Exordium"],"potions_floor_usage":[16],"damage_taken":[{"damage":0.0,"enemies":"Cultist","floor":1.0,"turns":1.0},{"damage":0.0,"enemies":"Jaw Worm","floor":2.0,"turns":1.0},{"damage":0.0,"enemies":"2 Louse","floor":5.0,"turns":1.0},{"damage":47.0,"enemies":"Gremlin Nob","floor":7.0,"turns":5.0},{"damage":8.0,"enemies":"Blue Slaver","floor":10.0,"turns":5.0},{"damage":18.0,"enemies":"Large Slime","floor":11.0,"turns":7.0},{"damage":7.0,"enemies":"Looter","floor":12.0,"turns":3.0},{"damage":1.0,"enemies":"2 Fungi Beasts","floor":14.0,"turns":5.0},{"damage":12,"enemies":"Slime Boss","floor":16,"turns":5}],"seed_played":"8243784757348282211","potions_obtained":[{"floor":1.0,"key":"SpeedPotion"},{"floor":11.0,"key":"Death Potion"}],"is_trial":false,"path_per_floor":["M","M","?","$","M","R","E","?","T","M","M","M","$","M","R","B"],"character_chosen":"IRONCLAD","items_purchased":["Inflame"],"campfire_rested":0,"item_purchase_floors":[4],"current_hp_per_floor":[74,75,68,68,74,74,33,33,33,31,19,18,18,23,23,11,11],"gold":150,"neow_bonus":"THREE_ENEMY_KILL","is_daily":false,"chose_seed":false,"campfire_upgraded":2,"win_rate":0.0,"timestamp":1613417848,"path_taken":["M","?","?","$","?","R","E","?","T","M","M","M","?","M","R","BOSS"],"items_purchased_type":["Card"],"build_version":"2020-12-22","purchased_purges":1,"victory":false,"max_hp_per_floor":[75,75,75,75,75,75,75,68,68,68,68,68,68,68,68,68,68],"card_choices":[{"not_picked":["Intimidate","Flex"],"picked":"Heavy Blade","floor":1.0},{"not_picked":["Body Slam","Dual Wield","Power Through"],"picked":"SKIP","floor":2.0},{"not_picked":["Combust","Iron Wave"],"picked":"Shrug It Off","floor":5.0},{"not_picked":["Havoc","Second Wind","Body Slam"],"picked":"SKIP","floor":7.0},{"not_picked":["Sever Soul","hubris:ReadiedAction"],"picked":"Metallicize","floor":10.0},{"not_picked":["Armaments","Headbutt"],"picked":"Spot Weakness","floor":11.0},{"not_picked":["Shrug It Off","Iron Wave"],"picked":"Thunderclap","floor":12.0},{"not_picked":["Armaments","Life Link"],"picked":"Shockwave","floor":14.0}],"player_experience":1248300,"relics_obtained":[{"floor":7.0,"key":"Boot"}],"event_choices":[{"damage_healed":0.0,"max_hp_gain":0.0,"max_hp_loss":0.0,"gold_gain":50.0,"event_name":"FaceTrader","player_choice":"Touch","floor":3.0,"gold_loss":0.0,"damage_taken":7.0},{"damage_healed":0.0,"max_hp_gain":0.0,"max_hp_loss":7.0,"gold_gain":0.0,"event_name":"Golden Idol","player_choice":"Lose Max HP","floor":8.0,"gold_loss":0.0,"damage_taken":0.0,"relics_obtained":["Golden Idol"]}],"is_beta":false,"boss_relics":[],"items_purged_floors":[4],"is_endless":false,"potions_floor_spawned":[1,11],"killed_by":"Slime Boss","ascension_level":20}}