{"host":"yy1cu9q9bsxhflzi","time":1613410094,"event":{"mods":["BaseMod","DeckTracker","Minty Spire (QoL Compilation)","Quick Restart","StSLib","SuperFastMode","everything is the same but u backflip on backflip"],"gold_per_floor":[118,118,136,136,136,165,165,177,225,255,272,294,308,321,321,321,321],"floor_reached":16,"language":"KOR","playtime":249,"items_purged":[],"score":253,"play_id":"04f17b8a-ecbe-40f3-ac63-4879f0afdcd0","local_time":"20210216022814","is_ascension_mode":true,"campfire_choices":[{"data":"Terror","floor":7,"key":"SMITH"},{"floor":15,"key":"REST"}],"circlet_count":0,"master_deck":["AscendersBane","Strike_G","Strike_G","Strike_G","Strike_G+1","Defend_G","Defend_G","Defend_G","Defend_G","Defend_G+1","Survivor","Neutralize","Terror+1","Dagger Throw","Leg Sweep","Sucker Punch","Dagger Spray","Escape Plan"],"relics":["Ring of the Snake","NeowsBlessing","Regal Pillow","Strawberry","Vajra","Odd Mushroom"],"acts_visited":["Exordium"],"potions_floor_usage":[12,16,16],"damage_taken":[{"damage":0,"enemies":"2 Louse","floor":1,"turns":1},{"damage":0,"enemies":"Small Slimes","floor":3,"turns":1},{"damage":0,"enemies":"3 Sentries","floor":6,"turns":1},{"damage":0,"enemies":"Cultist","floor":8,"turns":3},{"damage":12,"enemies":"Lagavulin","floor":10,"turns":5},{"damage":3,"enemies":"Looter","floor":11,"turns":3},{"damage":0,"enemies":"The Mushroom Lair","floor":12,"turns":2},{"damage":0,"enemies":"2 Fungi Beasts","floor":13,"turns":3},{"damage":11,"enemies":"Exordium Wildlife","floor":14,"turns":3},{"damage":44,"enemies":"Slime Boss","floor":16,"turns":10}],"seed_played":"-6580183663079791135","potions_obtained":[{"floor":6,"key":"BlessingOfTheForge"},{"floor":8,"key":"SteroidPotion"},{"floor":10,"key":"EntropicBrew"}],"is_trial":false,"path_per_floor":["M","?","M","?","?","E","R","M","T","E","M","?","M","M","R","B"],"character_chosen":"THE_SILENT","items_purchased":[],"campfire_rested":1,"item_purchase_floors":[],"current_hp_per_floor":[59,52,52,32,32,32,32,32,39,27,24,24,24,13,49,5,5],"gold":321,"neow_bonus":"THREE_ENEMY_KILL","is_daily":false,"chose_seed":false,"campfire_upgraded":1,"win_rate":0.0,"timestamp":1613410094,"path_taken":["M","?","M","?","?","E","R","M","T","E","?","?","M","M","R","BOSS"],"items_purchased_type":[],"build_version":"2020-12-22","purchased_purges":0,"victory":false,"max_hp_per_floor":[66,66,66,66,66,66,66,66,73,73,73,73,73,73,73,73,73],"card_choices":[{"not_picked":["Quick Slash","Flying Knee"],"picked":"Terror","floor":1},{"not_picked":["Prepared","Caltrops"],"picked":"Dagger Throw","floor":3},{"not_picked":["Poisoned Stab","Catalyst"],"picked":"Leg Sweep","floor":6},{"not_picked":["Bouncing Flask","Bane"],"picked":"Sucker Punch","floor":8},{"not_picked":["Leg Sweep","Setup","Flying Knee"],"picked":"SKIP","floor":10},{"not_picked":["Dodge and Roll","Quick Slash"],"picked":"Dagger Spray","floor":11},{"not_picked":["Dagger Throw","Underhanded Strike","Infinite Blades"],"picked":"SKIP","floor":13},{"not_picked":["Caltrops","Bouncing Flask"],"picked":"Escape Plan","floor":14}],"player_experience":3910893,"relics_obtained":[{"floor":6,"key":"Regal Pillow"},{"floor":9,"key":"Strawberry"},{"floor":10,"key":"Vajra"},{"floor":12,"key":"Odd Mushroom"}],"event_choices":[{"cards_removed":["Strike_G"],"damage_healed":0,"gold_gain":0,"player_choice":"Card Removal","damage_taken":7,"max_hp_gain":0,"max_hp_loss":0,"event_name":"Golden Wing","floor":2,"gold_loss":0},{"damage_healed":0,"gold_gain":0,"player_choice":"Entered Light","damage_taken":20,"max_hp_gain":0,"max_hp_loss":0,"event_name":"Shining Light","floor":4,"gold_loss":0,"cards_upgraded":["Defend_G","Strike_G"]},{"damage_healed":0,"gold_gain":0,"player_choice":"0 cards matched","damage_taken":0,"max_hp_gain":0,"max_hp_loss":0,"event_name":"Match and Keep!","floor":5,"gold_loss":0,"cards_obtained":[]},{"damage_healed":0,"gold_gain":0,"player_choice":"Fought Mushrooms","damage_taken":0,"max_hp_gain":0,"max_hp_loss":0,"event_name":"Mushrooms","floor":12,"gold_loss":0}],"is_beta":false,"boss_relics":[],"items_purged_floors":[],"is_endless":false,"potions_floor_spawned":[6,8,10],"killed_by":"Slime Boss","ascension_level":17}}