{"host":"kybn6ox37urbij4t","time":1613425749,"event":{"mods":["Aspiration","BaseMod","Better Third Choice","Dota2Spire","Minty Spire (QoL Compilation)","Reliquary","Replay The Spire","StSLib","The Blue Laboratory","TheWitcher"],"gold_per_floor":[127,127,127,34,34,73,73,94,143,170,197,197,243,243,243,246,246],"floor_reached":16,"language":"ENG","playtime":648,"items_purged":[],"score":133,"play_id":"0d718787-30b9-4cc1-bfe0-e6af8a209b79","local_time":"20210215224909","is_ascension_mode":false,"campfire_choices":[{"data":"SnafuTest:Offering","floor":7,"key":"SMITH"},{"data":"SnafuTest:BattleCry","floor":12,"key":"SMITH"},{"data":"SnafuTest:BountyHunt","floor":15,"key":"SMITH"}],"circlet_count":0,"master_deck":["SnafuTest:DefaultCommonAttack","SnafuTest:DefaultCommonAttack","SnafuTest:DefaultCommonAttack","SnafuTest:BountyHunt+1","SnafuTest:DefaultCommonSkill","SnafuTest:DefaultCommonSkill","SnafuTest:DefaultCommonSkill","SnafuTest:Kick+1","SnafuTest:PowerAlwaysAWay","SnafuTest:Offering+1","Trip","SnafuTest:PowerAlwaysAWay","SnafuTest:BattleCry+1"],"relics":["SnafuTest:UnstableMutagenRelic","NeowsBlessing","Kunai","Replay:Mystery Machine","Mummified Hand","aspiration:BabyByrd"],"acts_visited":["Exordium"],"potions_floor_usage":[13,16],"damage_taken":[{"damage":0,"enemies":"2 Louse","floor":1,"turns":1},{"damage":0,"enemies":"Gremlin Nob","floor":6,"turns":1},{"damage":0,"enemies":"Jaw Worm","floor":8,"turns":1},{"damage":1,"enemies":"Small Slimes","floor":10,"turns":3},{"damage":5,"enemies":"Blue Slaver","floor":11,"turns":3},{"damage":31,"enemies":"3 Sentries","floor":13,"turns":10},{"damage":32,"enemies":"The Guardian","floor":16,"turns":9}],"seed_played":"-6537487124560755655","potions_obtained":[{"floor":6,"key":"blueLaboratory:ExaltedPotion"},{"floor":10,"key":"blueLaboratory:LouseDecoction"},{"floor":11,"key":"blueLaboratory:AbyssPotion"}],"is_trial":false,"path_per_floor":["M","?","?","$","?","E","R","M","T","M","M","R","E","?","R","B"],"character_chosen":"THE_WITCHER","items_purchased":["SnafuTest:PowerAlwaysAWay","SnafuTest:Offering"],"campfire_rested":0,"item_purchase_floors":[4,4],"current_hp_per_floor":[75,75,68,68,68,68,68,68,68,67,62,62,31,31,31,0,0],"gold":246,"neow_bonus":"THREE_ENEMY_KILL","is_daily":false,"chose_seed":false,"campfire_upgraded":3,"win_rate":0.0,"timestamp":1613425749,"path_taken":["M","?","?","?","?","E","R","M","T","M","?","R","E","?","R","BOSS"],"items_purchased_type":["Card","Card"],"build_version":"2020-12-22","purchased_purges":0,"victory":false,"max_hp_per_floor":[75,75,75,75,75,75,75,75,75,75,75,75,75,75,75,75,75],"card_choices":[{"not_picked":["SnafuTest:ArmoredSortie","SnafuTest:SpellSageOmniscience"],"picked":"SnafuTest:Kick","floor":1},{"not_picked":["SnafuTest:PayWeaponSmith","SnafuTest:PowerVainGlory"],"picked":"SnafuTest:PowerAlwaysAWay","floor":6},{"not_picked":["SnafuTest:UndefeatedNarcissism","SnafuTest:SweetHome","SnafuTest:PayWeaponShop"],"picked":"SKIP","floor":8},{"not_picked":["SnafuTest:SpellHellfire","SnafuTest:PaySaddlery"],"picked":"SnafuTest:BattleCry","floor":10},{"not_picked":["SnafuTest:ShoulderSlam","SnafuTest:SpellMagicScry","SnafuTest:RecklessBlow"],"picked":"SKIP","floor":11},{"not_picked":["SnafuTest:BombDevilsPuffball","SnafuTest:MCSuccubusSeduction","SnafuTest:ShoulderSlam"],"picked":"SKIP","floor":13}],"player_experience":397718,"relics_obtained":[{"floor":6,"key":"Kunai"},{"floor":9,"key":"Replay:Mystery Machine"},{"floor":13,"key":"Mummified Hand"}],"event_choices":[{"cards_removed":["SnafuTest:SignIgni"],"damage_healed":0,"gold_gain":0,"player_choice":"Card Removal","damage_taken":7,"max_hp_gain":0,"max_hp_loss":0,"event_name":"Golden Wing","floor":3,"gold_loss":0},{"damage_healed":0,"gold_gain":0,"player_choice":"1 cards matched","damage_taken":0,"max_hp_gain":0,"max_hp_loss":0,"event_name":"Match and Keep!","floor":5,"gold_loss":0,"cards_obtained":["Trip"]}],"is_beta":false,"boss_relics":[],"items_purged_floors":[],"is_endless":false,"potions_floor_spawned":[6,10,11],"killed_by":"The Guardian","ascension_level":0}}