{"host":"3a1sbpq1iuwiesnh","time":1613378755,"event":{"mods":["AchievementEnabler","BaseMod","Colored Map","Colored Powertips","KOR Keyword Fix","Minty Spire (QoL Compilation)","Rare Cards Sparkle","Relic Stats","SuperFastMode","everything is the same but u backflip on backflip"],"gold_per_floor":[214,233,250,268,268,268,193,193,264,289,289,16,32,46,46,124,124,142,162,162,175,175,100,100,100,100],"floor_reached":25,"language":"KOR","playtime":842,"items_purged":["Strike_R"],"score":406,"play_id":"1ef0f55f-d3e5-4184-ad1a-bd27323b45e3","local_time":"20210215174555","is_ascension_mode":true,"campfire_choices":[{"data":"Bash","floor":6,"key":"SMITH"},{"data":"Second Wind","floor":8,"key":"SMITH"},{"data":"Uppercut","floor":11,"key":"SMITH"},{"data":"Disarm","floor":15,"key":"SMITH"},{"data":"Demon Form","floor":24,"key":"SMITH"}],"circlet_count":0,"master_deck":["AscendersBane","Defend_R","Defend_R","Defend_R","Defend_R","Bash+1","Second Wind+1","Headbutt","Fire Breathing","Uppercut+1","Disarm+1","Demon Form+1","Rampage+1","True Grit+1","Barricade+1","Shrug It Off","Impervious","Feel No Pain"],"relics":["Burning Blood","Question Card","Strawberry","Paper Frog","Astrolabe"],"acts_visited":["Exordium","TheCity"],"potions_floor_usage":[4,13,14,16,21,25],"damage_taken":[{"damage":9,"enemies":"Jaw Worm","floor":1,"turns":5},{"damage":1,"enemies":"Cultist","floor":2,"turns":3},{"damage":15,"enemies":"Small Slimes","floor":3,"turns":4},{"damage":27,"enemies":"3 Louse","floor":4,"turns":6},{"damage":32,"enemies":"Gremlin Nob","floor":10,"turns":4},{"damage":9,"enemies":"Exordium Thugs","floor":13,"turns":4},{"damage":0,"enemies":"Looter","floor":14,"turns":2},{"damage":21,"enemies":"The Guardian","floor":16,"turns":13},{"damage":24,"enemies":"3 Byrds","floor":18,"turns":7},{"damage":7,"enemies":"Chosen","floor":19,"turns":6},{"damage":3,"enemies":"Snecko","floor":21,"turns":7},{"damage":34,"enemies":"Book of Stabbing","floor":25,"turns":5}],"seed_played":"-1856747759745230772","potions_obtained":[{"floor":2,"key":"Regen Potion"},{"floor":4,"key":"BloodPotion"},{"floor":10,"key":"AttackPotion"},{"floor":13,"key":"Energy Potion"},{"floor":14,"key":"BlessingOfTheForge"},{"floor":18,"key":"Energy Potion"},{"floor":19,"key":"SpeedPotion"}],"is_trial":false,"path_per_floor":["M","M","M","M","?","R","$","R","T","E","R","$","M","M","R","B",null,"M","M","?","M","M","?","R","E"],"character_chosen":"IRONCLAD","items_purchased":["Paper Frog"],"campfire_rested":0,"item_purchase_floors":[12],"current_hp_per_floor":[65,70,61,55,55,55,55,55,55,36,36,36,49,55,55,40,72,54,53,29,32,32,32,32,0,0],"gold":100,"neow_bonus":"HUNDRED_GOLD","is_daily":false,"chose_seed":false,"campfire_upgraded":5,"win_rate":0.0,"timestamp":1613378755,"path_taken":["M","M","M","M","?","R","$","R","T","E","R","$","M","?","R","BOSS","M","M","?","M","M","?","R","E"],"items_purchased_type":["Relic"],"build_version":"2020-12-22","purchased_purges":1,"victory":false,"max_hp_per_floor":[75,75,75,75,75,75,75,75,75,82,82,82,82,82,82,82,82,82,82,87,87,87,87,87,87,87],"relic_stats":{"counters":[12,66],"Astrolabe":["Rampage","True Grit","Barricade"],"Question Card":7,"obtain_stats":[{"Strawberry":10,"Astrolabe":17,"Question Card":9,"Burning Blood":0,"Paper Frog":12},{"Strawberry":5,"Astrolabe":8,"Question Card":4,"Burning Blood":0,"Paper Frog":5},{"Strawberry":22,"Astrolabe":41,"Question Card":18,"Burning Blood":0,"Paper Frog":22}],"Burning Blood":66},"card_choices":[{"not_picked":["Iron Wave","Clash","Armaments"],"picked":"SKIP","floor":1},{"not_picked":["Flex","True Grit"],"picked":"Second Wind","floor":2},{"not_picked":["Clothesline","Rampage"],"picked":"Headbutt","floor":3},{"not_picked":["Thunderclap","Berserk"],"picked":"Fire Breathing","floor":4},{"not_picked":["Brutality","Burning Pact","Thunderclap"],"picked":"Uppercut","floor":10},{"not_picked":["Flex","Sword Boomerang","Heavy Blade","Havoc"],"picked":"SKIP","floor":13},{"not_picked":["Whirlwind","Fire Breathing","Iron Wave"],"picked":"Disarm","floor":14},{"not_picked":["Offering","Feed","Fiend Fire"],"picked":"Demon Form","floor":16},{"not_picked":["Havoc","Intimidate","Pommel Strike"],"picked":"Shrug It Off","floor":18},{"not_picked":["Clash","Rampage","Battle Trance"],"picked":"Impervious","floor":19},{"not_picked":["Sword Boomerang","Armaments","Iron Wave+1"],"picked":"Feel No Pain","floor":21}],"player_experience":569132,"relics_obtained":[{"floor":9,"key":"Question Card"},{"floor":10,"key":"Strawberry"}],"event_choices":[{"damage_healed":0,"gold_gain":0,"player_choice":"0 cards matched","damage_taken":0,"max_hp_gain":0,"max_hp_loss":0,"event_name":"Match and Keep!","floor":5,"gold_loss":0,"cards_obtained":[]},{"damage_healed":0,"gold_gain":0,"player_choice":"Shed Blood","damage_taken":29,"max_hp_gain":5,"max_hp_loss":0,"event_name":"Forgotten Altar","floor":20,"gold_loss":0},{"cards_removed":["Strike_R"],"damage_healed":0,"gold_gain":0,"player_choice":"Gave Gold","damage_taken":0,"max_hp_gain":0,"max_hp_loss":0,"event_name":"Beggar","floor":23,"gold_loss":75}],"is_beta":false,"boss_relics":[{"not_picked":["Fusion Hammer","Calling Bell"],"picked":"Astrolabe"}],"items_purged_floors":[7],"is_endless":false,"potions_floor_spawned":[2,4,10,13,14,18,19],"killed_by":"Book of Stabbing","ascension_level":20}}