{"host":"phniwng9zo19jwdb","time":1613431269,"event":{"mods":["AchievementEnabler","BaseMod","Colored Powertips","Dark Map","Faster Ascension Climbing","GifTheSpireLib","Minty Spire (QoL Compilation)","Permanent Neow","Rare Cards Sparkle","Relic Filter Mod","StSLib","Weighted Paths"],"gold_per_floor":[19,31,44,44,58,58,90,90,90,122,132,147,182,182,182,182,182],"floor_reached":16,"language":"ENG","playtime":462,"items_purged":[],"score":244,"play_id":"732882db-13ec-46a7-98ba-12683afa81a2","local_time":"20210216002109","is_ascension_mode":true,"campfire_choices":[{"data":"Envenom","floor":6.0,"key":"SMITH"},{"floor":8.0,"key":"REST"},{"data":"Bullet Time","floor":15,"key":"SMITH"}],"circlet_count":0,"master_deck":["AscendersBane","Strike_G","Strike_G","Strike_G","Defend_G","Defend_G","Defend_G","Defend_G","Defend_G","Survivor","Neutralize","Escape Plan","Backstab","Dash","Envenom+1","Blade Dance","Blade Dance","Dodge and Roll","Backflip","Bullet Time+1","Tactician"],"relics":["Ring of the Snake","TungstenRod","Pear","Mercury Hourglass","Regal Pillow","Happy Flower"],"acts_visited":["Exordium"],"potions_floor_usage":[16],"damage_taken":[{"damage":8.0,"enemies":"Small Slimes","floor":1.0,"turns":5.0},{"damage":4.0,"enemies":"Cultist","floor":2.0,"turns":5.0},{"damage":0.0,"enemies":"Jaw Worm","floor":3.0,"turns":5.0},{"damage":4.0,"enemies":"Gremlin Gang","floor":5.0,"turns":7.0},{"damage":35.0,"enemies":"Gremlin Nob","floor":7.0,"turns":5.0},{"damage":13.0,"enemies":"Lagavulin","floor":10.0,"turns":7.0},{"damage":0.0,"enemies":"Exordium Wildlife","floor":11.0,"turns":3.0},{"damage":0.0,"enemies":"3 Louse","floor":12.0,"turns":3.0},{"damage":9.0,"enemies":"3 Sentries","floor":13.0,"turns":6.0},{"damage":26,"enemies":"The Guardian","floor":16,"turns":2}],"seed_played":"-4160009568477881768","potions_obtained":[{"floor":1.0,"key":"PowerPotion"},{"floor":7.0,"key":"FearPotion"},{"floor":12.0,"key":"Block Potion"},{"floor":13.0,"key":"Swift Potion"}],"is_trial":false,"path_per_floor":["M","M","M","?","M","R","E","R","T","E","M","M","E","?","R","B"],"character_chosen":"THE_SILENT","items_purchased":[],"campfire_rested":1,"item_purchase_floors":[],"current_hp_per_floor":[51,47,47,47,43,43,18,40,40,27,27,27,18,18,18,0,0],"gold":182,"neow_bonus":"ONE_RARE_RELIC","is_daily":false,"chose_seed":false,"campfire_upgraded":2,"win_rate":0.0,"timestamp":1613431269,"path_taken":["M","M","M","?","M","R","E","R","T","E","M","?","E","?","R","BOSS"],"items_purchased_type":[],"build_version":"2020-12-22","purchased_purges":0,"victory":false,"max_hp_per_floor":[66,66,66,66,66,66,76,76,76,76,76,76,76,76,76,76,76],"card_choices":[{"not_picked":["Flechettes","Slice"],"picked":"Escape Plan","floor":1.0},{"not_picked":["Acrobatics","Finisher"],"picked":"Backstab","floor":2.0},{"not_picked":["Catalyst","Outmaneuver"],"picked":"Dash","floor":3.0},{"not_picked":["Acrobatics","Blur"],"picked":"Envenom","floor":5.0},{"not_picked":["Flying Knee","Masterful Stab"],"picked":"Blade Dance","floor":7.0},{"not_picked":["Catalyst","Finisher"],"picked":"Blade Dance","floor":10.0},{"not_picked":["Distraction","Wraith Form v2"],"picked":"Dodge and Roll","floor":11.0},{"not_picked":["Concentrate","Prepared"],"picked":"Backflip","floor":12.0},{"not_picked":["Flying Knee","Dagger Spray"],"picked":"Bullet Time","floor":13.0}],"player_experience":141865,"relics_obtained":[{"floor":7.0,"key":"Pear"},{"floor":9.0,"key":"Mercury Hourglass"},{"floor":10.0,"key":"Regal Pillow"},{"floor":13.0,"key":"Happy Flower"}],"event_choices":[{"cards_removed":["Strike_G"],"damage_healed":0.0,"max_hp_gain":0.0,"max_hp_loss":0.0,"gold_gain":0.0,"event_name":"Purifier","player_choice":"Purged","floor":4.0,"gold_loss":0.0,"damage_taken":0.0},{"damage_healed":0,"gold_gain":0,"cards_transformed":["Strike_G"],"player_choice":"Transformed","damage_taken":0,"max_hp_gain":0,"max_hp_loss":0,"event_name":"Transmorgrifier","floor":14,"gold_loss":0,"cards_obtained":["Tactician"]}],"is_beta":false,"boss_relics":[],"items_purged_floors":[],"is_endless":false,"potions_floor_spawned":[1,7,12,13],"killed_by":"The Guardian","ascension_level":20}}