{"host":"kw4o7b3ro2ktmmbe","time":1613389144,"event":{"mods":["100% Spire Juice","BaseMod","Bossed Relics","Energized Spire","Evolution","Minty Spire (QoL Compilation)","StSLib"],"gold_per_floor":[119,139,139,19,29,29,58,58,113,113,8,23,33,44,44,140,20,39,39,69,79,95,95,108,141,214,240,251,261,261,112,112,213,213,223,80,97,97,107,107,107,139,219,247,258,70,81,46,46,46],"floor_reached":51,"language":"ENG","playtime":4224,"items_purged":["Moonworks:EvilMastermind"],"score":1277,"play_id":"a0c4e7ca-dab5-44d7-95dd-575eff578b4a","local_time":"20210216003904","is_ascension_mode":true,"campfire_choices":[{"data":"Moonworks:IndiscriminateFireSupport","floor":6.0,"key":"SMITH"},{"data":"Moonworks:Accelerator","floor":8.0,"key":"SMITH"},{"data":"Moonworks:IntelligenceOfficer","floor":10.0,"key":"SMITH"},{"data":"Moonworks:MiracleWalker","floor":15.0,"key":"SMITH"},{"data":"Moonworks:Wanted","floor":23.0,"key":"SMITH"},{"data":"Moonworks:IntelligenceOfficer","floor":30.0,"key":"SMITH"},{"data":"Moonworks:MiracleWalker","floor":32.0,"key":"SMITH"},{"data":"Moonworks:ShieldCounter","floor":40.0,"key":"SMITH"},{"floor":49,"key":"REST"}],"circlet_count":0,"master_deck":["AscendersBane","Moonworks:Defend","Moonworks:Defend","Moonworks:Defend","Moonworks:Defend","Moonworks:LongDistanceShot","Moonworks:SakisCookie","Moonworks:IndiscriminateFireSupport+1","Moonworks:IntelligenceOfficer+1","Moonworks:Accelerator+1","Moonworks:MiracleWalker+1","Moonworks:RedAndBlue+1","Moonworks:Wanted+1","Moonworks:ShieldCounter+1","Moonworks:Blazing","Bite","Bite","Bite","Bite","Bite","Moonworks:MiracleWalker+1","Moonworks:BigMagnum","Moonworks:LulusLuckyEgg+1","Moonworks:SakisCookie","Moonworks:JonathanRush","Moonworks:NicePresent","Moonworks:AngelHand+1","Moonworks:IntelligenceOfficer+1","Moonworks:SakisCookie","Moonworks:HolyNight","Moonworks:ReflectiveShell","Moonworks:CloudOfSeagulls+1","Moonworks:EvilSpyWorkPreparation","Moonworks:BigMagnum+1","Moonworks:BigMagnum","Moonworks:NicePresent","Moonworks:SinkOrSwim","Moonworks:Encore"],"relics":["Moonworks:Homemark","EVO:Axolotl","energizedSpire:StickyHand","Orichalcum","Strawberry","Pandora\u0027s Box","Dream Catcher","Bottled Flame","Bird Faced Urn","Membership Card","Tiny House","Torii","Pantograph","Singing Bowl","Pen Nib","HandDrill","Nunchaku"],"acts_visited":["Exordium","TheCity","TheBeyond"],"potions_floor_usage":[47,50,50],"damage_taken":[{"damage":7.0,"enemies":"2 Louse","floor":1.0,"turns":3.0},{"damage":4.0,"enemies":"Small Slimes","floor":2.0,"turns":4.0},{"damage":0.0,"enemies":"Cultist","floor":5.0,"turns":2.0},{"damage":9.0,"enemies":"Gremlin Nob","floor":7.0,"turns":3.0},{"damage":0.0,"enemies":"2 Fungi Beasts","floor":11.0,"turns":3.0},{"damage":0.0,"enemies":"Gremlin Gang","floor":12.0,"turns":1.0},{"damage":0.0,"enemies":"3 Louse","floor":13.0,"turns":1.0},{"damage":5.0,"enemies":"Exordium Thugs","floor":14.0,"turns":3.0},{"damage":20.0,"enemies":"Hexaghost","floor":16.0,"turns":7.0},{"damage":5.0,"enemies":"Chosen","floor":18.0,"turns":3.0},{"damage":0.0,"enemies":"2 Thieves","floor":21.0,"turns":3.0},{"damage":2.0,"enemies":"3 Cultists","floor":22.0,"turns":3.0},{"damage":29.0,"enemies":"Snake Plant","floor":24.0,"turns":5.0},{"damage":5.0,"enemies":"Gremlin Leader","floor":25.0,"turns":5.0},{"damage":13.0,"enemies":"Book of Stabbing","floor":27.0,"turns":3.0},{"damage":5.0,"enemies":"Centurion and Healer","floor":28.0,"turns":1.0},{"damage":10.0,"enemies":"Snecko","floor":29.0,"turns":3.0},{"damage":40.0,"enemies":"Champ","floor":33.0,"turns":7.0},{"damage":5.0,"enemies":"Orb Walker","floor":35.0,"turns":4.0},{"damage":12.0,"enemies":"3 Shapes","floor":37.0,"turns":6.0},{"damage":11.0,"enemies":"Writhing Mass","floor":39.0,"turns":7.0},{"damage":6,"enemies":"Reptomancer","floor":42,"turns":5},{"damage":43,"enemies":"Giant Head","floor":44,"turns":8},{"damage":27,"enemies":"Maw","floor":45,"turns":7},{"damage":12,"enemies":"Transient","floor":47,"turns":5},{"damage":53,"enemies":"Donu and Deca","floor":50,"turns":7}],"seed_played":"7058923973388805025","potions_obtained":[{"floor":2.0,"key":"Energy Potion"},{"floor":12.0,"key":"LiquidBronze"},{"floor":13.0,"key":"Fire Potion"},{"floor":18.0,"key":"Regen Potion"},{"floor":22.0,"key":"EssenceOfSteel"},{"floor":29.0,"key":"SkillPotion"},{"floor":37.0,"key":"AttackPotion"},{"floor":47,"key":"EntropicBrew"}],"is_trial":false,"path_per_floor":["M","M","?","?","M","R","E","R","T","R","M","M","M","M","R","B",null,"M","?","?","M","M","R","M","E","T","E","M","M","R","$","R","B",null,"M","$","M","?","M","R","?","E","T","E","M","$","M","$","R","B",null],"character_chosen":"THE_STARBREAKER","items_purchased":["Membership Card","Torii","HandDrill","Nunchaku","Moonworks:Encore"],"campfire_rested":1,"item_purchase_floors":[31,36,46,46,48],"current_hp_per_floor":[47,43,48,48,48,48,39,39,46,46,51,51,51,46,46,26,61,56,50,23,31,37,37,20,39,39,32,29,27,27,27,27,19,42,50,50,43,43,46,46,46,48,48,22,26,26,28,28,46,29],"gold":46,"neow_bonus":"BOSS_RELIC","is_daily":false,"chose_seed":false,"campfire_upgraded":8,"win_rate":0.0,"timestamp":1613389144,"path_taken":["M","M","?","?","M","R","E","R","T","R","M","M","M","?","R","BOSS","M","?","?","?","M","R","M","E","T","E","M","M","R","$","R","BOSS","M","$","M","?","M","R","?","E","T","E","?","$","M","$","R","BOSS"],"items_purchased_type":["Relic","Relic","Relic","Relic","Card"],"build_version":"2020-12-22","purchased_purges":1,"victory":true,"max_hp_per_floor":[60,60,65,65,65,65,65,65,72,72,72,72,72,72,72,72,72,72,50,50,50,50,50,50,50,50,50,50,50,50,50,50,50,50,50,50,50,50,50,50,50,50,50,52,54,54,54,54,56,56],"card_choices":[{"not_picked":["Moonworks:CloudOfSeagulls","Moonworks:LulusLuckyEgg","Moonworks:DeployBits"],"picked":"SKIP","floor":1.0},{"not_picked":["Moonworks:SakisCookie","Moonworks:IntelligenceOfficer"],"picked":"Moonworks:IndiscriminateFireSupport","floor":2.0},{"not_picked":["Moonworks:Heat300Percent","Moonworks:DeployBits","Moonworks:NicePresent"],"picked":"SKIP","floor":5.0},{"not_picked":["Moonworks:Accelerator","Moonworks:RedAndBlue"],"picked":"Moonworks:MiracleWalker","floor":7.0},{"not_picked":["Moonworks:LulusLuckyEgg","Moonworks:BigMagnum","Moonworks:SakisCookie"],"picked":"SKIP","floor":11.0},{"not_picked":["Moonworks:DeployBits","Moonworks:MiracleRedBeanIceCream","Moonworks:RocketCannon"],"picked":"SKIP","floor":12.0},{"not_picked":["Moonworks:Assault","Moonworks:SakisCookie","Moonworks:LulusLuckyEgg"],"picked":"SKIP","floor":13.0},{"not_picked":["Moonworks:ImOnFire","Moonworks:SelfDestruct","Moonworks:Assault"],"picked":"SKIP","floor":14.0},{"not_picked":["Moonworks:Wanted","Moonworks:ShieldCounter"],"picked":"Moonworks:Blazing","floor":16.0},{"not_picked":["Moonworks:ImmovableObject","Moonworks:Heat300Percent","Moonworks:SakisCookie"],"picked":"SKIP","floor":18.0},{"not_picked":["Moonworks:MiracleWalker","Moonworks:LulusLuckyEgg+1"],"picked":"Moonworks:BigMagnum","floor":21.0},{"not_picked":["Moonworks:TacticalRetreat","Moonworks:LeapThroughSpace","Moonworks:DeployBits+1"],"picked":"SKIP","floor":22.0},{"not_picked":["Moonworks:ImOnFire+1","Moonworks:SakisCookie","Moonworks:LulusLuckyEgg"],"picked":"SKIP","floor":24.0},{"not_picked":["Moonworks:ImOnFire+1","Moonworks:SakisCookie","Moonworks:LulusLuckyEgg"],"picked":"SKIP","floor":24.0},{"not_picked":["Moonworks:ImOnFire","Moonworks:IndiscriminateFireSupport","Moonworks:ImmovableObject"],"picked":"SKIP","floor":25.0},{"not_picked":["Moonworks:BackdoorTrade","Moonworks:ImOnFire","Moonworks:x16BigRocket"],"picked":"SKIP","floor":27.0},{"not_picked":["Moonworks:SakisCookie","Moonworks:NicePresent"],"picked":"Moonworks:JonathanRush","floor":28.0},{"not_picked":["Moonworks:AngelHand+1","Moonworks:SakisCookie"],"picked":"Moonworks:IntelligenceOfficer","floor":29.0},{"not_picked":["Moonworks:EvilMastermind","Moonworks:ReflectiveShell"],"picked":"Moonworks:HolyNight","floor":33.0},{"not_picked":["Moonworks:TacticalRetreat","Moonworks:CookingTime+1","Moonworks:x16BigRocket"],"picked":"SKIP","floor":35.0},{"not_picked":["Moonworks:EvilSpyWorkPreparation","Moonworks:BigMagnum+1"],"picked":"Moonworks:CloudOfSeagulls+1","floor":37.0},{"not_picked":["Moonworks:FinalBattle","Moonworks:CloudOfSeagulls","Moonworks:ForcedRevival"],"picked":"SKIP","floor":39.0},{"not_picked":["Moonworks:NicePresent+1","Moonworks:AngelHand","Moonworks:UnpaidWork"],"picked":"SKIP","floor":42},{"not_picked":["Moonworks:SelfDestruct","Moonworks:Heat300Percent+1","Moonworks:BigBangBell+1"],"picked":"Singing Bowl","floor":44},{"not_picked":["Moonworks:CloudOfSeagulls","Moonworks:NicePresent","Moonworks:MiracleRedBeanIceCream+1"],"picked":"Singing Bowl","floor":45},{"not_picked":["Moonworks:BigMagnum","Moonworks:SinkOrSwim"],"picked":"Moonworks:NicePresent","floor":47},{"not_picked":["Moonworks:DeployBits","Moonworks:UnluckyCharm","Moonworks:BigMagnum"],"picked":"Singing Bowl","floor":49}],"player_experience":1951433,"relics_obtained":[{"floor":7.0,"key":"Orichalcum"},{"floor":9.0,"key":"Strawberry"},{"floor":25.0,"key":"Dream Catcher"},{"floor":26.0,"key":"Bottled Flame"},{"floor":27.0,"key":"Bird Faced Urn"},{"floor":42,"key":"Pantograph"},{"floor":43,"key":"Singing Bowl"},{"floor":44,"key":"Pen Nib"}],"event_choices":[{"damage_healed":0.0,"max_hp_gain":5.0,"max_hp_loss":0.0,"gold_gain":0.0,"event_name":"Big Fish","player_choice":"Donut","floor":3.0,"gold_loss":0.0,"damage_taken":0.0},{"damage_healed":0.0,"max_hp_gain":0.0,"max_hp_loss":0.0,"gold_gain":0.0,"event_name":"The Woman in Blue","player_choice":"Bought 0 Potions","floor":4.0,"gold_loss":0.0,"damage_taken":0.0},{"damage_healed":0.0,"max_hp_gain":0.0,"max_hp_loss":22.0,"gold_gain":0.0,"event_name":"Vampires","player_choice":"Became a vampire","floor":19.0,"gold_loss":0.0,"damage_taken":0.0,"cards_obtained":["Bite","Bite","Bite","Bite","Bite"]},{"damage_healed":0.0,"max_hp_gain":0.0,"max_hp_loss":0.0,"gold_gain":270.0,"event_name":"Knowing Skull","player_choice":"GOLD GOLD GOLD ","floor":20.0,"potions_obtained":[],"gold_loss":0.0,"damage_taken":27.0,"cards_obtained":[]},{"cards_removed":["Moonworks:Ambush"],"damage_healed":0.0,"max_hp_gain":0.0,"max_hp_loss":0.0,"gold_gain":0.0,"event_name":"Falling","player_choice":"Removed Attack","floor":38.0,"gold_loss":0.0,"damage_taken":0.0},{"damage_healed":0.0,"max_hp_gain":0.0,"max_hp_loss":0.0,"gold_gain":0.0,"event_name":"Upgrade Shrine","player_choice":"Upgraded","floor":41.0,"gold_loss":0.0,"damage_taken":0.0,"cards_upgraded":["Moonworks:RedAndBlue"]}],"is_beta":false,"boss_relics":[{"not_picked":["energizedSpire:CursedPentagram","Fusion Hammer"],"picked":"Pandora\u0027s Box"},{"not_picked":["Philosopher\u0027s Stone","Runic Dome"],"picked":"Tiny House"}],"items_purged_floors":[46],"is_endless":false,"potions_floor_spawned":[2,12,13,18,22,29,37,47],"ascension_level":12}}