{"host":"ad59wuc8ynh8u2z6","time":1613392385,"event":{"mods":["AchievementEnabler","BaseMod","Colored Powertips","DeckTracker","Highlight Path","Minty Spire (QoL Compilation)","Permanent Neow"],"gold_per_floor":[112,37,37,37,12,47,47,74,143,43,56,75,105,149,161,271,283,310,421,433,445,473,512,524,564,653,697,727,752,778,821,833,942,954,982,1013,598,598,296,322,322,348,348,378,378,425,425,425,425,425],"floor_reached":51,"language":"ENG","playtime":2108,"items_purged":["Strike_B","Strike_B","Defend_B","Defend_B"],"score":1381,"play_id":"8294e127-1ce9-45a0-94be-41f7fdf7235f","local_time":"20210215133305","is_ascension_mode":true,"campfire_choices":[{"data":"Genetic Algorithm","floor":7.0,"key":"SMITH"},{"data":"Defragment","floor":15,"key":"SMITH"},{"data":"Electrodynamics","floor":24,"key":"SMITH"},{"data":"Buffer","floor":32,"key":"SMITH"},{"data":"Zap","floor":41,"key":"SMITH"},{"data":"Dualcast","floor":49,"key":"SMITH"}],"circlet_count":0,"master_deck":["Strike_B","Defend_B","Defend_B","Zap+1","Dualcast+1","Sweeping Beam+1","Genetic Algorithm+1","Defragment+1","Electrodynamics+1","Ghostly","Ghostly","Ghostly","Ghostly","Ghostly","Ghostly","Buffer+1"],"relics":["Cracked Core","FossilizedHelix","Molten Egg 2","Incense Burner","Bag of Preparation","HornCleat","MawBank","Singing Bowl","Sozu","Strawberry","Orichalcum","Gremlin Horn","Matryoshka","Oddly Smooth Stone","Coffee Dripper","Juzu Bracelet","Ancient Tea Set","PreservedInsect","Letter Opener","Anchor","Centennial Puzzle","Smiling Mask","DataDisk","Pocketwatch"],"acts_visited":["Exordium","TheCity","TheBeyond"],"potions_floor_usage":[14,50,50],"damage_taken":[{"damage":0.0,"enemies":"Small Slimes","floor":1.0,"turns":3.0},{"damage":20.0,"enemies":"Lagavulin","floor":6.0,"turns":7.0},{"damage":25.0,"enemies":"3 Sentries","floor":8.0,"turns":9.0},{"damage":0.0,"enemies":"Jaw Worm","floor":11.0,"turns":3.0},{"damage":0.0,"enemies":"2 Louse","floor":12.0,"turns":3.0},{"damage":3,"enemies":"Lagavulin","floor":14,"turns":8},{"damage":5,"enemies":"Slime Boss","floor":16,"turns":8},{"damage":0,"enemies":"Spheric Guardian","floor":18,"turns":3},{"damage":1,"enemies":"2 Thieves","floor":22,"turns":4},{"damage":0,"enemies":"Slavers","floor":23,"turns":5},{"damage":1,"enemies":"Gremlin Leader","floor":25,"turns":6},{"damage":0,"enemies":"Book of Stabbing","floor":27,"turns":7},{"damage":0,"enemies":"Snecko","floor":28,"turns":5},{"damage":0,"enemies":"Snake Plant","floor":29,"turns":3},{"damage":0,"enemies":"Cultist and Chosen","floor":30,"turns":5},{"damage":0,"enemies":"Gremlin Leader","floor":31,"turns":6},{"damage":0,"enemies":"Collector","floor":33,"turns":10},{"damage":0,"enemies":"3 Darklings","floor":35,"turns":4},{"damage":0,"enemies":"Orb Walker","floor":36,"turns":5},{"damage":0,"enemies":"Reptomancer","floor":40,"turns":6},{"damage":0,"enemies":"Nemesis","floor":42,"turns":7},{"damage":0,"enemies":"Reptomancer","floor":44,"turns":4},{"damage":0,"enemies":"2 Orb Walkers","floor":46,"turns":4},{"damage":0,"enemies":"Time Eater","floor":50,"turns":10}],"seed_played":"-3305409144940442228","potions_obtained":[{"floor":8.0,"key":"PotionOfCapacity"},{"floor":11.0,"key":"GamblersBrew"},{"floor":14,"key":"EssenceOfDarkness"}],"is_trial":false,"path_per_floor":["M","$","?","T","$","E","R","E","T","$","M","M","?","E","R","B",null,"M","?","?","?","M","E","R","E","T","E","M","M","M","E","R","B",null,"M","M","$","?","$","E","R","E","T","E","?","?","?","?","R","B",null],"character_chosen":"DEFECT","items_purchased":["Sweeping Beam+1","Juzu Bracelet","Ancient Tea Set","PreservedInsect"],"campfire_rested":0,"item_purchase_floors":[5,37,37,39],"current_hp_per_floor":[54,54,54,54,54,34,34,9,9,9,9,9,9,8,8,3,59,61,61,39,39,40,49,49,50,50,50,52,54,56,58,58,60,62,64,66,66,66,66,68,68,70,70,72,68,70,70,70,70,70],"gold":425,"neow_bonus":"ONE_RARE_RELIC","is_daily":false,"chose_seed":false,"campfire_upgraded":6,"win_rate":0.0,"timestamp":1613392385,"path_taken":["M","$","?","?","?","E","R","E","T","$","M","M","?","E","R","BOSS","M","?","?","?","M","E","R","E","T","E","M","?","M","E","R","BOSS","M","M","$","?","$","E","R","E","T","E","?","?","?","?","R","BOSS"],"items_purchased_type":["Card","Relic","Relic","Relic"],"build_version":"2020-12-22","purchased_purges":4,"victory":true,"max_hp_per_floor":[75,75,75,75,75,75,75,75,75,75,75,75,75,77,77,77,77,79,79,39,39,41,50,50,52,52,52,54,56,58,60,60,62,62,64,66,66,66,66,68,68,70,70,72,78,80,80,76,76,76],"card_choices":[{"not_picked":["Turbo","Go for the Eyes","Streamline"],"picked":"SKIP","floor":1.0},{"not_picked":["Fusion","Compile Driver+1"],"picked":"Genetic Algorithm","floor":6.0},{"not_picked":["Redo","Steam"],"picked":"Defragment","floor":8.0},{"not_picked":["Sweeping Beam+1","Loop","Stack"],"picked":"SKIP","floor":11.0},{"not_picked":["Hologram","Compile Driver+1","Barrage+1"],"picked":"SKIP","floor":12},{"not_picked":["Storm","Coolheaded","Leap"],"picked":"Singing Bowl","floor":14},{"not_picked":["Fission","Echo Form"],"picked":"Electrodynamics","floor":16},{"not_picked":["Barrage+1","Reprogram","Redo"],"picked":"Singing Bowl","floor":18},{"not_picked":["Capacitor","BootSequence+1","Storm+1"],"picked":"Singing Bowl","floor":22},{"not_picked":["Go for the Eyes+1","Streamline+1","Beam Cell+1"],"picked":"Singing Bowl","floor":23},{"not_picked":["Hello World","Steam Power","Rainbow"],"picked":"Singing Bowl","floor":25},{"not_picked":["Leap+1","Chaos"],"picked":"Buffer","floor":27},{"not_picked":["Compile Driver+1","Cold Snap+1","Leap"],"picked":"Singing Bowl","floor":28},{"not_picked":["Cold Snap+1","Fusion+1","Sweeping Beam+1"],"picked":"Singing Bowl","floor":29},{"not_picked":["Undo+1","Storm","Coolheaded"],"picked":"Singing Bowl","floor":30},{"not_picked":["Hologram","Stack","Steam"],"picked":"Singing Bowl","floor":31},{"not_picked":["Seek","Hyperbeam+1","Meteor Strike+1"],"picked":"Singing Bowl","floor":33},{"not_picked":["Cold Snap+1","BootSequence","Chaos+1"],"picked":"Singing Bowl","floor":35},{"not_picked":["Reprogram","Coolheaded","Melter+1"],"picked":"Singing Bowl","floor":36},{"not_picked":["Hologram","Rip and Tear+1","Compile Driver+1"],"picked":"Singing Bowl","floor":40},{"not_picked":["Chill+1","Beam Cell+1","FTL+1"],"picked":"Singing Bowl","floor":42},{"not_picked":["Sweeping Beam+1","Rebound+1","Chill"],"picked":"Singing Bowl","floor":44},{"not_picked":["Finesse","Madness","Purity"],"picked":"Singing Bowl","floor":45},{"not_picked":["Chrysalis","PanicButton","Bandage Up"],"picked":"Singing Bowl","floor":45},{"not_picked":["Dark Shackles","Panacea","Purity"],"picked":"Singing Bowl","floor":45},{"not_picked":["Genetic Algorithm","Beam Cell+1","Rebound+1"],"picked":"Singing Bowl","floor":46}],"player_experience":91544,"relics_obtained":[{"floor":4.0,"key":"Molten Egg 2"},{"floor":6.0,"key":"Incense Burner"},{"floor":8.0,"key":"Bag of Preparation"},{"floor":9.0,"key":"HornCleat"},{"floor":14,"key":"Singing Bowl"},{"floor":23,"key":"Strawberry"},{"floor":25,"key":"Orichalcum"},{"floor":26,"key":"Gremlin Horn"},{"floor":27,"key":"Matryoshka"},{"floor":31,"key":"Oddly Smooth Stone"},{"floor":40,"key":"Letter Opener"},{"floor":42,"key":"Anchor"},{"floor":43,"key":"Centennial Puzzle"},{"floor":43,"key":"Smiling Mask"},{"floor":44,"key":"DataDisk"},{"floor":46,"key":"Pocketwatch"}],"event_choices":[{"damage_healed":0.0,"max_hp_gain":0.0,"max_hp_loss":0.0,"gold_gain":0.0,"event_name":"Liars Game","player_choice":"Ignored","floor":3.0,"gold_loss":0.0,"damage_taken":0.0},{"damage_healed":0,"gold_gain":30,"player_choice":"Searched \u00272\u0027 times","damage_taken":0,"relics_obtained":["MawBank"],"max_hp_gain":0,"max_hp_loss":0,"event_name":"Dead Adventurer","floor":13,"gold_loss":0},{"damage_healed":0,"gold_gain":99,"player_choice":"Stole From Cult","damage_taken":0,"max_hp_gain":0,"max_hp_loss":0,"event_name":"Nest","floor":19,"gold_loss":0},{"damage_healed":0,"gold_gain":0,"player_choice":"Became a Ghost","damage_taken":0,"max_hp_gain":0,"max_hp_loss":40,"event_name":"Ghosts","floor":20,"gold_loss":0,"cards_obtained":["Ghostly","Ghostly","Ghostly","Ghostly","Ghostly"]},{"damage_healed":0,"gold_gain":0,"player_choice":"Copied","damage_taken":0,"max_hp_gain":0,"max_hp_loss":0,"event_name":"Duplicator","floor":21,"gold_loss":0,"cards_obtained":["Ghostly"]},{"damage_healed":0,"gold_gain":0,"player_choice":"Ignored","damage_taken":0,"max_hp_gain":0,"max_hp_loss":0,"event_name":"Tomb of Lord Red Mask","floor":38,"gold_loss":0},{"damage_healed":0,"gold_gain":0,"player_choice":"Memory 3","damage_taken":10,"max_hp_gain":0,"max_hp_loss":0,"event_name":"SensoryStone","floor":45,"gold_loss":0},{"damage_healed":0,"gold_gain":0,"player_choice":"Fight","damage_taken":0,"max_hp_gain":0,"max_hp_loss":0,"event_name":"Mysterious Sphere","floor":46,"gold_loss":0},{"cards_removed":["Strike_B"],"damage_healed":0,"gold_gain":0,"player_choice":"Removed Attack","damage_taken":0,"max_hp_gain":0,"max_hp_loss":0,"event_name":"Falling","floor":47,"gold_loss":0},{"damage_healed":0,"gold_gain":0,"player_choice":"Max HP","damage_taken":0,"max_hp_gain":0,"max_hp_loss":4,"event_name":"Winding Halls","floor":48,"gold_loss":0}],"is_beta":false,"boss_relics":[{"not_picked":["Philosopher\u0027s Stone","Runic Dome"],"picked":"Sozu"},{"not_picked":["Fusion Hammer","SlaversCollar"],"picked":"Coffee Dripper"}],"items_purged_floors":[2,10,37,39],"is_endless":false,"potions_floor_spawned":[8,11,14,18,22,31,33,44],"ascension_level":5}}