{"host":"89iuq2p5kwriuwfq","time":1613396368,"event":{"mods":["BaseMod","Curses Come First","Minty Spire (QoL Compilation)","Permanent Neow","StSLib"],"gold_per_floor":[109,109,128,128,128,167,167,203,203,241,256,271,271,312,312,431,431,449,467,467,480,480,480],"floor_reached":22,"language":"ENG","playtime":1345,"items_purged":[],"score":422,"play_id":"96607192-7391-499f-bd51-33533a272de7","local_time":"20210215133928","is_ascension_mode":true,"campfire_choices":[{"floor":7,"key":"REST"},{"floor":13,"key":"REST"},{"data":"Capacitor","floor":15,"key":"SMITH"}],"circlet_count":0,"master_deck":["AscendersBane","Strike_B","Strike_B","Strike_B","Defend_B","Defend_B","Defend_B","Defend_B","Zap","Dualcast","Capacitor+1","FTL","Ball Lightning","Leap","Cold Snap","Cold Snap","Darkness","BootSequence","Machine Learning","Defragment","Defragment","Ball Lightning","Coolheaded"],"relics":["Cracked Core","Thread and Needle","Golden Idol","Blue Candle","Strawberry","Vajra","Bag of Marbles","Pen Nib","Black Star"],"acts_visited":["Exordium","TheCity"],"potions_floor_usage":[8,10,21],"damage_taken":[{"damage":2,"enemies":"Small Slimes","floor":1,"turns":4},{"damage":0,"enemies":"Jaw Worm","floor":3,"turns":4},{"damage":39,"enemies":"Gremlin Nob","floor":6,"turns":5},{"damage":2,"enemies":"Lagavulin","floor":8,"turns":6},{"damage":5,"enemies":"Gremlin Nob","floor":10,"turns":4},{"damage":0,"enemies":"Cultist","floor":11,"turns":3},{"damage":0,"enemies":"3 Louse","floor":12,"turns":3},{"damage":4,"enemies":"Lagavulin","floor":14,"turns":5},{"damage":0,"enemies":"The Guardian","floor":16,"turns":10},{"damage":6,"enemies":"Shell Parasite","floor":18,"turns":6},{"damage":6,"enemies":"3 Byrds","floor":19,"turns":7},{"damage":26,"enemies":"Cultist and Chosen","floor":21,"turns":6},{"damage":50,"enemies":"3 Cultists","floor":22,"turns":5}],"seed_played":"4913886303258536434","potions_obtained":[{"floor":6,"key":"SkillPotion"},{"floor":8,"key":"Dexterity Potion"},{"floor":14,"key":"Fire Potion"},{"floor":19,"key":"GamblersBrew"},{"floor":21,"key":"Weak Potion"}],"is_trial":false,"path_per_floor":["M","?","M","?","?","E","R","E","T","E","M","M","R","E","R","B",null,"M","M","?","M","M"],"character_chosen":"DEFECT","items_purchased":[],"campfire_rested":2,"item_purchase_floors":[],"current_hp_per_floor":[66,71,71,64,46,7,28,33,33,28,28,28,52,48,48,48,72,66,60,60,34,0,0],"gold":480,"neow_bonus":"ONE_RARE_RELIC","is_daily":false,"chose_seed":false,"campfire_upgraded":1,"win_rate":0.0,"timestamp":1613396368,"path_taken":["M","?","M","?","?","E","R","E","T","E","M","M","R","E","R","BOSS","M","M","?","M","M"],"items_purchased_type":[],"build_version":"2020-12-22","purchased_purges":0,"victory":false,"max_hp_per_floor":[68,73,73,73,73,73,73,80,80,80,80,80,80,80,80,80,80,80,80,80,80,80,80],"card_choices":[{"not_picked":["Rebound","Streamline"],"picked":"Capacitor","floor":1},{"not_picked":["Skim","Go for the Eyes"],"picked":"FTL","floor":3},{"not_picked":["Consume","Echo Form"],"picked":"Ball Lightning","floor":6},{"not_picked":["Heatsinks","Barrage"],"picked":"Leap","floor":8},{"not_picked":["Leap","Steam"],"picked":"Cold Snap","floor":10},{"not_picked":["Fusion","Gash"],"picked":"Cold Snap","floor":11},{"not_picked":["Conserve Battery","Blizzard"],"picked":"Darkness","floor":12},{"not_picked":["Gash","Static Discharge"],"picked":"BootSequence","floor":14},{"not_picked":["All For One","Electrodynamics"],"picked":"Machine Learning","floor":16},{"not_picked":["Loop","Beam Cell"],"picked":"Defragment","floor":18},{"not_picked":["Gash+1","Darkness"],"picked":"Defragment","floor":19},{"not_picked":["Undo","Steam Power"],"picked":"Coolheaded","floor":21}],"player_experience":687702,"relics_obtained":[{"floor":6,"key":"Blue Candle"},{"floor":8,"key":"Strawberry"},{"floor":9,"key":"Vajra"},{"floor":10,"key":"Bag of Marbles"},{"floor":14,"key":"Pen Nib"}],"event_choices":[{"damage_healed":0,"gold_gain":0,"player_choice":"Donut","damage_taken":0,"max_hp_gain":5,"max_hp_loss":0,"event_name":"Big Fish","floor":2,"gold_loss":0},{"cards_removed":["Strike_B"],"damage_healed":0,"gold_gain":0,"player_choice":"Card Removal","damage_taken":7,"max_hp_gain":0,"max_hp_loss":0,"event_name":"Golden Wing","floor":4,"gold_loss":0},{"damage_healed":0,"gold_gain":0,"player_choice":"Take Damage","damage_taken":18,"relics_obtained":["Golden Idol"],"max_hp_gain":0,"max_hp_loss":0,"event_name":"Golden Idol","floor":5,"gold_loss":0},{"damage_healed":0,"gold_gain":0,"player_choice":"Read","damage_taken":0,"max_hp_gain":0,"max_hp_loss":0,"event_name":"The Library","floor":20,"gold_loss":0,"cards_obtained":["Ball Lightning"]}],"is_beta":false,"boss_relics":[{"not_picked":["Ectoplasm","Sozu"],"picked":"Black Star"}],"items_purged_floors":[],"is_endless":false,"potions_floor_spawned":[6,8,14,19,21],"killed_by":"3 Cultists","ascension_level":12}}