{"host":"ptk1shuto3uimndw","time":1613384337,"event":{"mods":["AchievementEnabler","BaseMod","Bestiary","Colored Map","Colored Powertips","Curses Come First","Minty Spire (QoL Compilation)","Quick Restart","Rare Cards Sparkle","Relic Stats","StSLib","Uncapped"],"gold_per_floor":[118,132,132,146,157,189,189,201,225,225,259,272,325,358,358,358,358],"floor_reached":16,"language":"ENG","playtime":346,"items_purged":[],"score":267,"play_id":"627a3f7c-5621-4471-99c7-ebbc12a68dfa","local_time":"20210215111857","is_ascension_mode":true,"campfire_choices":[{"data":"Scrawl","floor":7,"key":"SMITH"},{"floor":15,"key":"REST"}],"circlet_count":0,"master_deck":["AscendersBane","Strike_P","Strike_P","Strike_P","Defend_P","Defend_P","Defend_P","Defend_P+1","Eruption+1","Vigilance+1","FollowUp","BowlingBash+1","Meditate","CrushJoints","Scrawl+1","BattleHymn","CutThroughFate","FlurryOfBlows","Prostrate"],"relics":["Runic Dome","Whetstone","Anchor","War Paint","Damaru"],"acts_visited":[],"potions_floor_usage":[6,16,16],"damage_taken":[{"damage":2,"enemies":"2 Louse","floor":1,"turns":4},{"damage":0,"enemies":"Cultist","floor":2,"turns":3},{"damage":0,"enemies":"Jaw Worm","floor":4,"turns":2},{"damage":9,"enemies":"2 Fungi Beasts","floor":5,"turns":2},{"damage":24,"enemies":"Gremlin Nob","floor":6,"turns":4},{"damage":21,"enemies":"Exordium Thugs","floor":8,"turns":3},{"damage":0,"enemies":"Lagavulin","floor":11,"turns":3},{"damage":0,"enemies":"Gremlin Gang","floor":12,"turns":3},{"damage":0,"enemies":"Gremlin Nob","floor":14,"turns":2},{"damage":31,"enemies":"Hexaghost","floor":16,"turns":2}],"seed_played":"6434099832253611486","potions_obtained":[{"floor":3,"key":"ColorlessPotion"},{"floor":3,"key":"EssenceOfSteel"},{"floor":3,"key":"BlessingOfTheForge"},{"floor":4,"key":"Fire Potion"},{"floor":6,"key":"Strength Potion"},{"floor":14,"key":"Strength Potion"}],"is_trial":false,"path_per_floor":["M","M","?","M","M","E","R","M","T","?","E","M","?","E","R","B"],"character_chosen":"WATCHER","items_purchased":[],"campfire_rested":1,"item_purchase_floors":[],"current_hp_per_floor":[63,63,63,63,54,30,30,9,9,9,9,9,9,9,30,0,0],"gold":358,"neow_bonus":"BOSS_RELIC","is_daily":false,"chose_seed":false,"campfire_upgraded":1,"win_rate":0.0,"timestamp":1613384337,"path_taken":["M","M","?","M","?","E","R","M","T","?","E","M","?","E","R","BOSS"],"items_purchased_type":[],"build_version":"2020-12-22","purchased_purges":0,"victory":false,"max_hp_per_floor":[72,72,72,72,72,72,72,72,72,72,72,72,72,72,72,72,72],"relic_stats":{"counters":[10,28],"Whetstone":["BowlingBash","Eruption"],"War Paint":["Defend_P","Vigilance"],"obtain_stats":[{"Runic Dome":0,"Anchor":9,"Damaru":14,"Whetstone":6,"PureWater":0,"War Paint":11},{"Runic Dome":0,"Anchor":6,"Damaru":9,"Whetstone":5,"PureWater":0,"War Paint":7},{"Runic Dome":0,"Anchor":18,"Damaru":26,"Whetstone":15,"PureWater":0,"War Paint":21}]},"card_choices":[{"not_picked":["JustLucky","PathToVictory"],"picked":"FollowUp","floor":1},{"not_picked":["FlurryOfBlows","JustLucky"],"picked":"BowlingBash","floor":2},{"not_picked":["ClearTheMind","Collect"],"picked":"Meditate","floor":4},{"not_picked":["FlurryOfBlows","Evaluate"],"picked":"CrushJoints","floor":5},{"not_picked":["Nirvana","WheelKick"],"picked":"Scrawl","floor":6},{"not_picked":["ReachHeaven","CutThroughFate"],"picked":"BattleHymn","floor":8},{"not_picked":["ForeignInfluence","SashWhip"],"picked":"CutThroughFate","floor":11},{"not_picked":["WindmillStrike","FlyingSleeves"],"picked":"FlurryOfBlows","floor":12},{"not_picked":["Vengeance","Evaluate"],"picked":"Prostrate","floor":14}],"player_experience":267508,"relics_obtained":[{"floor":6,"key":"Whetstone"},{"floor":9,"key":"Anchor"},{"floor":11,"key":"War Paint"},{"floor":14,"key":"Damaru"}],"event_choices":[{"damage_healed":0,"gold_gain":0,"player_choice":"Got Potions","damage_taken":0,"max_hp_gain":0,"max_hp_loss":0,"event_name":"Lab","floor":3,"gold_loss":0},{"cards_removed":["Strike_P"],"damage_healed":0,"gold_gain":0,"player_choice":"Forget","damage_taken":0,"max_hp_gain":0,"max_hp_loss":0,"event_name":"Living Wall","floor":10,"gold_loss":0},{"damage_healed":0,"gold_gain":53,"player_choice":"Gained Gold","damage_taken":0,"max_hp_gain":0,"max_hp_loss":0,"event_name":"Golden Wing","floor":13,"gold_loss":0}],"is_beta":false,"boss_relics":[],"items_purged_floors":[],"is_endless":false,"potions_floor_spawned":[4,6,12,14],"killed_by":"Hexaghost","ascension_level":11}}