{"host":"dm3der2z84gf27js","time":1613374640,"event":{"mods":["AchievementEnabler","BaseMod","Bestiary","Better Note","Better Third Choice","Colored Map","Colored Powertips","Marisa????????","Minty Spire (QoL Compilation)","Onozuka Komachi Mod","StSLib","The Marked","The Servant 0.9.4"],"gold_per_floor":[118,96,271,271,26,74,74,102,102,102,136,154,186,186,186,301,301,312,89,50,50,150,150,175,189,237,184,232,274,286,318,330,475,487,515,562,574,614,639,686,698,737,749,778,842,69,113,127,127,127,127,127,11,41,41,41],"floor_reached":55,"language":"ENG","playtime":4284,"items_purged":["Regret","Doubt"],"score":1043,"play_id":"8daf2156-2262-44cc-8aa3-6af8e0af2bfc","local_time":"20210215023720","is_ascension_mode":true,"campfire_choices":[{"floor":7,"key":"REST"},{"floor":15,"key":"REST"},{"floor":23,"key":"RECALL"},{"data":"EarthLightRay","floor":32,"key":"SMITH"},{"floor":41,"key":"REST"},{"data":"EarthLightRay","floor":49,"key":"SMITH"},{"data":"EscapeVelocity","floor":52,"key":"SMITH"}],"circlet_count":0,"master_deck":["Strike_MRS","Strike_MRS","Strike_MRS","Strike_MRS","Defend_MRS","Defend_MRS","Defend_MRS","MasterSpark","UpSweep","NonDirectionalLaser","WitchOfGreed","MysteriousBeam+1","IllusionStar","OneTimeOff","DeepEcoloBomb","EarthLightRay+1","BinaryStars","SprinkleStarSeal","NonDirectionalLaser+1","FinalSpark","CurseOfTheBell","NonDirectionalLaser+1","IllusionStar","RefractionSpark","EnergyFlow","EarthLightRay+1","EscapeVelocity+1","Singularity+1","WitchOfGreed","MeteoricShower","ChargeUpSpray","PowerUp","MaximisePower","IllusionStar+1","ShootingEcho+1","ShootingEcho+1","SuperPerseids+1","DoubleSpark","PowerUp+1","IllusionStar+1","MilkyWay+1","BlazingStar","EventHorizon","MysteriousBeam","MilkyWay","AlicesGift","MeteoricShower","RefractionSpark","GalacticHalo","WitchLeyline+1","PowerUp+1","GravityBeat+1"],"relics":["MiniHakkero","betterThird:SlimedRelic","Toy Ornithopter","Sling","Ornamental Fan","Bronze Scales","MealTicket","Calling Bell","Vajra","Mercury Hourglass","Bird Faced Urn","CaptainsWheel","Whetstone","MawBank","Black Star","SproutingBranch","Question Card","Shuriken","Kunai","The Courier","Mango","Orichalcum","OrangePellets","Happy Flower","Juzu Bracelet","Bottled Tornado","Nunchaku","HornCleat","BreadOfAWashokuLover"],"acts_visited":["Exordium","TheCity","TheBeyond","TheEnding"],"potions_floor_usage":[8,13,16,16,24,24,28,29,31,33,33,33,35,38,38,40,42,44,47,50,50,50],"damage_taken":[{"damage":1,"enemies":"2 Louse","floor":1,"turns":2},{"damage":39,"enemies":"3 Sentries","floor":6,"turns":9},{"damage":5,"enemies":"Small Slimes","floor":8,"turns":3},{"damage":2,"enemies":"Cultist","floor":11,"turns":3},{"damage":1,"enemies":"Looter","floor":12,"turns":2},{"damage":0,"enemies":"Lagavulin","floor":13,"turns":4},{"damage":27,"enemies":"Slime Boss","floor":16,"turns":4},{"damage":6,"enemies":"3 Byrds","floor":18,"turns":3},{"damage":47,"enemies":"Slavers","floor":24,"turns":3},{"damage":8,"enemies":"2 Thieves","floor":25,"turns":3},{"damage":22,"enemies":"Book of Stabbing","floor":28,"turns":4},{"damage":11,"enemies":"Snecko","floor":29,"turns":4},{"damage":6,"enemies":"Cultist and Chosen","floor":31,"turns":4},{"damage":70,"enemies":"Automaton","floor":33,"turns":7},{"damage":8,"enemies":"3 Darklings","floor":35,"turns":2},{"damage":14,"enemies":"Orb Walker","floor":36,"turns":4},{"damage":56,"enemies":"Spire Growth","floor":38,"turns":5},{"damage":3,"enemies":"Sphere and 2 Shapes","floor":39,"turns":3},{"damage":35,"enemies":"Nemesis","floor":40,"turns":5},{"damage":44,"enemies":"Reptomancer","floor":42,"turns":5},{"damage":22,"enemies":"4 Shapes","floor":44,"turns":5},{"damage":19,"enemies":"2 Orb Walkers","floor":45,"turns":4},{"damage":14,"enemies":"Giant Head","floor":47,"turns":3},{"damage":28,"enemies":"3 Darklings","floor":48,"turns":3},{"damage":53,"enemies":"Awakened One","floor":50,"turns":6},{"damage":40,"enemies":"Shield and Spear","floor":54,"turns":5},{"damage":124,"enemies":"The Heart","floor":55,"turns":6}],"seed_played":"-102616263288965901","potions_obtained":[{"floor":6,"key":"StarNLove"},{"floor":6,"key":"DuplicationPotion"},{"floor":8,"key":"EssenceOfSteel"},{"floor":13,"key":"StarNLove"},{"floor":16,"key":"Swift Potion"},{"floor":16,"key":"Regen Potion"},{"floor":24,"key":"LiquidBronze"},{"floor":25,"key":"DistilledChaos"},{"floor":28,"key":"LiquidBronze"},{"floor":29,"key":"AttackPotion"},{"floor":29,"key":"Ancient Potion"},{"floor":31,"key":"AttackPotion"},{"floor":33,"key":"Explosive Potion"},{"floor":36,"key":"PowerPotion"},{"floor":36,"key":"Fruit Juice"},{"floor":38,"key":"LiquidBronze"},{"floor":39,"key":"Weak Potion"},{"floor":40,"key":"Swift Potion"},{"floor":42,"key":"EssenceOfSteel"},{"floor":45,"key":"Fruit Juice"},{"floor":47,"key":"Ancient Potion"},{"floor":48,"key":"EssenceOfSteel"}],"is_trial":false,"path_per_floor":["M","?","?","?","$","E","R","M","T","T","M","M","E","?","R","B",null,"M","$","$","?","?","R","E","M","T","$","E","M","$","M","R","B",null,"M","M","?","M","M","E","R","E","T","M","?","$","E","M","R","B",null,"R","$","E","B"],"character_chosen":"MARISA","items_purchased":["WitchOfGreed","Sling","IllusionStar","RefractionSpark","EnergyFlow","WitchOfGreed","BlazingStar","EventHorizon","MysteriousBeam","MilkyWay","AlicesGift","MeteoricShower","RefractionSpark","Orichalcum","OrangePellets","Happy Flower","GalacticHalo","Nunchaku"],"campfire_rested":3,"item_purchase_floors":[5,5,19,19,20,27,46,46,46,46,46,46,46,46,46,46,46,53],"current_hp_per_floor":[81,70,70,70,70,31,55,55,55,55,53,52,57,57,81,55,82,80,82,82,82,82,82,52,48,48,63,62,64,79,82,82,26,82,74,68,68,41,42,28,54,37,37,42,57,72,89,82,82,71,106,106,106,83,0,0],"gold":41,"neow_bonus":"TEN_PERCENT_HP_BONUS","is_daily":false,"chose_seed":false,"campfire_upgraded":3,"win_rate":0.0,"timestamp":1613374640,"path_taken":["M","?","?","?","$","E","R","M","T","?","M","M","E","?","R","BOSS","M","?","$","?","?","R","E","?","T","$","E","M","?","M","R","BOSS","M","M","?","M","M","E","R","E","T","M","?","$","E","M","R","BOSS","R","$","E","BOSS"],"items_purchased_type":["Card","Relic","Card","Card","Card","Card","Card","Card","Card","Card","Card","Card","Card","Relic","Relic","Relic","Card","Relic"],"build_version":"2020-12-22","purchased_purges":2,"victory":false,"max_hp_per_floor":[82,82,82,82,82,82,82,82,82,82,82,82,82,82,82,82,82,82,82,82,82,82,82,82,82,82,82,82,82,82,82,82,82,82,82,82,82,87,87,87,87,87,87,87,101,101,106,106,106,106,106,106,106,106,106,106],"card_choices":[{"not_picked":["6A","Acceleration"],"picked":"NonDirectionalLaser","floor":1},{"not_picked":["TreasureHunter","PulseMagic"],"picked":"MysteriousBeam","floor":6},{"not_picked":["PowerUp","MeteoricShower"],"picked":"IllusionStar","floor":8},{"not_picked":["EnergyRecoil","GrandCross"],"picked":"OneTimeOff","floor":11},{"not_picked":["ShootingEcho","6A"],"picked":"DeepEcoloBomb","floor":12},{"not_picked":["SporeBomb","OortCloud"],"picked":"EarthLightRay","floor":13},{"not_picked":["MaximisePower","EscapeVelocity"],"picked":"FinalSpark","floor":16},{"not_picked":["ChargingUp","DarkMatter"],"picked":"NonDirectionalLaser+1","floor":18},{"not_picked":["WitchLeyline","ChargingUp"],"picked":"EscapeVelocity","floor":24},{"not_picked":["WitchLeyline+1","PulseMagic"],"picked":"Singularity+1","floor":25},{"not_picked":["GalacticHalo","MagicChant+1"],"picked":"MeteoricShower","floor":28},{"not_picked":["WitchOfGreed+1","GasGiant"],"picked":"ChargeUpSpray","floor":29},{"not_picked":["MysteriousBeam","MagicChant"],"picked":"PowerUp","floor":31},{"not_picked":["BinaryStars","FinalSpark"],"picked":"MaximisePower","floor":33},{"not_picked":["MagicAbsorber+1","OpenUniverse"],"picked":"IllusionStar+1","floor":35},{"not_picked":["GalacticHalo","GasGiant"],"picked":"ShootingEcho+1","floor":36},{"not_picked":["DarkMatter","DoubleSpark"],"picked":"ShootingEcho+1","floor":38},{"not_picked":["DoubleSpark","ShootingEcho"],"picked":"SuperPerseids+1","floor":39},{"not_picked":["LuminesStrike+1","GravityBeat"],"picked":"DoubleSpark","floor":40},{"not_picked":["FairyDestructionRay+1","OneTimeOff+1","MaximisePower"],"picked":"PowerUp+1","floor":42},{"not_picked":["NonDirectionalLaser+1","OneTimeOff","DC"],"picked":"IllusionStar+1","floor":44},{"not_picked":["LuminesStrike+1","StarBarrage","RefractionSpark"],"picked":"MilkyWay+1","floor":45},{"not_picked":["MagicChant+1","StarlightTyphoon","NonDirectionalLaser+1"],"picked":"WitchLeyline+1","floor":47},{"not_picked":["IllusionStar+1","ShootingEcho","6A"],"picked":"PowerUp+1","floor":48},{"not_picked":["Acceleration","EventHorizon","WitchLeyline"],"picked":"GravityBeat+1","floor":54}],"player_experience":216321,"relics_obtained":[{"floor":6,"key":"Ornamental Fan"},{"floor":10,"key":"Bronze Scales"},{"floor":13,"key":"MealTicket"},{"floor":17,"key":"Vajra"},{"floor":17,"key":"Mercury Hourglass"},{"floor":17,"key":"Bird Faced Urn"},{"floor":24,"key":"CaptainsWheel"},{"floor":26,"key":"Whetstone"},{"floor":28,"key":"MawBank"},{"floor":40,"key":"SproutingBranch"},{"floor":40,"key":"Question Card"},{"floor":42,"key":"Shuriken"},{"floor":42,"key":"Kunai"},{"floor":43,"key":"The Courier"},{"floor":45,"key":"Mango"},{"floor":47,"key":"Juzu Bracelet"},{"floor":47,"key":"Bottled Tornado"},{"floor":54,"key":"HornCleat"},{"floor":54,"key":"BreadOfAWashokuLover"}],"event_choices":[{"damage_healed":0,"gold_gain":0,"player_choice":"Slimed","damage_taken":11,"max_hp_gain":0,"max_hp_loss":0,"event_name":"betterThird:BetterGoop","floor":2,"gold_loss":22},{"damage_healed":0,"gold_gain":175,"player_choice":"AGREE","damage_taken":96,"max_hp_gain":0,"max_hp_loss":0,"event_name":"betterThird:BetterSerpent","floor":3,"gold_loss":0},{"damage_healed":0,"gold_gain":0,"player_choice":"Box","damage_taken":0,"relics_obtained":["Toy Ornithopter"],"max_hp_gain":0,"max_hp_loss":0,"event_name":"Big Fish","floor":4,"gold_loss":0,"cards_obtained":["Regret"]},{"damage_healed":0,"gold_gain":0,"player_choice":"3 cards matched","damage_taken":0,"max_hp_gain":0,"max_hp_loss":0,"event_name":"Match and Keep!","floor":14,"gold_loss":0,"cards_obtained":["BinaryStars","SprinkleStarSeal","NonDirectionalLaser"]},{"damage_healed":0,"gold_gain":0,"cards_transformed":["Defend_MRS"],"player_choice":"Transformed","damage_taken":0,"max_hp_gain":0,"max_hp_loss":0,"event_name":"Transmorgrifier","floor":21,"gold_loss":0,"cards_obtained":["EarthLightRay"]},{"damage_healed":0,"gold_gain":100,"player_choice":"Pray","damage_taken":0,"max_hp_gain":0,"max_hp_loss":0,"event_name":"Golden Shrine","floor":22,"gold_loss":0},{"damage_healed":0,"gold_gain":0,"player_choice":"Ignored","damage_taken":0,"max_hp_gain":0,"max_hp_loss":0,"event_name":"Tomb of Lord Red Mask","floor":37,"gold_loss":0},{"damage_healed":0,"gold_gain":0,"player_choice":"Fight","damage_taken":0,"max_hp_gain":0,"max_hp_loss":0,"event_name":"Mysterious Sphere","floor":45,"gold_loss":0}],"is_beta":false,"boss_relics":[{"not_picked":["Tiny House","Empty Cage"],"picked":"Calling Bell"},{"not_picked":["SlaversCollar","Runic Pyramid"],"picked":"Black Star"}],"items_purged_floors":[5,19],"is_endless":false,"potions_floor_spawned":[6,13,16,24,25,28,29,31,36,39,40,42,45,48],"killed_by":"The Heart","ascension_level":1}}