{"host":"pf5oese4ka0eje7d","time":1613413975,"event":{"mods":["AchievementEnabler","Aspiration","BaseMod","Colored Map","JesterMod","Minty Spire (QoL Compilation)","StSLib","SuperFastMode"],"gold_per_floor":[114,114,128,105,125,150,150,185,185,214,214,240,240,253,253,348,348,337,262,262,276,294,294,321,271,271,271,271],"floor_reached":27,"language":"FRA","playtime":699,"items_purged":["Strike_R"],"score":363,"play_id":"6705820f-95c2-4444-b568-beeb8b115641","local_time":"20210215193255","is_ascension_mode":true,"campfire_choices":[{"floor":7,"key":"REST"},{"floor":11,"key":"REST"},{"floor":15,"key":"REST"},{"floor":23,"key":"REST"}],"circlet_count":0,"master_deck":["Strike_R","Strike_R","Strike_R","Strike_R","Defend_R","Defend_R","Defend_R","Defend_R","Bash","Armaments","Twin Strike","Clash","Flex","Cleave+1","Iron Wave","Iron Wave+1","Limit Break","Demon Form","Armaments+1","Twin Strike","Heavy Blade","Flex+1"],"relics":["Burning Blood","Bag of Preparation","Blue Candle","Eternal Feather","Blood Vial","Champion Belt","Kunai","Runic Pyramid","Darkstone Periapt","Shuriken"],"acts_visited":["Exordium","TheCity"],"potions_floor_usage":[16,22,22,24,24],"damage_taken":[{"damage":11,"enemies":"Jaw Worm","floor":1,"turns":4},{"damage":1,"enemies":"Cultist","floor":3,"turns":3},{"damage":3,"enemies":"2 Louse","floor":5,"turns":2},{"damage":32,"enemies":"Gremlin Nob","floor":6,"turns":4},{"damage":45,"enemies":"Lagavulin","floor":8,"turns":6},{"damage":33,"enemies":"3 Sentries","floor":10,"turns":6},{"damage":32,"enemies":"Lagavulin","floor":12,"turns":7},{"damage":0,"enemies":"2 Fungi Beasts","floor":14,"turns":3},{"damage":11,"enemies":"The Guardian","floor":16,"turns":11},{"damage":27,"enemies":"2 Thieves","floor":18,"turns":4},{"damage":29,"enemies":"Shell Parasite","floor":21,"turns":5},{"damage":5,"enemies":"3 Cultists","floor":22,"turns":4},{"damage":52,"enemies":"Gremlin Leader","floor":24,"turns":8},{"damage":30,"enemies":"Slavers","floor":27,"turns":3}],"seed_played":"2129273627063135835","potions_obtained":[{"floor":8,"key":"LiquidMemories"},{"floor":10,"key":"Strength Potion"},{"floor":12,"key":"EssenceOfSteel"},{"floor":14,"key":"Swift Potion"},{"floor":18,"key":"EssenceOfSteel"},{"floor":22,"key":"SneckoOil"}],"is_trial":false,"path_per_floor":["M","?","M","$","M","E","R","E","T","E","R","E","?","M","R","B",null,"M","$","?","M","M","R","E","?","T","E"],"character_chosen":"IRONCLAD","items_purchased":["Clash"],"campfire_rested":4,"item_purchase_floors":[4],"current_hp_per_floor":[67,67,72,72,75,49,73,34,34,9,42,18,2,10,43,40,70,51,51,51,30,33,69,25,25,25,0,0],"gold":271,"neow_bonus":"RANDOM_COMMON_RELIC","is_daily":false,"chose_seed":false,"campfire_upgraded":0,"win_rate":0.0,"timestamp":1613413975,"path_taken":["M","?","?","$","M","E","R","E","T","E","R","E","?","M","R","BOSS","M","$","?","M","M","R","E","?","T","E"],"items_purchased_type":["Card"],"build_version":"2020-12-22","purchased_purges":1,"victory":false,"max_hp_per_floor":[80,80,80,80,80,80,80,80,80,80,80,80,80,80,80,80,80,80,80,80,80,80,80,80,80,80,80,80],"card_choices":[{"not_picked":["Second Wind","Wild Strike"],"picked":"Armaments","floor":1},{"not_picked":["Iron Wave","Clash"],"picked":"Twin Strike","floor":3},{"not_picked":["Pommel Strike","Cleave"],"picked":"Flex","floor":5},{"not_picked":["Evolve","Sword Boomerang"],"picked":"Cleave","floor":6},{"not_picked":["Reaper","Rage"],"picked":"Iron Wave","floor":8},{"not_picked":["True Grit","Shrug It Off"],"picked":"Iron Wave","floor":10},{"not_picked":["Wild Strike","Seeing Red","Sentinel"],"picked":"SKIP","floor":12},{"not_picked":["Iron Wave","Body Slam"],"picked":"Limit Break","floor":14},{"not_picked":["Corruption","Juggernaut"],"picked":"Demon Form","floor":16},{"not_picked":["Entrench+1","Flex"],"picked":"Armaments+1","floor":18},{"not_picked":["Rupture","Thunderclap"],"picked":"Twin Strike","floor":21},{"not_picked":["Clothesline","Burning Pact"],"picked":"Heavy Blade","floor":22},{"not_picked":["Rampage","True Grit+1"],"picked":"Flex+1","floor":24}],"player_experience":321376,"relics_obtained":[{"floor":6,"key":"Blue Candle"},{"floor":8,"key":"Eternal Feather"},{"floor":9,"key":"Blood Vial"},{"floor":10,"key":"Champion Belt"},{"floor":12,"key":"Kunai"},{"floor":24,"key":"Darkstone Periapt"},{"floor":26,"key":"Shuriken"}],"event_choices":[{"damage_healed":0,"gold_gain":0,"player_choice":"Bought 0 Potions","damage_taken":0,"max_hp_gain":0,"max_hp_loss":0,"event_name":"The Woman in Blue","floor":2,"gold_loss":0},{"damage_healed":0,"gold_gain":0,"player_choice":"Entered Light","damage_taken":16,"max_hp_gain":0,"max_hp_loss":0,"event_name":"Shining Light","floor":13,"gold_loss":0,"cards_upgraded":["Cleave","Iron Wave"]},{"damage_healed":0,"gold_gain":0,"player_choice":"Ignored","damage_taken":0,"max_hp_gain":0,"max_hp_loss":0,"event_name":"Ghosts","floor":20,"gold_loss":0},{"damage_healed":0,"gold_gain":0,"player_choice":"Bet on Murderer","damage_taken":0,"max_hp_gain":0,"max_hp_loss":0,"event_name":"The Joust","floor":25,"gold_loss":50}],"is_beta":false,"boss_relics":[{"not_picked":["jesterMod:MachoBrace","Runic Dome"],"picked":"Runic Pyramid"}],"items_purged_floors":[19],"is_endless":false,"potions_floor_spawned":[8,10,12,14,18,22],"killed_by":"Slavers","ascension_level":8}}