{"host":"5oe6e4b9xi36nq9o","time":1613353575,"event":{"mods":["2.2 Compatiblity","AchievementEnabler","Aspiration","Bard","BaseMod","Better Altar","Better Match","Better Note","Better Sensory Stone","Better Skull","Better Third Choice","BetterRewards","Block Reminder","Colored Powertips","Conspire","Downfall","Energized Spire","Hermit","Highlight Path","Hubris","Infinite Spire","Ironclad Rager","Jedi Mod","Minty Spire (QoL Compilation)","Permanent Neow","Quick Restart","Random Character Button","Random Character Mod","Rare Cards Sparkle","Relic Stats","Replay The Spire","StSLib","The Construct","The Hierophant"],"gold_per_floor":[199,212,227,23,38,56,56,56,90,113,141,63,63,63,96,221,221,221,259,259,259,303,303,326,394,424,460,506,545,588,588,620,630,630,630],"floor_reached":33,"language":"ENG","playtime":3692,"items_purged":["bronze:Strike"],"score":280,"play_id":"501d62b8-8f20-4933-a982-424cef3aae6b","local_time":"20210214234615","is_ascension_mode":false,"campfire_choices":[{"data":"bronze:Goto","floor":1.0,"key":"SMITH"},{"data":"bronze:Assembly","floor":18.0,"key":"SMITH"},{"data":"bronze:Branch","floor":23.0,"key":"SMITH"}],"circlet_count":0,"master_deck":["bronze:Strike","bronze:Defend","bronze:Defend","bronze:Defend","bronze:Defend","bronze:Philosophize","bronze:Iterate","bronze:Overheat","expansioncontent:QuickStudy","bronze:Branch+1","bronze:ChosenStrike","bronze:FineTuning","bronze:Fortify","bronze:DelayedSlice","bronze:CutThrough","m_BronzeAgony","m_BronzeSurvivor+1","bronze:CutThrough","bronze:Assembly+1","Languid","Neutralize","bronze:CleanCode","Dark Shackles","infinitespire:NeuralNetwork","bronze:Turbo","Pot Of Greed","bronze:DelayedGuard","bronze:Format","bronze:BronzeOrb","bronze:BitShift+1","bronze:Invalidate+1","bronze:Frontload+1","bronze:Virus","Replay:Fractal Strike","CurseOfTheBell","bronze:WhirlingStrike+1"],"relics":["bronze:BronzeCore","Bottled Flame","Replay:Bandana","ReplayTheSpireMod:SealedPack","Enchiridion","Blood Vial","HornCleat","hubris:Teleporter","Calling Bell","Strawberry","Question Card","Dead Branch"],"acts_visited":["Exordium","TheCity"],"potions_floor_usage":[33],"damage_taken":[{"damage":5.0,"enemies":"Small Slimes","floor":2.0,"turns":3.0},{"damage":1.0,"enemies":"Jaw Worm","floor":3.0,"turns":3.0},{"damage":10.0,"enemies":"downfall:FleeingMerchant","floor":4.0,"turns":4.0},{"damage":0.0,"enemies":"2 Louse","floor":5.0,"turns":2.0},{"damage":0.0,"enemies":"Exordium Wildlife","floor":6.0,"turns":4.0},{"damage":12.0,"enemies":"Lagavulin","floor":9.0,"turns":6.0},{"damage":0.0,"enemies":"Blue Slaver","floor":10.0,"turns":2.0},{"damage":0.0,"enemies":"Lots of Slimes","floor":11.0,"turns":1.0},{"damage":0.0,"enemies":"downfall:FleeingMerchant","floor":12.0,"turns":4.0},{"damage":13.0,"enemies":"Red Slaver","floor":15.0,"turns":2.0},{"damage":21.0,"enemies":"DF_ARCHETYPE_STREAMLINE","floor":16.0,"turns":9.0},{"damage":13.0,"enemies":"Shell Parasite","floor":19.0,"turns":4.0},{"damage":4.0,"enemies":"Spheric Guardian","floor":22.0,"turns":3.0},{"damage":6.0,"enemies":"conspire:MimicChest","floor":25.0,"turns":8.0},{"damage":31.0,"enemies":"Cultist and Chosen","floor":26.0,"turns":9.0},{"damage":3.0,"enemies":"Chosen and Byrds","floor":27.0,"turns":7.0},{"damage":4.0,"enemies":"Centurion and Healer","floor":28.0,"turns":7.0},{"damage":0.0,"enemies":"Snake Plant","floor":29.0,"turns":2.0},{"damage":0.0,"enemies":"Sentry and Sphere","floor":30.0,"turns":6.0},{"damage":0,"enemies":"Shelled Parasite and Fungi","floor":32,"turns":4},{"damage":18,"enemies":"SI_MIRROR_ARCHETYPE","floor":33,"turns":8}],"seed_played":"-6133778321267006855","potions_obtained":[{"floor":3.0,"key":"Energy Potion"},{"floor":5.0,"key":"infinitespire:BlackPotion"},{"floor":6.0,"key":"ColorlessPotion"},{"floor":9.0,"key":"Fire Potion"},{"floor":15.0,"key":"Slimebound:ThreeZeroPotion"},{"floor":19.0,"key":"SteroidPotion"},{"floor":22.0,"key":"Energy Potion"},{"floor":28.0,"key":"Energy Potion"},{"floor":30.0,"key":"Slimebound:ThreeZeroPotion"}],"is_trial":false,"path_per_floor":["R","M","M","$","M","M","T","?","E","M","M","$","?","?","M","B",null,"R","M","?","?","M","R","T","?","M","M","M","M","M","AVR","M","B"],"character_chosen":"THE_AUTOMATON","items_purchased":["expansioncontent:QuickStudy"],"campfire_rested":0,"item_purchase_floors":[4],"current_hp_per_floor":[70,65,64,54,54,54,54,54,42,42,42,42,42,42,29,8,70,70,57,57,41,37,37,37,33,4,3,1,3,5,12,14,0,0,0],"gold":630,"neow_bonus":"HUNDRED_GOLD","is_daily":false,"chose_seed":false,"campfire_upgraded":3,"win_rate":0.0,"timestamp":1613353575,"path_taken":["R","M","M","$","M","M","T","?","E","M","M","$","?","?","M","BOSS","R","M","?","?","M","R","T","?","M","?","M","?","?","AVR","M","BOSS"],"items_purchased_type":["Card"],"build_version":"2020-12-22","purchased_purges":1,"victory":false,"max_hp_per_floor":[70,70,70,70,70,70,70,70,70,70,70,70,70,70,70,70,70,70,70,70,70,70,70,70,70,70,70,70,70,70,77,77,77,77,77],"relic_stats":{"Blood Vial":16,"counters":[21,98],"Dead Branch":[29],"Question Card":1,"obtain_stats":[{"Blood Vial":24,"Calling Bell":31,"Bottled Flame":7,"Replay:Bandana":9,"bronze:BronzeCore":0,"HornCleat":25,"hubris:Teleporter":31,"Strawberry":31,"Dead Branch":31,"Enchiridion":21,"ReplayTheSpireMod:SealedPack":17,"Question Card":31},{"Blood Vial":13,"Calling Bell":19,"Bottled Flame":5,"Replay:Bandana":6,"bronze:BronzeCore":0,"HornCleat":14,"hubris:Teleporter":19,"Strawberry":19,"Dead Branch":19,"Enchiridion":12,"ReplayTheSpireMod:SealedPack":11,"Question Card":19},{"Blood Vial":47,"Calling Bell":86,"Bottled Flame":16,"Replay:Bandana":22,"bronze:BronzeCore":0,"HornCleat":55,"hubris:Teleporter":86,"Strawberry":86,"Dead Branch":86,"Enchiridion":44,"ReplayTheSpireMod:SealedPack":40,"Question Card":86}]},"card_choices":[{"not_picked":["bronze:Turbo","bronze:BuggyMess"],"picked":"bronze:Philosophize","floor":2.0},{"not_picked":["bronze:OilSpill","bronze:Philosophize"],"picked":"bronze:Iterate","floor":3.0},{"not_picked":["bronze:BuggyMess","bronze:Assembly"],"picked":"bronze:Overheat","floor":4.0},{"not_picked":["bronze:Frontload","bronze:WildBeam"],"picked":"bronze:Branch","floor":5.0},{"not_picked":["bronze:Repair","bronze:Allocate"],"picked":"bronze:ChosenStrike","floor":6.0},{"not_picked":["bronze:Invalidate","bronze:BurnOut"],"picked":"bronze:FineTuning","floor":9.0},{"not_picked":["bronze:OilSpill","bronze:Shield"],"picked":"bronze:Fortify","floor":10.0},{"not_picked":["bronze:DarkDash","bronze:FollowUp"],"picked":"bronze:DelayedSlice","floor":11.0},{"not_picked":["bronze:Iterate","bronze:WhirlingStrike"],"picked":"bronze:CutThrough","floor":12.0},{"not_picked":["bronze:Deprecate","bronze:ShipIt"],"picked":"bronze:CutThrough","floor":15.0},{"not_picked":["bronze:FindAndReplace","bronze:Virus"],"picked":"bronze:Assembly","floor":16.0},{"not_picked":["hexamod:Sear","Eruption"],"picked":"Neutralize","floor":17.0},{"not_picked":["bronze:ThunderWave","bronze:HardenedForm"],"picked":"bronze:CleanCode","floor":17.0},{"not_picked":["Dramatic Entrance","Replay:BasicMightCard"],"picked":"Dark Shackles","floor":17.0},{"not_picked":["infinitespire:SealOfDarkness+","infinitespire:FinalStrike"],"picked":"infinitespire:NeuralNetwork","floor":17.0},{"not_picked":["bronze:DelayedSlice","bronze:BugBarrage"],"picked":"bronze:Turbo","floor":19.0},{"not_picked":["bronze:Overheat","bronze:WhirlingStrike"],"picked":"bronze:DelayedGuard","floor":22.0},{"not_picked":["bronze:Frontload","bronze:FollowUp+1"],"picked":"bronze:Format","floor":25.0},{"not_picked":["bronze:BuggyMess","bronze:ChildClass"],"picked":"bronze:BronzeOrb","floor":26.0},{"not_picked":["bronze:DelayedSlice","bronze:Overheat"],"picked":"bronze:BitShift+1","floor":27.0},{"not_picked":["bronze:NullPointer","bronze:Turbo+1"],"picked":"bronze:Invalidate+1","floor":28.0},{"not_picked":["bronze:Iterate","bronze:Optimize"],"picked":"bronze:Frontload+1","floor":29.0},{"not_picked":["bronze:Overheat+1","bronze:Frontload"],"picked":"bronze:Virus","floor":30.0},{"not_picked":["bronze:Optimize","bronze:BugBarrage","bronze:Turbo"],"picked":"bronze:WhirlingStrike+1","floor":32}],"player_experience":1222969,"relics_obtained":[{"floor":7.0,"key":"Bottled Flame"},{"floor":9.0,"key":"Replay:Bandana"},{"floor":21.0,"key":"Enchiridion"},{"floor":24.0,"key":"Blood Vial"},{"floor":25.0,"key":"HornCleat"},{"floor":31,"key":"Strawberry"},{"floor":31,"key":"Question Card"},{"floor":31,"key":"Dead Branch"}],"event_choices":[{"cards_removed":["bronze:Strike"],"damage_healed":0.0,"max_hp_gain":0.0,"max_hp_loss":0.0,"gold_gain":0.0,"event_name":"The Cleric","player_choice":"Card Removal","floor":14.0,"gold_loss":0.0,"damage_taken":0.0},{"cards_removed":["infinitespire:NeuralNetwork"],"damage_healed":0.0,"max_hp_gain":0.0,"max_hp_loss":0.0,"gold_gain":0.0,"event_name":"betterNote:BetterNote","player_choice":"Take \u0026 Give","floor":20.0,"gold_loss":0.0,"damage_taken":0.0,"cards_obtained":["Pot Of Greed"]}],"is_beta":false,"boss_relics":[{"not_picked":["conspire:SlowCooker","SacredBark"],"picked":"ReplayTheSpireMod:SealedPack"}],"items_purged_floors":[12],"is_endless":false,"potions_floor_spawned":[3,5,6,9,15,19,22,28,30],"killed_by":"SI_MIRROR_ARCHETYPE","ascension_level":0}}