{"host":"nuu0xlk1bpqu5s2n","time":1613416688,"event":{"mods":["AchievementEnabler","BaseMod","Minty Spire (QoL Compilation)","StSLib"],"gold_per_floor":[116,116,81,92,109,141,154,154,180,205,205,225,225,239,239,316,316,332,344,27,27,43,43,76,76,76,1,19,48,48,61,61,61,61],"floor_reached":33,"language":"ENG","playtime":1469,"items_purged":["Strike_R"],"score":594,"play_id":"055944fd-8e7f-4fb6-bca8-8529559e2bfb","local_time":"20210215211808","is_ascension_mode":true,"campfire_choices":[{"floor":8,"key":"REST"},{"data":"Flame Barrier","floor":11,"key":"SMITH"},{"data":"Bash","floor":13,"key":"SMITH"},{"data":"Uppercut","floor":15,"key":"SMITH"},{"data":"Fire Breathing","floor":23,"key":"SMITH"},{"data":"Metallicize","floor":25,"key":"SMITH"},{"data":"Anger","floor":30,"key":"SMITH"},{"data":"Impervious","floor":32,"key":"SMITH"}],"circlet_count":0,"master_deck":["AscendersBane","Strike_R","Strike_R+1","Strike_R","Strike_R","Defend_R","Defend_R+1","Defend_R","Defend_R","Bash+1","Anger+1","Metallicize+1","Fire Breathing+1","Flame Barrier+1","Reaper","Uppercut+1","Impervious+1","Shrug It Off","Impervious","Juggernaut+1","Shrug It Off+1"],"relics":["Burning Blood","Potion Belt","Red Skull","Tiny Chest","Omamori","Coffee Dripper","Champion Belt","PreservedInsect","Frozen Egg 2","Anchor"],"acts_visited":["Exordium","TheCity"],"potions_floor_usage":[6,10,14,24,24,29],"damage_taken":[{"damage":18,"enemies":"Jaw Worm","floor":1,"turns":6},{"damage":13,"enemies":"2 Louse","floor":4,"turns":2},{"damage":0,"enemies":"Cultist","floor":5,"turns":2},{"damage":24,"enemies":"Lagavulin","floor":6,"turns":8},{"damage":4,"enemies":"2 Fungi Beasts","floor":7,"turns":3},{"damage":26,"enemies":"Gremlin Nob","floor":10,"turns":4},{"damage":3,"enemies":"Looter","floor":12,"turns":4},{"damage":0,"enemies":"Lots of Slimes","floor":14,"turns":2},{"damage":14,"enemies":"Slime Boss","floor":16,"turns":10},{"damage":18,"enemies":"Chosen","floor":18,"turns":5},{"damage":32,"enemies":"Shell Parasite","floor":19,"turns":7},{"damage":29,"enemies":"Shelled Parasite and Fungi","floor":22,"turns":7},{"damage":22,"enemies":"Gremlin Leader","floor":24,"turns":5},{"damage":9,"enemies":"Centurion and Healer","floor":28,"turns":6},{"damage":42,"enemies":"Slavers","floor":29,"turns":5},{"damage":1,"enemies":"Snecko","floor":31,"turns":4},{"damage":74,"enemies":"Automaton","floor":33,"turns":12}],"seed_played":"5334591515232145224","potions_obtained":[{"floor":5,"key":"PowerPotion"},{"floor":6,"key":"Explosive Potion"},{"floor":7,"key":"Swift Potion"},{"floor":14,"key":"Block Potion"},{"floor":19,"key":"LiquidMemories"},{"floor":24,"key":"DistilledChaos"}],"is_trial":false,"path_per_floor":["M","?","?","M","M","E","M","R","T","E","R","M","R","M","R","B",null,"M","M","$","?","M","R","E","R","T","$","M","E","R","M","R","B"],"character_chosen":"IRONCLAD","items_purchased":["Champion Belt"],"campfire_rested":1,"item_purchase_floors":[20],"current_hp_per_floor":[56,33,51,44,50,32,34,56,56,36,36,46,46,52,52,52,69,61,35,35,35,22,22,26,26,26,26,37,22,22,27,27,0,0],"gold":61,"neow_bonus":"RANDOM_COMMON_RELIC","is_daily":false,"chose_seed":false,"campfire_upgraded":7,"win_rate":0.0,"timestamp":1613416688,"path_taken":["M","?","?","M","M","E","M","R","T","E","R","M","R","M","R","BOSS","M","M","$","?","M","R","E","R","T","$","M","E","R","?","R","BOSS"],"items_purchased_type":["Relic"],"build_version":"2020-12-22","purchased_purges":1,"victory":false,"max_hp_per_floor":[75,75,75,75,75,75,75,75,75,75,75,75,75,75,75,75,75,75,75,75,75,75,75,75,75,75,75,75,75,75,75,75,75,75],"card_choices":[{"not_picked":["True Grit","Combust"],"picked":"Anger","floor":1},{"not_picked":["Wild Strike","Flex","Thunderclap"],"picked":"SKIP","floor":4},{"not_picked":["Warcry","Anger"],"picked":"Metallicize","floor":5},{"not_picked":["Havoc","Dropkick"],"picked":"Fire Breathing","floor":6},{"not_picked":["Heavy Blade","Flex"],"picked":"Flame Barrier","floor":7},{"not_picked":["Perfected Strike","Searing Blow"],"picked":"Reaper","floor":10},{"not_picked":["Havoc","Clash","Iron Wave"],"picked":"SKIP","floor":12},{"not_picked":["Hemokinesis","Thunderclap"],"picked":"Uppercut","floor":14},{"not_picked":["Bludgeon","Exhume"],"picked":"Impervious","floor":16},{"not_picked":["Seeing Red","Thunderclap","Burning Pact"],"picked":"SKIP","floor":18},{"not_picked":["Heavy Blade+1","Thunderclap"],"picked":"Shrug It Off","floor":19},{"not_picked":["Warcry","Headbutt","Havoc"],"picked":"SKIP","floor":22},{"not_picked":["Bloodletting","Pommel Strike"],"picked":"Impervious","floor":24},{"not_picked":["Sword Boomerang","Anger","Clothesline"],"picked":"SKIP","floor":28},{"not_picked":["Shrug It Off","Blood for Blood"],"picked":"Juggernaut+1","floor":29},{"not_picked":["Burning Pact","Pommel Strike"],"picked":"Shrug It Off+1","floor":31}],"player_experience":554606,"relics_obtained":[{"floor":6,"key":"Red Skull"},{"floor":9,"key":"Tiny Chest"},{"floor":10,"key":"Omamori"},{"floor":24,"key":"PreservedInsect"},{"floor":26,"key":"Frozen Egg 2"},{"floor":29,"key":"Anchor"}],"event_choices":[{"damage_healed":0,"gold_gain":0,"player_choice":"Entered Light","damage_taken":23,"max_hp_gain":0,"max_hp_loss":0,"event_name":"Shining Light","floor":2,"gold_loss":0,"cards_upgraded":["Defend_R","Strike_R"]},{"damage_healed":18,"gold_gain":0,"player_choice":"Healed","damage_taken":0,"max_hp_gain":0,"max_hp_loss":0,"event_name":"The Cleric","floor":3,"gold_loss":35},{"damage_healed":0,"gold_gain":0,"player_choice":"0 cards matched","damage_taken":0,"max_hp_gain":0,"max_hp_loss":0,"event_name":"Match and Keep!","floor":21,"gold_loss":0,"cards_obtained":[]}],"is_beta":false,"boss_relics":[{"not_picked":["Velvet Choker","Tiny House"],"picked":"Coffee Dripper"}],"items_purged_floors":[27],"is_endless":false,"potions_floor_spawned":[5,6,7,14,19,24],"killed_by":"Automaton","ascension_level":20}}