{"host":"syfsfjmzue8y1a6l","time":1613369912,"event":{"mods":["AchievementEnabler","BaseMod","Colored Map","DeckTracker","Minty Spire (QoL Compilation)","SuperFastMode"],"gold_per_floor":[12,12,37,58,82,115,138,138,188,188,213,256,331,351,351,351,351],"floor_reached":16,"language":"KOR","playtime":937,"items_purged":[],"score":114,"play_id":"a637c81a-5611-49b5-aad2-c402bda96df1","local_time":"20210215151832","is_ascension_mode":false,"campfire_choices":[{"data":"Double Energy","floor":8,"key":"SMITH"},{"floor":10,"key":"REST"},{"data":"Beam Cell","floor":15,"key":"SMITH"}],"circlet_count":0,"master_deck":["Strike_B","Strike_B","Strike_B","Strike_B","Defend_B","Defend_B","Defend_B","Defend_B","Zap","Dualcast","Master of Strategy","Streamline","Coolheaded","Beam Cell+1","Storm+1","Double Energy+1","Streamline","Buffer+1","Storm+1"],"relics":["Cracked Core","Golden Idol","Frozen Egg 2","Orichalcum","Question Card"],"acts_visited":["Exordium"],"potions_floor_usage":[12,12],"damage_taken":[{"damage":0,"enemies":"2 Louse","floor":1,"turns":3},{"damage":0,"enemies":"Small Slimes","floor":3,"turns":2},{"damage":0,"enemies":"Cultist","floor":4,"turns":3},{"damage":1,"enemies":"2 Fungi Beasts","floor":5,"turns":3},{"damage":23,"enemies":"Lagavulin","floor":6,"turns":7},{"damage":11,"enemies":"Red Slaver","floor":7,"turns":3},{"damage":5,"enemies":"Exordium Thugs","floor":11,"turns":4},{"damage":3,"enemies":"3 Sentries","floor":12,"turns":4},{"damage":10,"enemies":"Blue Slaver","floor":14,"turns":3},{"damage":15,"enemies":"The Guardian","floor":16,"turns":8}],"seed_played":"8764736648039258610","potions_obtained":[{"floor":3,"key":"Swift Potion"},{"floor":7,"key":"BlessingOfTheForge"},{"floor":14,"key":"Ancient Potion"}],"is_trial":false,"path_per_floor":["M","?","M","M","M","E","M","R","T","R","M","E","?","M","R","B"],"character_chosen":"DEFECT","items_purchased":[],"campfire_rested":1,"item_purchase_floors":[],"current_hp_per_floor":[75,57,57,57,56,33,22,22,22,44,39,36,25,15,15,0,0],"gold":351,"neow_bonus":"RANDOM_COLORLESS_2","is_daily":false,"chose_seed":false,"campfire_upgraded":2,"win_rate":0.0,"timestamp":1613369912,"path_taken":["M","?","M","M","M","E","M","R","T","R","M","E","?","M","R","BOSS"],"items_purchased_type":[],"build_version":"2020-12-22","purchased_purges":0,"victory":false,"max_hp_per_floor":[75,75,75,75,75,75,75,75,75,75,75,75,75,75,75,75,75],"card_choices":[{"not_picked":["Transmutation","Secret Technique"],"picked":"Master of Strategy","floor":0},{"not_picked":["Turbo","Gash"],"picked":"Streamline","floor":1},{"not_picked":["Barrage","Stack"],"picked":"Coolheaded","floor":3},{"not_picked":["Glacier","Scrape"],"picked":"Beam Cell","floor":4},{"not_picked":["Hello World","Meteor Strike","Steam"],"picked":"SKIP","floor":5},{"not_picked":["Ball Lightning","Stack"],"picked":"Storm+1","floor":6},{"not_picked":["Stack","Hologram"],"picked":"Double Energy","floor":7},{"not_picked":["Rebound","Gash"],"picked":"Streamline","floor":11},{"not_picked":["Coolheaded","Turbo"],"picked":"Buffer+1","floor":12},{"not_picked":["Conserve Battery","Hello World+1","Hologram"],"picked":"Storm+1","floor":14}],"player_experience":50308,"relics_obtained":[{"floor":6,"key":"Frozen Egg 2"},{"floor":9,"key":"Orichalcum"},{"floor":12,"key":"Question Card"}],"event_choices":[{"damage_healed":0,"gold_gain":0,"player_choice":"Take Damage","damage_taken":18,"relics_obtained":["Golden Idol"],"max_hp_gain":0,"max_hp_loss":0,"event_name":"Golden Idol","floor":2,"gold_loss":0},{"damage_healed":0,"gold_gain":75,"player_choice":"Gather Gold","damage_taken":11,"max_hp_gain":0,"max_hp_loss":0,"event_name":"World of Goop","floor":13,"gold_loss":0}],"is_beta":false,"boss_relics":[],"items_purged_floors":[],"is_endless":false,"potions_floor_spawned":[3,7,14],"killed_by":"The Guardian","ascension_level":0}}