{"host":"Kdaddybrian","time":1613417388,"event":{"mods":["AchievementEnabler","BaseMod","Bestiary","Colored Map","Colored Powertips","Minty Spire (QoL Compilation)","Potion Indicator Mod","Quick Restart","Rare Cards Sparkle","Relic Stats","StSLib","Uncapped","Weighted Paths"],"gold_per_floor":[118,133,145,145,164,203,203,243,243,279,300,361,361,405,405,536,536,556,572,572,572,572],"floor_reached":21,"language":"ENG","playtime":1595,"items_purged":[],"score":363,"play_id":"862e1c75-1cb2-4ad4-a665-9b12baa051b4","local_time":"20210215142948","is_ascension_mode":true,"campfire_choices":[{"floor":7,"key":"REST"},{"floor":13,"key":"REST"},{"floor":15,"key":"RECALL"}],"circlet_count":0,"master_deck":["AscendersBane","Strike_P","Strike_P+1","Strike_P","Strike_P","Defend_P+1","Defend_P","Defend_P+1","Defend_P","Eruption","Vigilance","JustLucky","SashWhip+1","Conclude+1","LessonLearned","Vengeance","BowlingBash","EmptyFist","FlurryOfBlows","Omniscience","Halt","Consecrate"],"relics":["Fusion Hammer","Bloody Idol","Tiny Chest","MealTicket","Regal Pillow","Darkstone Periapt","Mummified Hand","Philosopher\u0027s Stone"],"acts_visited":["Exordium","TheCity"],"potions_floor_usage":[6,14],"damage_taken":[{"damage":0,"enemies":"2 Louse","floor":1,"turns":2},{"damage":3,"enemies":"Small Slimes","floor":2,"turns":4},{"damage":2,"enemies":"Jaw Worm","floor":3,"turns":3},{"damage":0,"enemies":"Large Slime","floor":5,"turns":3},{"damage":15,"enemies":"Lagavulin","floor":6,"turns":7},{"damage":10,"enemies":"3 Sentries","floor":8,"turns":5},{"damage":0,"enemies":"Gremlin Nob","floor":10,"turns":2},{"damage":13,"enemies":"Exordium Wildlife","floor":11,"turns":6},{"damage":10,"enemies":"Lagavulin","floor":14,"turns":3},{"damage":47,"enemies":"Slime Boss","floor":16,"turns":8},{"damage":18,"enemies":"Shell Parasite","floor":18,"turns":4},{"damage":23,"enemies":"Chosen","floor":19,"turns":6},{"damage":22,"enemies":"Shelled Parasite and Fungi","floor":21,"turns":2}],"seed_played":"-3735079299052488608","potions_obtained":[{"floor":1,"key":"Energy Potion"},{"floor":3,"key":"BlessingOfTheForge"},{"floor":10,"key":"BottledMiracle"},{"floor":16,"key":"ColorlessPotion"},{"floor":19,"key":"EntropicBrew"}],"is_trial":false,"path_per_floor":["M","M","M","?","M","E","R","E","T","E","M","?","R","E","R","B",null,"M","M","?","M"],"character_chosen":"WATCHER","items_purchased":[],"campfire_rested":2,"item_purchase_floors":[],"current_hp_per_floor":[65,62,60,60,60,45,65,55,55,55,42,42,67,57,57,10,53,35,12,12,0,0],"gold":572,"neow_bonus":"BOSS_RELIC","is_daily":false,"chose_seed":false,"campfire_upgraded":0,"win_rate":0.0,"timestamp":1613417388,"path_taken":["M","M","M","?","M","E","R","E","T","E","M","?","R","E","R","BOSS","M","M","?","M"],"items_purchased_type":[],"build_version":"2020-12-18","purchased_purges":0,"victory":false,"max_hp_per_floor":[72,72,72,67,67,67,67,67,67,67,67,67,67,67,67,67,67,67,67,67,67,67],"relic_stats":{"Darkstone Periapt":0,"Regal Pillow":5,"counters":[13,55],"Mummified Hand":[0],"Bloody Idol":0,"Tiny Chest":0,"MealTicket":0,"obtain_stats":[{"Darkstone Periapt":10,"Regal Pillow":9,"Golden Idol":4,"Mummified Hand":14,"Bloody Idol":20,"Tiny Chest":6,"MealTicket":8,"Philosopher\u0027s Stone":17,"Fusion Hammer":0,"PureWater":0},{"Darkstone Periapt":7,"Regal Pillow":6,"Golden Idol":3,"Mummified Hand":9,"Bloody Idol":12,"Tiny Chest":5,"MealTicket":6,"Philosopher\u0027s Stone":10,"Fusion Hammer":0,"PureWater":0},{"Darkstone Periapt":26,"Regal Pillow":24,"Golden Idol":9,"Mummified Hand":35,"Bloody Idol":53,"Tiny Chest":19,"MealTicket":24,"Philosopher\u0027s Stone":43,"Fusion Hammer":0,"PureWater":0}]},"card_choices":[{"not_picked":["ForeignInfluence","ThirdEye"],"picked":"JustLucky","floor":1},{"not_picked":["Crescendo","Protect"],"picked":"SashWhip","floor":2},{"not_picked":["FollowUp","Halt"],"picked":"Conclude","floor":3},{"not_picked":["Pray","EmptyBody"],"picked":"LessonLearned","floor":5},{"not_picked":["Study","JustLucky"],"picked":"Vengeance","floor":6},{"not_picked":["Worship","PathToVictory"],"picked":"BowlingBash","floor":8},{"not_picked":["Nirvana","PathToVictory"],"picked":"EmptyFist","floor":10},{"not_picked":["Collect","Weave","Conclude"],"picked":"SKIP","floor":11},{"not_picked":["Worship","JustLucky"],"picked":"FlurryOfBlows","floor":14},{"not_picked":["MasterReality","Alpha"],"picked":"Omniscience","floor":16},{"not_picked":["JustLucky","CrushJoints"],"picked":"Halt","floor":18},{"not_picked":["MasterReality","Evaluate"],"picked":"Consecrate","floor":19}],"player_experience":3041760,"relics_obtained":[{"floor":6,"key":"Tiny Chest"},{"floor":8,"key":"MealTicket"},{"floor":9,"key":"Regal Pillow"},{"floor":10,"key":"Darkstone Periapt"},{"floor":14,"key":"Mummified Hand"}],"event_choices":[{"damage_healed":0,"gold_gain":0,"player_choice":"Lose Max HP","damage_taken":0,"relics_obtained":["Golden Idol"],"max_hp_gain":0,"max_hp_loss":5,"event_name":"Golden Idol","floor":4,"gold_loss":0},{"damage_healed":0,"gold_gain":61,"player_choice":"Gained Gold","damage_taken":0,"max_hp_gain":0,"max_hp_loss":0,"event_name":"Golden Wing","floor":12,"gold_loss":0},{"damage_healed":0,"gold_gain":0,"player_choice":"Gave Idol","damage_taken":0,"relics_obtained":["Bloody Idol"],"max_hp_gain":0,"max_hp_loss":0,"event_name":"Forgotten Altar","floor":20,"relics_lost":["Golden Idol"],"gold_loss":0}],"is_beta":true,"boss_relics":[{"not_picked":["SacredBark","Tiny House"],"picked":"Philosopher\u0027s Stone"}],"items_purged_floors":[],"is_endless":false,"potions_floor_spawned":[1,3,10,16,19],"killed_by":"Shelled Parasite and Fungi","ascension_level":11}}