{"host":"jwbw4f4imxd0v0b0","time":1613374378,"event":{"mods":["BaseMod","Colored Map","Highlight Path","Minty Spire (QoL Compilation)","Relic Stats","StSLib"],"gold_per_floor":[114,114,125,141,191,191,225,225,225,240,265,282,298,28,28,102,102,121,133,58,38,58,89,89,120,120,131,162,182,217,227,227,301,301,315,315,329,345,355,386,386,72,124,124,124,153,53,72,72,72],"floor_reached":51,"language":"ENG","playtime":3322,"items_purged":["Strike_P","Writhe"],"score":1643,"play_id":"355d30a8-fee0-47b4-9c4d-a41be6a7ce3e","local_time":"20210215013258","is_ascension_mode":true,"campfire_choices":[{"data":"TalkToTheHand","floor":6.0,"key":"SMITH"},{"data":"Vigilance","floor":8.0,"key":"SMITH"},{"data":"Wallop","floor":15.0,"key":"SMITH"},{"data":"Omniscience","floor":24.0,"key":"SMITH"},{"floor":32.0,"key":"REST"},{"floor":41,"key":"REST"},{"data":"BattleHymn","floor":44,"key":"SMITH"},{"floor":49,"key":"REST"}],"circlet_count":0,"master_deck":["AscendersBane","Eruption+1","Vigilance+1","InnerPeace","TalkToTheHand+1","ClearTheMind","CutThroughFate+1","Halt","Wallop+1","BattleHymn+1","Omniscience+1","CutThroughFate+1","FlurryOfBlows","Wallop","Adaptation","Vault","Tantrum+1","MasterReality","CrushJoints","DeceiveReality","SashWhip","Vengeance","ClearTheMind","EmptyBody+1","Collect+1","Scrawl","Consecrate","ThirdEye+1","TalkToTheHand+1","FlurryOfBlows","MentalFortress"],"relics":["PureWater","PreservedInsect","Anchor","Matryoshka","Gambling Chip","Shuriken","Cursed Key","Omamori","Bag of Marbles","CloakClasp","Question Card","Darkstone Periapt","Pandora\u0027s Box","War Paint","DollysMirror","InkBottle","Whetstone","Meat on the Bone"],"acts_visited":["Exordium","TheCity","TheBeyond"],"potions_floor_usage":[50,50],"damage_taken":[{"damage":2.0,"enemies":"2 Louse","floor":1.0,"turns":2.0},{"damage":0.0,"enemies":"Cultist","floor":3.0,"turns":3.0},{"damage":3.0,"enemies":"Small Slimes","floor":4.0,"turns":6.0},{"damage":9.0,"enemies":"Lagavulin","floor":7.0,"turns":4.0},{"damage":4.0,"enemies":"Red Slaver","floor":10.0,"turns":4.0},{"damage":10.0,"enemies":"Gremlin Nob","floor":11.0,"turns":3.0},{"damage":4.0,"enemies":"Lots of Slimes","floor":12.0,"turns":6.0},{"damage":2.0,"enemies":"3 Louse","floor":13.0,"turns":2.0},{"damage":0.0,"enemies":"Slime Boss","floor":16.0,"turns":5.0},{"damage":11.0,"enemies":"Spheric Guardian","floor":18.0,"turns":3.0},{"damage":0.0,"enemies":"3 Byrds","floor":19.0,"turns":6.0},{"damage":0.0,"enemies":"Snecko","floor":22.0,"turns":5.0},{"damage":10.0,"enemies":"Book of Stabbing","floor":23.0,"turns":4.0},{"damage":2.0,"enemies":"Slavers","floor":25.0,"turns":3.0},{"damage":0.0,"enemies":"Centurion and Healer","floor":27.0,"turns":5.0},{"damage":0.0,"enemies":"Gremlin Leader","floor":28.0,"turns":3.0},{"damage":0.0,"enemies":"Shelled Parasite and Fungi","floor":29.0,"turns":2.0},{"damage":6.0,"enemies":"Slavers","floor":30.0,"turns":3.0},{"damage":0.0,"enemies":"Snecko","floor":31.0,"turns":2.0},{"damage":0.0,"enemies":"Champ","floor":33.0,"turns":7.0},{"damage":9.0,"enemies":"3 Shapes","floor":35.0,"turns":5.0},{"damage":0,"enemies":"3 Darklings","floor":37,"turns":4},{"damage":13,"enemies":"Transient","floor":38,"turns":5},{"damage":12,"enemies":"Maw","floor":39,"turns":6},{"damage":0,"enemies":"Giant Head","floor":40,"turns":5},{"damage":8,"enemies":"Reptomancer","floor":46,"turns":4},{"damage":20,"enemies":"Sphere and 2 Shapes","floor":48,"turns":8},{"damage":18,"enemies":"Time Eater","floor":50,"turns":5}],"seed_played":"2570741072715382556","potions_obtained":[{"floor":3.0,"key":"SteroidPotion"},{"floor":4.0,"key":"SpeedPotion"},{"floor":11.0,"key":"Ancient Potion"},{"floor":39,"key":"SteroidPotion"}],"is_trial":false,"path_per_floor":["M","?","M","M","?","R","E","R","T","M","E","M","M","$","R","B",null,"M","M","$","?","M","E","R","E","T","M","E","M","E","M","R","B",null,"M","?","M","M","M","E","R","$","T","R","?","E","$","M","R","B",null],"character_chosen":"WATCHER","items_purchased":["Shuriken","DollysMirror","FlurryOfBlows","MentalFortress"],"campfire_rested":3,"item_purchase_floors":[14,42,42,42],"current_hp_per_floor":[59,59,59,56,56,56,47,47,47,43,33,29,27,27,27,27,58,47,47,47,47,47,37,37,35,35,35,35,35,29,29,49,49,63,54,54,54,41,29,29,49,49,49,49,69,61,61,41,63,45],"gold":72,"neow_bonus":"RANDOM_COMMON_RELIC","is_daily":false,"chose_seed":false,"campfire_upgraded":5,"win_rate":0.0,"timestamp":1613374378,"path_taken":["M","?","M","M","?","R","E","R","T","M","E","M","M","$","R","BOSS","M","?","?","?","M","E","R","E","T","M","E","M","E","M","R","BOSS","M","?","M","?","M","E","R","?","T","R","?","E","$","?","R","BOSS"],"items_purchased_type":["Relic","Relic","Card","Card"],"build_version":"2020-12-22","purchased_purges":2,"victory":true,"max_hp_per_floor":[68,68,68,68,68,68,68,68,68,68,68,68,68,68,68,68,68,68,68,68,68,68,68,68,68,68,68,68,68,68,68,68,68,68,68,68,68,68,68,68,68,68,68,68,74,74,74,74,74,74],"relic_stats":{"Darkstone Periapt":6,"counters":[28,120],"PreservedInsect":416,"CloakClasp":[199],"Whetstone":["CutThroughFate","Tantrum"],"War Paint":["EmptyBody","Collect"],"Cursed Key":2,"Question Card":11,"Shuriken":[57],"Gambling Chip":[50],"Pandora\u0027s Box":["CrushJoints","DeceiveReality","SashWhip","Vengeance","ClearTheMind","EmptyBody","Collect"],"obtain_stats":[{"Darkstone Periapt":30,"PreservedInsect":0,"Omamori":23,"CloakClasp":26,"Whetstone":43,"War Paint":40,"Cursed Key":17,"Question Card":28,"Anchor":7,"Matryoshka":9,"Shuriken":14,"DollysMirror":42,"Gambling Chip":11,"Pandora\u0027s Box":34,"Bag of Marbles":26,"PureWater":0,"InkBottle":43,"Meat on the Bone":46},{"Darkstone Periapt":18,"PreservedInsect":0,"Omamori":13,"CloakClasp":14,"Whetstone":25,"War Paint":25,"Cursed Key":9,"Question Card":16,"Anchor":4,"Matryoshka":4,"Shuriken":8,"DollysMirror":25,"Gambling Chip":6,"Pandora\u0027s Box":20,"Bag of Marbles":14,"PureWater":0,"InkBottle":25,"Meat on the Bone":26},{"Darkstone Periapt":69,"PreservedInsect":0,"Omamori":53,"CloakClasp":56,"Whetstone":103,"War Paint":103,"Cursed Key":35,"Question Card":64,"Anchor":15,"Matryoshka":15,"Shuriken":30,"DollysMirror":103,"Gambling Chip":22,"Pandora\u0027s Box":78,"Bag of Marbles":56,"PureWater":0,"InkBottle":103,"Meat on the Bone":107}],"InkBottle":[6],"Meat on the Bone":0},"card_choices":[{"not_picked":["JustLucky","Prostrate"],"picked":"InnerPeace","floor":1.0},{"not_picked":["Prostrate","Evaluate"],"picked":"SashWhip","floor":3.0},{"not_picked":["Halt","Blasphemy"],"picked":"TalkToTheHand","floor":4.0},{"not_picked":["JustLucky","Indignation"],"picked":"ClearTheMind","floor":7.0},{"not_picked":["Weave","MentalFortress"],"picked":"CutThroughFate","floor":10.0},{"not_picked":["ClearTheMind","PathToVictory"],"picked":"Halt","floor":11.0},{"not_picked":["Fasting2","ClearTheMind"],"picked":"Wallop","floor":12.0},{"not_picked":["Vengeance","WaveOfTheHand"],"picked":"BattleHymn","floor":13.0},{"not_picked":["Scrawl","Blasphemy"],"picked":"Omniscience","floor":16.0},{"not_picked":["SashWhip","Fasting2","Prostrate"],"picked":"SKIP","floor":18.0},{"not_picked":["Collect","Crescendo"],"picked":"CutThroughFate+1","floor":19.0},{"not_picked":["Conclude","Collect","PathToVictory"],"picked":"SKIP","floor":22.0},{"not_picked":["CrushJoints","SashWhip+1","BattleHymn"],"picked":"SKIP","floor":23.0},{"not_picked":["Collect","SandsOfTime","ConjureBlade"],"picked":"SKIP","floor":25.0},{"not_picked":["Meditate+1","Crescendo"],"picked":"FlurryOfBlows","floor":27.0},{"not_picked":["PathToVictory","SandsOfTime"],"picked":"Wallop","floor":28.0},{"not_picked":["Conclude","ReachHeaven","ThirdEye"],"picked":"Adaptation","floor":29.0},{"not_picked":["BowlingBash","Halt","Adaptation"],"picked":"Vault","floor":30.0},{"not_picked":["BowlingBash+1","WheelKick","TalkToTheHand"],"picked":"Tantrum","floor":31.0},{"not_picked":["Brilliance","Scrawl","ConjureBlade"],"picked":"MasterReality","floor":33.0},{"not_picked":["Prostrate","Protect","JustLucky"],"picked":"Scrawl","floor":35.0},{"not_picked":["Meditate","Consecrate","CrushJoints+1","EmptyBody"],"picked":"SKIP","floor":37},{"not_picked":["ThirdEye","CrushJoints","InnerPeace+1"],"picked":"Consecrate","floor":38},{"not_picked":["WheelKick","CarveReality","Collect"],"picked":"ThirdEye+1","floor":39},{"not_picked":["Alpha","Adaptation","Prostrate+1","CarveReality"],"picked":"SKIP","floor":40},{"not_picked":["Crescendo+1","ForeignInfluence","FlyingSleeves","EmptyBody+1"],"picked":"SKIP","floor":46},{"not_picked":["FollowUp","FlurryOfBlows","Halt+1","BattleHymn"],"picked":"SKIP","floor":48}],"player_experience":1284290,"relics_obtained":[{"floor":7.0,"key":"Anchor"},{"floor":9.0,"key":"Matryoshka"},{"floor":11.0,"key":"Gambling Chip"},{"floor":23.0,"key":"Omamori"},{"floor":26.0,"key":"Bag of Marbles"},{"floor":26.0,"key":"CloakClasp"},{"floor":28.0,"key":"Question Card"},{"floor":30.0,"key":"Darkstone Periapt"},{"floor":40,"key":"War Paint"},{"floor":43,"key":"InkBottle"},{"floor":43,"key":"Whetstone"},{"floor":46,"key":"Meat on the Bone"}],"event_choices":[{"damage_healed":0.0,"max_hp_gain":0.0,"max_hp_loss":0.0,"gold_gain":0.0,"event_name":"Living Wall","player_choice":"Grow","floor":2.0,"gold_loss":0.0,"damage_taken":0.0,"cards_upgraded":["Eruption"]},{"damage_healed":0.0,"max_hp_gain":0.0,"max_hp_loss":0.0,"gold_gain":50.0,"event_name":"Golden Shrine","player_choice":"Pray","floor":5.0,"gold_loss":0.0,"damage_taken":0.0},{"damage_healed":0.0,"max_hp_gain":0.0,"max_hp_loss":0.0,"gold_gain":0.0,"event_name":"The Woman in Blue","player_choice":"Bought 1 Potion","floor":21.0,"gold_loss":0.0,"damage_taken":0.0},{"cards_removed":["SashWhip"],"damage_healed":0.0,"max_hp_gain":0.0,"max_hp_loss":0.0,"gold_gain":0.0,"event_name":"Purifier","player_choice":"Purged","floor":36.0,"gold_loss":0.0,"damage_taken":0.0},{"damage_healed":14,"gold_gain":0,"player_choice":"Writhe","damage_taken":0,"max_hp_gain":0,"max_hp_loss":0,"event_name":"Winding Halls","floor":45,"gold_loss":0,"cards_obtained":["Writhe"]}],"is_beta":false,"boss_relics":[{"not_picked":["Black Star","Ectoplasm"],"picked":"Cursed Key"},{"not_picked":["Runic Dome","SacredBark"],"picked":"Pandora\u0027s Box"}],"items_purged_floors":[20,47],"is_endless":false,"potions_floor_spawned":[3,4,11,13,16,18,22,23,28,35,38,39],"ascension_level":16}}