{"host":"tr12w2fixbnujl15","time":1613430119,"event":{"mods":["100% Spire Juice","2.2 Compatiblity","A Penny For Your Troubles","BaseMod","Better Skull","Better Vampires","BetterRewards","Bossed Relics","CapriCore","Clockwork Mod","Colored Powertips","Evolution","Gremlin Skip","Hermit","Hubris","Infinite Spire","JesterMod","Jorbs\u0027s Wanderer Trilogy","Kalas","KinomotoSakuraMod(????)","Koishi","Mad Scientist","Magitek Elite","Mathematician","Minty Spire (QoL Compilation)","Permanent Neow","Quick Restart","Reimu??????","Relic Filter","Reliquary","Remilia_Scarlet Moed?????·?????3.3.5","Replay The Spire","SOS???????","Shade Mod","Shop Mod","StSLib","SuperFastMode","The Accelerator","The Bug Knight","The Construct","The Cursed","The Hayseed","The Hierophant","The Immortal","The Mystic","The Necromancer","The Runesmith","The Sage","The Senshi","The Servant 0.9.4","The Spell Scribe","The Valiant","The Vixen","The Wild Card","TheFirefly","TheSwordswoman","TheVelvet","Transform Curses","WarShipGirlsR/????R mod","Yakumo Yukari mod","[IsaacMod]????"],"gold_per_floor":[113,126,126,138,154,154,114,126,179,189,207,61,236,130,10,112,112,132,0,0,0,16,50,50,50,50],"floor_reached":25,"language":"ENG","playtime":813,"items_purged":[],"score":265,"play_id":"d0be064f-399b-4f9e-b48f-7e2c4fbcf2bd","local_time":"20210215180159","is_ascension_mode":false,"campfire_choices":[{"floor":6,"key":"REST"},{"floor":15,"key":"REST"}],"circlet_count":0,"master_deck":["Moonworks:Strike","Moonworks:Strike+1","Moonworks:Strike","Moonworks:Strike","Moonworks:Defend","Moonworks:Defend","Moonworks:Defend","Moonworks:Defend","Moonworks:Ambush+1","Moonworks:LongDistanceShot","Moonworks:EvilSpyWorkPreparation","Moonworks:OutOfAmmo","Moonworks:RedAndBlue","Moonworks:JonathanRush","Moonworks:TacticalRetreat","Moonworks:IndiscriminateFireSupport","Doubt","Moonworks:IndiscriminateFireSupport","Moonworks:StarBlastingFuse","Moonworks:Flamethrower+1","Moonworks:Wanted","Moonworks:EvilSpyWorkPreparation+1","Moonworks:ScrambledEve"],"relics":["Moonworks:BrokenBomb","Moonworks:Homemark","EVO:Axolotl","HushsDoor","DeathBook","Gremlin Food","PaintedHorse:ReiMu","TheBean","MerchantsRug","Tiny House","Nloth\u0027s Gift","Void"],"acts_visited":["Exordium","TheCity"],"potions_floor_usage":[16],"damage_taken":[{"damage":7,"enemies":"Cultist","floor":1,"turns":6},{"damage":0,"enemies":"Small Slimes","floor":2,"turns":3},{"damage":7,"enemies":"Jaw Worm","floor":4,"turns":4},{"damage":11,"enemies":"Looter","floor":5,"turns":3},{"damage":19,"enemies":"3 Louse","floor":8,"turns":4},{"damage":2,"enemies":"Large Slime","floor":10,"turns":7},{"damage":24,"enemies":"Blue Slaver","floor":11,"turns":3},{"damage":0,"enemies":"3 Louse","floor":14,"turns":1},{"damage":0,"enemies":"Slime Boss","floor":16,"turns":7},{"damage":10,"enemies":"Spheric Guardian","floor":18,"turns":3},{"damage":0,"enemies":"3 Byrds","floor":22,"turns":3},{"damage":32,"enemies":"Replay:Snechameleon","floor":23,"turns":7},{"damage":0,"enemies":"3 Cultists","floor":25,"turns":1}],"seed_played":"-7571330684693643581","potions_obtained":[{"floor":1,"key":"AttackPotion"},{"floor":4,"key":"sagemod:Wine"},{"floor":11,"key":"Weak Potion"},{"floor":22,"key":"SpeedPotion"}],"is_trial":false,"path_per_floor":["M","M","?","M","M","R","?","M","T","M","M","$","?","M","R","B",null,"M","?","?","?","M","E","AVR","M"],"character_chosen":"THE_STARBREAKER","items_purchased":["MerchantsRug"],"campfire_rested":2,"item_purchase_floors":[12],"current_hp_per_floor":[53,53,53,46,35,53,53,34,34,32,8,8,8,8,26,26,60,50,50,50,50,50,18,18,18,18],"gold":50,"neow_bonus":"RANDOM_COMMON_RELIC","is_daily":false,"chose_seed":false,"campfire_upgraded":0,"win_rate":0.0,"timestamp":1613430119,"path_taken":["M","?","?","M","M","R","?","M","T","M","M","$","?","M","R","BOSS","M","?","?","?","M","E","AVR","M"],"items_purchased_type":["Relic"],"build_version":"2020-12-22","purchased_purges":0,"victory":false,"max_hp_per_floor":[60,60,60,60,60,60,60,60,60,60,60,60,60,60,60,60,60,60,60,60,60,60,60,60,60,60],"card_choices":[{"not_picked":[],"picked":"ChaosCard","floor":0},{"not_picked":["Moonworks:Assault","Moonworks:IntelligenceOfficer"],"picked":"Moonworks:EvilSpyWorkPreparation","floor":1},{"not_picked":["Moonworks:LulusLuckyEgg","Moonworks:Assault"],"picked":"Moonworks:OutOfAmmo","floor":2},{"not_picked":["Moonworks:CloudOfSeagulls","Moonworks:BigMagnum"],"picked":"Moonworks:RedAndBlue","floor":4},{"not_picked":["Moonworks:Dinner","Moonworks:DeployBits"],"picked":"Moonworks:JonathanRush","floor":5},{"not_picked":["Moonworks:Heat300Percent","Moonworks:LuckyCharm"],"picked":"Moonworks:TacticalRetreat","floor":8},{"not_picked":["Moonworks:SealedMemories","Moonworks:EvilSpyWorkPreparation"],"picked":"Moonworks:IndiscriminateFireSupport","floor":10},{"not_picked":["Moonworks:AngelHand","Moonworks:BigBangBell"],"picked":"Bomb","floor":11},{"not_picked":["Moonworks:RagingMadness","Moonworks:FullSpeedAlicianrone"],"picked":"Moonworks:IndiscriminateFireSupport","floor":14},{"not_picked":["Moonworks:EvilMastermind","Moonworks:RocketCannon"],"picked":"Moonworks:StarBlastingFuse","floor":16},{"not_picked":["Moonworks:ReproductionOfRecords","Moonworks:BigMagnum"],"picked":"Moonworks:Flamethrower+1","floor":18},{"not_picked":[],"picked":"Moonworks:Wanted","floor":20},{"not_picked":["Moonworks:ImOnFire","Moonworks:x16BigRocket"],"picked":"Moonworks:EvilSpyWorkPreparation+1","floor":22},{"not_picked":["Moonworks:ImmovableObject","Moonworks:CookingTime+1"],"picked":"Moonworks:ScrambledEve","floor":23}],"player_experience":119780,"relics_obtained":[{"floor":9,"key":"TheBean"},{"floor":23,"key":"Void"}],"event_choices":[{"damage_healed":0,"gold_gain":0,"player_choice":"Donate","damage_taken":0,"relics_obtained":["PaintedHorse:ReiMu"],"max_hp_gain":0,"max_hp_loss":0,"event_name":"yidonshenshe","floor":7,"gold_loss":40},{"damage_healed":0,"gold_gain":175,"player_choice":"AGREE","damage_taken":0,"max_hp_gain":0,"max_hp_loss":0,"event_name":"Liars Game","floor":13,"gold_loss":0,"cards_obtained":["Doubt"]},{"damage_healed":0,"gold_gain":0,"player_choice":"Paid Fearfully","damage_taken":0,"max_hp_gain":0,"max_hp_loss":0,"event_name":"Masked Bandits","floor":19,"gold_loss":132},{"damage_healed":0,"gold_gain":0,"player_choice":"Traded Relic","damage_taken":0,"relics_obtained":["Nloth\u0027s Gift"],"max_hp_gain":0,"max_hp_loss":0,"event_name":"N\u0027loth","floor":21,"relics_lost":["HushsDoor"],"gold_loss":0}],"is_beta":false,"boss_relics":[{"not_picked":["hubris:HollowSoul","hubris:RunicObelisk"],"picked":"Tiny House"},{"not_picked":[]}],"items_purged_floors":[],"is_endless":false,"potions_floor_spawned":[1,4,11,14,22],"killed_by":"3 Cultists","ascension_level":0}}