{"host":"ne5hixkhdtkevwwo","time":1613406890,"event":{"mods":["BaseMod","Colored Map","Downfall","Infinite Spire","Minty Spire (QoL Compilation)","Relic Stats","StSLib"],"gold_per_floor":[114,61,61,61,61,102,102,138,138,159,198,198,232,245,245,340,340,356,356,356,356,306,341,357,376,426,467,225,225,263,276,276,371,371,385,385,403,403,503,541,541,577,636,648,684,716,749,802,814,920,1027,1039,1070,1082,1114,1137,1224,1216,1216],"floor_reached":58,"language":"ENG","playtime":2602,"items_purged":["Pain","Defend_R"],"score":2345,"play_id":"b5ea9141-fabd-4813-a86a-723b6849eb40","local_time":"20210215173450","is_ascension_mode":true,"campfire_choices":[{"data":"Bludgeon","floor":7.0,"key":"SMITH"},{"data":"Shockwave","floor":15,"key":"SMITH"},{"data":"infinitespire:DeathsTouch","floor":32,"key":"SMITH"},{"data":"Offering","floor":41,"key":"SMITH"},{"floor":44,"key":"RECALL"},{"floor":49,"key":"REST"}],"circlet_count":0,"master_deck":["AscendersBane","Defend_R","Bash","Bludgeon+1","Shockwave+1","Whirlwind","Pummel","Headbutt","Offering+1","Shrug It Off","Twin Strike","Slimebound:Tackle+1","Slimebound:Tackle+1","Slimebound:Tackle+1","infinitespire:DeathsTouch+1","Ghostly Armor+1","Havoc+1","Havoc+1","Wild Strike+1","Reaper","Writhe","Inflame","Disarm+1","Flame Barrier+1","Exhume+1","Havoc+1","Whirlwind+1","CurseOfTheBell","CurseOfTheBell","downfall:Bewildered","Dark Embrace+1","Demon Form+1","Decay","True Grit+1","Shrug It Off+1","Spot Weakness+1","Demon Form+1","infinitespire:Collect+1","Shrug It Off+1"],"relics":["Burning Blood","Golden Idol","WarpedTongs","infinitespire:Lucky Rock","Bronze Scales","MealTicket","Bag of Preparation","infinitespire:BottledMercury","Prayer Wheel","Black Star","Blood Vial","Ginger","Toxic Egg 2","White Beast Statue","Ice Cream","Du-Vu Doll","Anchor","Gremlin Horn","Kunai","Molten Egg 2","Cursed Key","TheAbacus","downfall:ExtraCursedBell","Nunchaku","Paper Frog","champ:DeflectingBracers","Turnip","Frozen Egg 2","MawBank","Singing Bowl","Juzu Bracelet","Unceasing Top","Ancient Tea Set","Empty Cage"],"acts_visited":["Exordium","TheCity","TheBeyond","Exordium"],"potions_floor_usage":[8,11,13,16,27,35,48,50,51,58,58],"damage_taken":[{"damage":6.0,"enemies":"Small Slimes","floor":1.0,"turns":2.0},{"damage":32.0,"enemies":"Gremlin Nob","floor":6.0,"turns":4.0},{"damage":22,"enemies":"Lagavulin","floor":8,"turns":6},{"damage":1,"enemies":"Cultist","floor":10,"turns":2},{"damage":0,"enemies":"3 Sentries","floor":11,"turns":1},{"damage":10,"enemies":"Gremlin Nob","floor":13,"turns":3},{"damage":6,"enemies":"Jaw Worm","floor":14,"turns":3},{"damage":5,"enemies":"Slime Boss","floor":16,"turns":5},{"damage":2,"enemies":"3 Byrds","floor":18,"turns":3},{"damage":18,"enemies":"Book of Stabbing","floor":23,"turns":4},{"damage":12,"enemies":"Chosen","floor":24,"turns":2},{"damage":26,"enemies":"Shelled Parasite and Fungi","floor":25,"turns":3},{"damage":12,"enemies":"Slavers","floor":27,"turns":3},{"damage":24,"enemies":"Gremlin Leader","floor":30,"turns":4},{"damage":6,"enemies":"3 Cultists","floor":31,"turns":3},{"damage":18,"enemies":"Collector","floor":33,"turns":5},{"damage":13,"enemies":"3 Darklings","floor":35,"turns":3},{"damage":6,"enemies":"3 Shapes","floor":37,"turns":2},{"damage":30,"enemies":"Reptomancer","floor":40,"turns":3},{"damage":15,"enemies":"Giant Head","floor":42,"turns":2},{"damage":9,"enemies":"Transient","floor":45,"turns":6},{"damage":0,"enemies":"Sphere and 2 Shapes","floor":46,"turns":1},{"damage":2,"enemies":"Maw","floor":47,"turns":4},{"damage":62,"enemies":"Nightmare","floor":48,"turns":5},{"damage":43,"enemies":"Awakened One","floor":50,"turns":7},{"damage":55,"enemies":"Donu and Deca","floor":51,"turns":6},{"damage":9,"enemies":"Small Slimes","floor":53,"turns":2},{"damage":0,"enemies":"2 Louse","floor":55,"turns":1},{"damage":0,"enemies":"Cultist","floor":56,"turns":2},{"damage":107,"enemies":"Nightmare","floor":58,"turns":4}],"seed_played":"6810331670370526091","potions_obtained":[{"floor":6.0,"key":"infinitespire:BlackPotion"},{"floor":11,"key":"Slimebound:ThreeZeroPotion"},{"floor":14,"key":"Fire Potion"},{"floor":24,"key":"Fire Potion"},{"floor":25,"key":"Fire Potion"},{"floor":27,"key":"SpeedPotion"},{"floor":30,"key":"champ:CounterPotion"},{"floor":31,"key":"Strength Potion"},{"floor":35,"key":"DuplicationPotion"},{"floor":42,"key":"Block Potion"},{"floor":45,"key":"FairyPotion"},{"floor":48,"key":"FearPotion"},{"floor":50,"key":"EssenceOfSteel"},{"floor":51,"key":"CultistPotion"},{"floor":53,"key":"champ:CounterPotion"}],"is_trial":false,"path_per_floor":["M","$","?","?","?","E","R","E","T","M","E","T","E","M","R","B",null,"M","?","AVR","T","?","E","M","M","T","E","$","?","E","M","R","B",null,"M","?","M","AVR","?","E","R","E","T","R","M","M","M","NM","R","B","B",null,"M","?","M","M","?","NM"],"character_chosen":"IRONCLAD","items_purchased":["PowerPotion","Anchor"],"campfire_rested":1,"item_purchase_floors":[2,28],"current_hp_per_floor":[68,68,68,73,73,47,47,31,31,36,42,42,38,38,38,39,65,69,69,69,69,69,59,55,37,37,33,48,48,56,73,73,73,73,73,73,73,73,73,62,62,73,73,73,72,79,81,25,49,14,32,70,82,62,74,93,82,0,0],"gold":1216,"neow_bonus":"ONE_RANDOM_RARE_CARD","is_daily":false,"chose_seed":false,"campfire_upgraded":4,"win_rate":0.0,"timestamp":1613406890,"path_taken":["M","$","?","?","?","E","R","E","T","?","E","?","E","M","R","BOSS","M","?","AVR","?","?","E","M","?","T","E","?","?","E","M","R","BOSS","M","?","?","AVR","?","E","R","E","T","R","M","M","M","NM","R","BOSS","BOSS","M","?","M","M","?","NM"],"items_purchased_type":["Potion","Relic"],"build_version":"2020-12-22","purchased_purges":2,"victory":false,"max_hp_per_floor":[75,75,68,73,73,73,73,73,73,73,73,73,73,73,73,73,73,73,73,73,73,73,73,73,73,73,73,73,73,73,73,73,73,73,73,73,73,73,73,73,73,73,73,73,75,79,81,81,81,81,83,83,87,87,91,93,93,93,93],"relic_stats":{"Gremlin Horn":[23,23],"Singing Bowl":20,"counters":[30,101],"Golden Idol":206,"Bag of Preparation":[50],"Juzu Bracelet":0,"Ginger":[13],"Cursed Key":1,"MawBank":192,"Burning Blood":143,"WarpedTongs":[93],"Blood Vial":28,"Nunchaku":[7],"TheAbacus":[24],"Bronze Scales":[281],"MealTicket":15,"Prayer Wheel":13,"Turnip":[5],"Black Star":6,"Kunai":[16],"obtain_stats":[{"Ice Cream":27,"infinitespire:BottledMercury":12,"Gremlin Horn":29,"Singing Bowl":42,"Bag of Preparation":11,"Juzu Bracelet":43,"Ginger":21,"Cursed Key":34,"Ancient Tea Set":48,"Empty Cage":52,"Burning Blood":0,"Blood Vial":20,"Nunchaku":39,"TheAbacus":38,"MealTicket":9,"Prayer Wheel":13,"Kunai":30,"Toxic Egg 2":23,"downfall:ExtraCursedBell":39,"Paper Frog":39,"Golden Idol":3,"champ:DeflectingBracers":39,"infinitespire:Lucky Rock":6,"Frozen Egg 2":40,"MawBank":42,"White Beast Statue":23,"WarpedTongs":5,"Du-Vu Doll":27,"Anchor":28,"Bronze Scales":8,"Molten Egg 2":30,"Turnip":40,"Black Star":17,"Unceasing Top":48},{"Ice Cream":13,"infinitespire:BottledMercury":5,"Gremlin Horn":13,"Singing Bowl":20,"Bag of Preparation":5,"Juzu Bracelet":20,"Ginger":9,"Cursed Key":16,"Ancient Tea Set":24,"Empty Cage":26,"Burning Blood":0,"Blood Vial":9,"Nunchaku":18,"TheAbacus":18,"MealTicket":3,"Prayer Wheel":6,"Kunai":14,"Toxic Egg 2":10,"downfall:ExtraCursedBell":18,"Paper Frog":18,"Golden Idol":1,"champ:DeflectingBracers":18,"infinitespire:Lucky Rock":2,"Frozen Egg 2":19,"MawBank":20,"White Beast Statue":10,"WarpedTongs":1,"Du-Vu Doll":13,"Anchor":13,"Bronze Scales":3,"Molten Egg 2":14,"Turnip":19,"Black Star":8,"Unceasing Top":24},{"Ice Cream":41,"infinitespire:BottledMercury":15,"Gremlin Horn":41,"Singing Bowl":63,"Bag of Preparation":15,"Juzu Bracelet":63,"Ginger":29,"Cursed Key":53,"Ancient Tea Set":79,"Empty Cage":92,"Burning Blood":0,"Blood Vial":29,"Nunchaku":58,"TheAbacus":58,"MealTicket":12,"Prayer Wheel":18,"Kunai":45,"Toxic Egg 2":33,"downfall:ExtraCursedBell":58,"Paper Frog":58,"Golden Idol":2,"champ:DeflectingBracers":58,"infinitespire:Lucky Rock":6,"Frozen Egg 2":61,"MawBank":63,"White Beast Statue":33,"WarpedTongs":2,"Du-Vu Doll":41,"Anchor":41,"Bronze Scales":12,"Molten Egg 2":45,"Turnip":61,"Black Star":26,"Unceasing Top":79}],"Unceasing Top":[0]},"card_choices":[{"not_picked":["True Grit","Second Wind","Dropkick"],"picked":"SKIP","floor":1.0},{"not_picked":["Exhume","Body Slam"],"picked":"Shockwave","floor":6.0},{"not_picked":["Bloodletting","Exhume","Wild Strike"],"picked":"SKIP","floor":8},{"not_picked":["Rampage","Iron Wave"],"picked":"Whirlwind","floor":10},{"not_picked":["Uppercut","Wild Strike","Juggernaut"],"picked":"SKIP","floor":11},{"not_picked":["Blood for Blood","Warcry"],"picked":"Pummel","floor":13},{"not_picked":["Pommel Strike","True Grit"],"picked":"Headbutt","floor":14},{"not_picked":["Clash","Whirlwind","Warcry"],"picked":"SKIP","floor":14},{"not_picked":["Impervious","Immolate"],"picked":"Offering","floor":16},{"not_picked":["Clash","Entrench"],"picked":"Shrug It Off","floor":18},{"not_picked":["Bloodletting","Sword Boomerang"],"picked":"Twin Strike","floor":18},{"not_picked":["Clothesline","Clash"],"picked":"Ghostly Armor+1","floor":23},{"not_picked":["Cleave","Brutality"],"picked":"Havoc+1","floor":24},{"not_picked":["Perfected Strike","Clash"],"picked":"Havoc+1","floor":24},{"not_picked":["Cleave","Fiend Fire"],"picked":"Wild Strike+1","floor":25},{"not_picked":["Anger","Body Slam","Heavy Blade"],"picked":"SKIP","floor":25},{"not_picked":["Power Through+1","Headbutt"],"picked":"Reaper","floor":27},{"not_picked":["Twin Strike+1","Dropkick+1"],"picked":"Inflame","floor":30},{"not_picked":["Warcry+1","Rage+1"],"picked":"Disarm+1","floor":31},{"not_picked":["Warcry+1","Rage+1"],"picked":"Flame Barrier+1","floor":31},{"not_picked":["Double Tap+1","Feed+1"],"picked":"Exhume+1","floor":33},{"not_picked":["Sword Boomerang+1","Shrug It Off+1"],"picked":"Havoc+1","floor":35},{"not_picked":["Heavy Blade+1","Body Slam+1","Twin Strike+1"],"picked":"SKIP","floor":35},{"not_picked":["Pummel+1","Wild Strike+1"],"picked":"Whirlwind+1","floor":37},{"not_picked":["Dropkick+1","Twin Strike+1","Sword Boomerang+1"],"picked":"SKIP","floor":37},{"not_picked":["Spot Weakness+1","Burning Pact+1"],"picked":"Dark Embrace+1","floor":40},{"not_picked":["Second Wind+1","Iron Wave+1"],"picked":"Demon Form+1","floor":42},{"not_picked":["Uppercut+1","Dropkick+1"],"picked":"True Grit+1","floor":45},{"not_picked":["Twin Strike+1","Dark Embrace+1","Body Slam+1"],"picked":"Singing Bowl","floor":45},{"not_picked":["Reckless Charge+1","Whirlwind+1","True Grit+1"],"picked":"Singing Bowl","floor":46},{"not_picked":["Combust+1","Fire Breathing+1","Cleave+1"],"picked":"Singing Bowl","floor":46},{"not_picked":["Anger+1","Armaments+1"],"picked":"Shrug It Off+1","floor":47},{"not_picked":["Pommel Strike+1","Intimidate+1","Iron Wave+1"],"picked":"Singing Bowl","floor":47},{"not_picked":["Flex+1","Ghostly Armor+1"],"picked":"Spot Weakness+1","floor":48},{"not_picked":["Juggernaut+1","Barricade+1"],"picked":"Demon Form+1","floor":50},{"not_picked":["Immolate+1","Barricade+1","Demon Form+1"],"picked":"Singing Bowl","floor":51},{"not_picked":["Pommel Strike+1","Heavy Blade+1","Armaments+1"],"picked":"Singing Bowl","floor":53},{"not_picked":["Carnage+1","Inflame+1","Anger+1"],"picked":"Singing Bowl","floor":53},{"not_picked":["infinitespire:Fortify","infinitespire:Execution"],"picked":"infinitespire:Collect","floor":54},{"not_picked":["Intimidate+1","Warcry+1","Fire Breathing+1"],"picked":"Singing Bowl","floor":55},{"not_picked":["Thunderclap+1","Burning Pact+1","Dark Embrace+1"],"picked":"Singing Bowl","floor":55},{"not_picked":["Twin Strike+1","Havoc+1"],"picked":"Shrug It Off+1","floor":56},{"not_picked":["Pommel Strike+1","Havoc+1","Warcry+1"],"picked":"Singing Bowl","floor":56}],"player_experience":1065299,"relics_obtained":[{"floor":6.0,"key":"infinitespire:Lucky Rock"},{"floor":8,"key":"Bronze Scales"},{"floor":9,"key":"MealTicket"},{"floor":11,"key":"Bag of Preparation"},{"floor":12,"key":"infinitespire:BottledMercury"},{"floor":13,"key":"Prayer Wheel"},{"floor":21,"key":"Ginger"},{"floor":23,"key":"Toxic Egg 2"},{"floor":23,"key":"White Beast Statue"},{"floor":27,"key":"Ice Cream"},{"floor":27,"key":"Du-Vu Doll"},{"floor":30,"key":"Kunai"},{"floor":30,"key":"Molten Egg 2"},{"floor":39,"key":"Nunchaku"},{"floor":39,"key":"Paper Frog"},{"floor":39,"key":"champ:DeflectingBracers"},{"floor":40,"key":"Turnip"},{"floor":40,"key":"Frozen Egg 2"},{"floor":42,"key":"MawBank"},{"floor":42,"key":"Singing Bowl"},{"floor":43,"key":"Juzu Bracelet"},{"floor":48,"key":"Unceasing Top"},{"floor":48,"key":"Ancient Tea Set"}],"event_choices":[{"damage_healed":0.0,"max_hp_gain":0.0,"max_hp_loss":7.0,"gold_gain":0.0,"event_name":"Golden Idol","player_choice":"Lose Max HP","floor":3.0,"gold_loss":0.0,"damage_taken":0.0,"relics_obtained":["Golden Idol"]},{"damage_healed":0.0,"max_hp_gain":5.0,"max_hp_loss":0.0,"gold_gain":0.0,"event_name":"Big Fish","player_choice":"Donut","floor":4.0,"gold_loss":0.0,"damage_taken":0.0},{"damage_healed":0.0,"max_hp_gain":0.0,"max_hp_loss":0.0,"gold_gain":0.0,"event_name":"Accursed Blacksmith","player_choice":"Rummage","floor":5.0,"gold_loss":0.0,"damage_taken":0.0,"relics_obtained":["WarpedTongs"],"cards_obtained":["Pain"]},{"damage_healed":0,"gold_gain":0,"player_choice":"Bet on Murderer","damage_taken":0,"max_hp_gain":0,"max_hp_loss":0,"event_name":"The Joust","floor":22,"gold_loss":50},{"damage_healed":0,"gold_gain":0,"player_choice":"Opened","damage_taken":0,"relics_obtained":["Gremlin Horn"],"max_hp_gain":0,"max_hp_loss":0,"event_name":"The Mausoleum","floor":29,"gold_loss":0,"cards_obtained":["Writhe"]},{"damage_healed":0,"gold_gain":0,"player_choice":"Ignored","damage_taken":0,"max_hp_gain":0,"max_hp_loss":0,"event_name":"SecretPortal","floor":36,"gold_loss":0},{"damage_healed":0,"gold_gain":75,"player_choice":"Gather Gold","damage_taken":11,"max_hp_gain":0,"max_hp_loss":0,"event_name":"World of Goop","floor":57,"gold_loss":0}],"is_beta":false,"boss_relics":[{"not_picked":["Fusion Hammer","Pandora\u0027s Box"],"picked":"Black Star"},{"not_picked":["Runic Pyramid","Runic Dome"],"picked":"Cursed Key"},{"not_picked":["Sozu","Tiny House"],"picked":"Empty Cage"}],"items_purged_floors":[20,28],"is_endless":true,"potions_floor_spawned":[6,11,14,24,25,27,30,31,33,35,37,40,42,45,46,47,48,50,51,53,55,56],"killed_by":"Nightmare","ascension_level":20}}