{"host":"l7l2v2zs4hqku4vk","time":1613388340,"event":{"mods":["Act Like it!","BaseMod","Colored Powertips","Downfall","Highlight Path","Minty Spire (QoL Compilation)","Replay The Spire","RumiaBox-露米娅的神秘盒子","StSLib","TestMod","The Servant 0.9.4","篝火指南"],"gold_per_floor":[99,99,24,24,24,24,101,133,133,152,152,164,164,179,197,300,300,300,324,324,75,106,106,106,141,165,185,185,185,227,55,93,216,216,216,246,246,275,275,330,330,356,387,387,30,86,137,172,246,274],"floor_reached":51,"language":"ZHS","playtime":5806,"items_purged":["Guardian:Strike_Guardian","Guardian:Strike_Guardian","Hallucinations"],"score":1018,"play_id":"7fe939db-d541-47fa-a19b-a05300581484","local_time":"20210215192540","is_ascension_mode":true,"campfire_choices":[{"data":"Guardian:TwinSlam","floor":1,"key":"SMITH"},{"data":"Guardian:Planning","floor":6,"key":"SMITH"},{"data":"Guardian:FloatingOrbs","floor":9,"key":"SMITH"},{"data":"Guardian:Planning","floor":23,"key":"SMITH"},{"data":"Guardian:CrystalBeam","floor":29,"key":"SMITH"},{"data":"Guardian:ConstructionForm","floor":35,"key":"SMITH"}],"circlet_count":0,"master_deck":["Guardian:Planning+1","Guardian:FloatingOrbs+1","Guardian:TimeCapacitor","Guardian:PrimingBeam","Guardian:Planning+1","Guardian:RevengeProtocol","Guardian:Gem_Green","Guardian:CrystalBeam+1","Guardian:TimeSifter+1","Guardian:VentSteam","Guardian:FloatingOrbs","Guardian:ShieldSpikes+1","Guardian:TemporalShield+1","Guardian:ConstructionForm+1","Guardian:ConstructionForm+1","Guardian:RevengeProtocol+1","Guardian:RevengeProtocol+1","Guardian:SphericShield","Guardian:FastForward+1","Guardian:RevengeProtocol","Guardian:RevengeProtocol","Guardian:FastForward","Replay:Sssssssssshield","Guardian:Gem_Synthetic","expansioncontent:Chronoboost","expansioncontent:Chronoboost","expansioncontent:LastStand","Guardian:PrismaticBarrier+1","Guardian:TimeBomb","Guardian:PrismaticBeam"],"relics":["Guardian:ModeShifterPlus","testmod-TestBox","testmod-BlackFramedGlasses","downfall:HeartsMalice","Potion Belt","Mercury Hourglass","GodSword6","Guardian:PickAxe","testmod-DeterminationOfClimber","Ccalipers","testmod-CasingShield","testmod-Déjàvu","Blood Vial","testmod-AssaultLearning","SumBook","Guide Book","Ring of Hypnosis","Bag of Preparation","testmod-RealStoneCalender"],"acts_visited":["Exordium","TheCity","TheBeyond"],"potions_floor_usage":[16,16,27,46],"damage_taken":[{"damage":0,"enemies":"Cultist","floor":2,"turns":1},{"damage":0,"enemies":"downfall:FleeingMerchant","floor":3,"turns":1},{"damage":0,"enemies":"2 Louse","floor":5,"turns":1},{"damage":10,"enemies":"3 Sentries","floor":8,"turns":7},{"damage":1,"enemies":"Small Slimes","floor":10,"turns":3},{"damage":0,"enemies":"Small Slimes","floor":11,"turns":4},{"damage":7,"enemies":"Blue Slaver","floor":12,"turns":4},{"damage":4,"enemies":"Gremlin Gang","floor":14,"turns":4},{"damage":0,"enemies":"3 Louse","floor":15,"turns":3},{"damage":18,"enemies":"IC_STATUS_ARCHETYPE","floor":16,"turns":9},{"damage":0,"enemies":"3 Byrds","floor":19,"turns":2},{"damage":0,"enemies":"downfall:FleeingMerchant","floor":21,"turns":4},{"damage":0,"enemies":"Spheric Guardian","floor":22,"turns":4},{"damage":0,"enemies":"Replay:Snechameleon","floor":25,"turns":3},{"damage":0,"enemies":"Snake Plant","floor":26,"turns":2},{"damage":6,"enemies":"Shelled Parasite and Fungi","floor":27,"turns":3},{"damage":0,"enemies":"Slavers","floor":30,"turns":3},{"damage":0,"enemies":"downfall:FleeingMerchant","floor":31,"turns":4},{"damage":0,"enemies":"Sentry and Sphere","floor":32,"turns":2},{"damage":0,"enemies":"WA_ARCHETYPE_CALM","floor":33,"turns":3},{"damage":0,"enemies":"Orb Walker","floor":36,"turns":2},{"damage":0,"enemies":"3 Darklings","floor":38,"turns":4},{"damage":0,"enemies":"Nemesis","floor":40,"turns":3},{"damage":0,"enemies":"Jaw Worm Horde","floor":42,"turns":3},{"damage":0,"enemies":"Sphere and 2 Shapes","floor":43,"turns":4},{"damage":0,"enemies":"Maw","floor":46,"turns":2},{"damage":0,"enemies":"R_Hoarder","floor":47,"turns":3},{"damage":0,"enemies":"4 Shapes","floor":48,"turns":2},{"damage":0,"enemies":"Transient","floor":49,"turns":5},{"damage":0,"enemies":"DF_ARCHETYPE_ORBS","floor":50,"turns":5}],"seed_played":"2780503522394244282","potions_obtained":[{"floor":8,"key":"BlessingOfTheForge"},{"floor":10,"key":"testmod-TimePotion"},{"floor":12,"key":"Cursed Concoction"},{"floor":13,"key":"LifebloodPotion"},{"floor":13,"key":"bronze:BurnAndBuffPotion"},{"floor":22,"key":"Flashbang"},{"floor":27,"key":"Fire Potion"},{"floor":33,"key":"LiquidBronze"},{"floor":46,"key":"BlessingOfTheForge"},{"floor":48,"key":"Dexterity Potion"}],"is_trial":false,"path_per_floor":["R","M","$","?","M","R","T","E","R","M","?","M","?","M","M","B",null,"R","M","?","$","M","R","T","E","M","M","?","R","E","$","M","B",null,"R","M","?","M","?","E","T","M","M","?","$","M","E","M","M","B",null],"character_chosen":"GUARDIAN","items_purchased":["Ccalipers","SumBook","Guide Book","Replay:Sssssssssshield","Bag of Preparation","testmod-SpacePotion"],"campfire_rested":0,"item_purchase_floors":[21,31,31,31,45,45],"current_hp_per_floor":[80,80,80,73,74,74,74,71,71,73,29,26,26,26,29,20,80,80,80,72,80,80,80,80,80,80,80,80,80,80,80,80,80,80,80,80,80,80,70,80,80,80,80,80,80,80,80,80,80,80],"gold":274,"neow_bonus":"THREE_ENEMY_KILL","is_daily":false,"chose_seed":false,"campfire_upgraded":6,"win_rate":0.0,"timestamp":1613388340,"path_taken":["R","M","$","?","M","R","T","E","R","M","?","M","?","M","M","BOSS","R","M","?","?","M","R","T","E","M","M","?","R","E","$","M","BOSS","R","M","?","?","?","E","T","M","M","?","$","M","E","M","M","BOSS"],"items_purchased_type":["Relic","Relic","Relic","Card","Relic","Potion"],"build_version":"2020-12-22","purchased_purges":3,"victory":true,"max_hp_per_floor":[80,80,80,80,80,80,80,80,80,80,80,80,80,80,80,80,80,80,80,80,80,80,80,80,80,80,80,80,80,80,80,80,80,80,80,80,80,80,80,80,80,80,80,80,80,80,80,80,80,80],"card_choices":[{"not_picked":["Guardian:Gem_Lightblue","Guardian:Gem_Red"],"picked":"Guardian:PiercingHide","floor":2},{"not_picked":["Guardian:CrystalBeam","Guardian:GuardianWhirl"],"picked":"Guardian:Planning","floor":3},{"not_picked":["Guardian:SpikerProtocol","Guardian:TemporalStrike"],"picked":"Guardian:Gem_Green","floor":5},{"not_picked":["Guardian:Repulse","Guardian:Recover"],"picked":"Guardian:FloatingOrbs","floor":8},{"not_picked":["Guardian:GuardianWhirl","Guardian:Planning"],"picked":"Guardian:TimeCapacitor","floor":10},{"not_picked":["Guardian:Gem_Green","Guardian:ShieldCharger"],"picked":"Guardian:PrimingBeam","floor":12},{"not_picked":["Guardian:PrimingBeam","Guardian:RefractedBeam"],"picked":"Guardian:Planning","floor":14},{"not_picked":["Guardian:EvasiveProtocol","Guardian:Planning","Guardian:Gem_Lightblue"],"picked":"SKIP","floor":15},{"not_picked":["Guardian:StasisField","Guardian:FierceBash"],"picked":"Guardian:RevengeProtocol","floor":16},{"not_picked":["Guardian:Gem_Blue","Guardian:Gem_Green"],"picked":"Guardian:CrystalBeam","floor":19},{"not_picked":["Guardian:Suspension","Guardian:BronzeOrb"],"picked":"Guardian:TimeSifter","floor":21},{"not_picked":["Guardian:Gem_Lightblue","Guardian:Gem_Green"],"picked":"Guardian:VentSteam","floor":22},{"not_picked":["Guardian:Gem_Red","Guardian:ChargeCore"],"picked":"Guardian:FloatingOrbs","floor":25},{"not_picked":["Guardian:VentSteam","Guardian:WalkerClaw","Guardian:SentryBeam"],"picked":"SKIP","floor":26},{"not_picked":["Guardian:VentSteam","Guardian:PolyBeam"],"picked":"Guardian:ShieldSpikes+1","floor":27},{"not_picked":["Guardian:Planning","Guardian:PrimingBeam"],"picked":"Guardian:TemporalShield+1","floor":30},{"not_picked":["Guardian:Gem_Green","Guardian:ShieldSpikes"],"picked":"Guardian:ConstructionForm","floor":31},{"not_picked":["Guardian:RefractedBeam","Guardian:WalkerClaw","Guardian:Gem_Green"],"picked":"SKIP","floor":32},{"not_picked":["Guardian:Gem_Orange","Guardian:HyperBeam_Guardian"],"picked":"Guardian:Gem_Synthetic","floor":33},{"not_picked":["Guardian:TemporalStrike","Guardian:ShieldSpikes+1","Guardian:SpikerProtocol+1"],"picked":"SKIP","floor":36},{"not_picked":["Guardian:SentryBeam+1","Guardian:Gem_Cyan","Guardian:BronzeOrb+1"],"picked":"SKIP","floor":38},{"not_picked":["expansioncontent:InvincibleStrength","Replay:SS_hec_1"],"picked":"expansioncontent:Chronoboost","floor":39},{"not_picked":["expansioncontent:PrepareCrush","expansioncontent:PolyBeam"],"picked":"expansioncontent:Chronoboost","floor":39},{"not_picked":["expansioncontent:PrepareCrush","Replay:SS_hec_1"],"picked":"expansioncontent:LastStand","floor":39},{"not_picked":["Guardian:CrystalBeam+1","Guardian:Gem_Lightblue"],"picked":"Guardian:PrismaticBarrier+1","floor":40},{"not_picked":["Guardian:TemporalStrike+1","Guardian:PrimingBeam+1"],"picked":"Guardian:TimeBomb","floor":42},{"not_picked":["Guardian:ArmoredProtocol","Guardian:TemporalShield+1","Guardian:TemporalStrike"],"picked":"SKIP","floor":43},{"not_picked":["Guardian:TemporalShield+1","Guardian:BronzeOrb","Guardian:Incinerate+1"],"picked":"SKIP","floor":46},{"not_picked":["Guardian:PolyBeam+1","Guardian:Repulse+1","Guardian:WalkerClaw"],"picked":"SKIP","floor":47},{"not_picked":["Guardian:CrystalBeam+1","Guardian:Gem_Red"],"picked":"Guardian:PrismaticBeam","floor":48},{"not_picked":["Guardian:Gem_Green","Guardian:PrimingBeam+1","Guardian:Incinerate+1"],"picked":"SKIP","floor":49}],"player_experience":1796918,"relics_obtained":[{"floor":7,"key":"Mercury Hourglass"},{"floor":8,"key":"GodSword6"},{"floor":24,"key":"testmod-CasingShield"},{"floor":25,"key":"testmod-Déjàvu"},{"floor":30,"key":"testmod-AssaultLearning"},{"floor":44,"key":"Ring of Hypnosis"},{"floor":47,"key":"testmod-RealStoneCalender"}],"event_choices":[{"damage_healed":0,"gold_gain":0,"player_choice":"Success","damage_taken":7,"relics_obtained":["Potion Belt"],"max_hp_gain":0,"max_hp_loss":0,"event_name":"Scrap Ooze","floor":4,"gold_loss":0},{"damage_healed":0,"gold_gain":0,"player_choice":"Got Potions","damage_taken":0,"max_hp_gain":0,"max_hp_loss":0,"event_name":"Lab","floor":13,"gold_loss":0},{"cards_removed":["Guardian:PiercingHide"],"damage_healed":5,"gold_gain":0,"player_choice":"Offered Common","damage_taken":0,"max_hp_gain":0,"max_hp_loss":0,"event_name":"Bonfire Elementals","floor":37,"gold_loss":0},{"cards_removed":["Guardian:PiercingHide"],"damage_healed":5,"gold_gain":0,"player_choice":"Offered Special","damage_taken":0,"max_hp_gain":0,"max_hp_loss":0,"event_name":"Bonfire Elementals","floor":37,"gold_loss":0}],"is_beta":false,"boss_relics":[{"not_picked":["testmod-Recursion","testmod-Prudence"],"picked":"testmod-DeterminationOfClimber"},{"not_picked":["testmod-BatchProcessingSystem","Pandora\u0027s Box"],"picked":"Guardian:ModeShifterPlus"}],"items_purged_floors":[3,21,45],"is_endless":false,"potions_floor_spawned":[8,10,11,12,22,27,33,36,40,46,48],"ascension_level":1}}