{"host":"v86vpwf004p2esb7","time":1613424364,"event":{"mods":["AchievementEnabler","BaseMod","BetterRewards","Colored Powertips","Minty Spire (QoL Compilation)","Quick Restart","StSLib","Transform Curses"],"gold_per_floor":[110,124,137,137,137,163,163],"floor_reached":6,"language":"ENG","playtime":288,"items_purged":[],"score":51,"play_id":"19de60b8-e0bd-461a-b381-809d0eabf35a","local_time":"20210215132604","is_ascension_mode":true,"campfire_choices":[],"circlet_count":0,"master_deck":["Strike_G","Strike_G","Strike_G","Strike_G","Strike_G","Defend_G","Defend_G","Defend_G","Defend_G","Defend_G","Survivor","Neutralize","Terror+1","Dodge and Roll+1","Blade Dance+1"],"relics":["Ring of the Snake","Toxic Egg 2","Calipers","Dead Branch","Ancient Tea Set"],"acts_visited":["Exordium"],"potions_floor_usage":[],"damage_taken":[{"damage":7,"enemies":"Jaw Worm","floor":1,"turns":5},{"damage":0,"enemies":"2 Louse","floor":2,"turns":2},{"damage":0,"enemies":"Cultist","floor":3,"turns":3},{"damage":6,"enemies":"Lagavulin","floor":6,"turns":7}],"seed_played":"-6866692897433982657","potions_obtained":[{"floor":3,"key":"GamblersBrew"},{"floor":6,"key":"Strength Potion"}],"is_trial":false,"path_per_floor":["M","M","M","?","?","E"],"character_chosen":"THE_SILENT","items_purchased":["Toxic Egg 2"],"campfire_rested":0,"item_purchase_floors":[0],"current_hp_per_floor":[31,31,31,31,31,25,25],"gold":163,"neow_bonus":"","is_daily":false,"chose_seed":false,"campfire_upgraded":0,"win_rate":0.0,"timestamp":1613424364,"path_taken":["M","M","M","?","?","E"],"items_purchased_type":["Relic"],"build_version":"2020-12-22","purchased_purges":0,"victory":false,"max_hp_per_floor":[70,70,70,70,70,70,70],"card_choices":[{"not_picked":["Heel Hook","Deflect+1"],"picked":"Terror+1","floor":1},{"not_picked":["Skewer","Infinite Blades"],"picked":"Dodge and Roll+1","floor":2},{"not_picked":["Masterful Stab","Flying Knee"],"picked":"Blade Dance+1","floor":3}],"player_experience":283060,"relics_obtained":[{"floor":6,"key":"Ancient Tea Set"}],"event_choices":[{"damage_healed":0,"gold_gain":0,"player_choice":"Ignored","damage_taken":0,"max_hp_gain":0,"max_hp_loss":0,"event_name":"Golden Wing","floor":4,"gold_loss":0},{"damage_healed":0,"gold_gain":0,"player_choice":"Ignored","damage_taken":0,"max_hp_gain":0,"max_hp_loss":0,"event_name":"Purifier","floor":5,"gold_loss":0}],"is_beta":false,"boss_relics":[],"items_purged_floors":[],"is_endless":false,"potions_floor_spawned":[3,6],"killed_by":"Lagavulin","ascension_level":2}}