{"host":"1mv6gj0zv8k9e9tz","time":1613403028,"event":{"mods":["AchievementEnabler","BaseMod","Better Third Choice","Colored Map","DeckTracker","Highlight Path","KOR Keyword Fix","Keyboard Shortcuts","Minty Spire (QoL Compilation)","Permanent Neow","Quick Restart","Rare Cards Sparkle","StSLib","SuperFastMode","everything is the same but u backflip on backflip"],"gold_per_floor":[365,43,56,71,71,71,81,95,147,158,158,1,1,33,33,110,110,125,125,136,148,162,162,189,189,189,205,231,241,241,254,254,330,330,347,347,372,205,205,205,216,25,48,48,48,81,12,12,12],"floor_reached":48,"language":"KOR","playtime":1190,"items_purged":["Strike_G"],"score":1100,"play_id":"ac284dcd-c3bc-40ef-95dc-e1d9ffe1a76d","local_time":"20210216003028","is_ascension_mode":true,"campfire_choices":[{"data":"Bouncing Flask","floor":6.0,"key":"SMITH"},{"data":"Catalyst","floor":11.0,"key":"SMITH"},{"data":"Crippling Poison","floor":13.0,"key":"SMITH"},{"data":"Noxious Fumes","floor":15.0,"key":"SMITH"},{"floor":23.0,"key":"REST"},{"data":"Bullet Time","floor":25.0,"key":"SMITH"},{"data":"Footwork","floor":30.0,"key":"SMITH"},{"data":"Deadly Poison","floor":32.0,"key":"SMITH"},{"data":"Neutralize","floor":40.0,"key":"SMITH"},{"floor":44.0,"key":"RECALL"},{"floor":45.0,"key":"REST"}],"circlet_count":0,"master_deck":["AscendersBane","Strike_G","Strike_G","Strike_G","Strike_G","Defend_G","Defend_G","Defend_G","Defend_G","Defend_G","Survivor","Neutralize+1","Footwork+1","Bouncing Flask+1","Backflip","Noxious Fumes+1","Catalyst+1","Leg Sweep","Crippling Poison+1","Corpse Explosion","Bullet Time+1","Dodge and Roll","Calculated Gamble","Bullet Time","Leg Sweep","Deadly Poison+1","Venomology","Dodge and Roll","Tactician+1","Backflip","PiercingWail+1","PiercingWail","Footwork"],"relics":["Ring of the Snake","Blood Vial","PreservedInsect","Mercury Hourglass","SlaversCollar","Regal Pillow","Potion Belt","Omamori","Philosopher\u0027s Stone","WingedGreaves","Medical Kit","Membership Card","TungstenRod"],"acts_visited":["Exordium","TheCity","TheBeyond"],"potions_floor_usage":[48],"damage_taken":[{"damage":13.0,"enemies":"Jaw Worm","floor":1.0,"turns":7.0},{"damage":0.0,"enemies":"Small Slimes","floor":3.0,"turns":5.0},{"damage":5.0,"enemies":"2 Louse","floor":4.0,"turns":3.0},{"damage":0.0,"enemies":"Large Slime","floor":7.0,"turns":6.0},{"damage":1.0,"enemies":"Red Slaver","floor":8.0,"turns":4.0},{"damage":0.0,"enemies":"Looter","floor":10.0,"turns":3.0},{"damage":8.0,"enemies":"Gremlin Nob","floor":14.0,"turns":3.0},{"damage":25.0,"enemies":"The Guardian","floor":16.0,"turns":7.0},{"damage":0.0,"enemies":"Shell Parasite","floor":18.0,"turns":2.0},{"damage":3.0,"enemies":"Spheric Guardian","floor":20.0,"turns":3.0},{"damage":20.0,"enemies":"Snake Plant","floor":21.0,"turns":7.0},{"damage":24.0,"enemies":"Sentry and Sphere","floor":22.0,"turns":4.0},{"damage":0.0,"enemies":"Slavers","floor":24.0,"turns":1.0},{"damage":8.0,"enemies":"Cultist and Chosen","floor":27.0,"turns":4.0},{"damage":12.0,"enemies":"Book of Stabbing","floor":28.0,"turns":4.0},{"damage":0.0,"enemies":"Centurion and Healer","floor":29.0,"turns":8.0},{"damage":0.0,"enemies":"3 Cultists","floor":31.0,"turns":3.0},{"damage":9.0,"enemies":"Collector","floor":33.0,"turns":5.0},{"damage":16.0,"enemies":"3 Darklings","floor":35.0,"turns":3.0},{"damage":2.0,"enemies":"Mind Bloom Boss Battle","floor":37.0,"turns":6.0},{"damage":7.0,"enemies":"3 Shapes","floor":41.0,"turns":2.0},{"damage":35.0,"enemies":"Giant Head","floor":46.0,"turns":7.0},{"damage":32,"enemies":"Spire Growth","floor":48,"turns":5}],"seed_played":"-1330937001638855708","potions_obtained":[{"floor":1.0,"key":"Energy Potion"},{"floor":7.0,"key":"AttackPotion"},{"floor":8.0,"key":"Fire Potion"},{"floor":14.0,"key":"Swift Potion"},{"floor":22.0,"key":"Explosive Potion"},{"floor":24.0,"key":"Fruit Juice"},{"floor":27.0,"key":"GamblersBrew"},{"floor":28.0,"key":"Energy Potion"},{"floor":41.0,"key":"Energy Potion"}],"is_trial":false,"path_per_floor":["M","$","M","M","?","R","M","M","T","M","R","$","R","E","R","B",null,"M","?","M","M","M","R","E","R","T","M","E","M","R","M","R","B",null,"M","?","?","$","?","R","M","$","T","R","R","E","$","M"],"character_chosen":"THE_SILENT","items_purchased":["Bouncing Flask","Backflip","Dagger Spray","Noxious Fumes","PreservedInsect","Medical Kit","Membership Card","Backflip","PiercingWail","Footwork"],"campfire_rested":2,"item_purchase_floors":[2,2,2,2,12,38,42,42,47,47],"current_hp_per_floor":[46,46,46,41,41,41,41,40,40,42,42,42,42,36,36,13,48,50,50,49,31,9,27,34,34,34,28,18,20,20,22,22,15,53,39,39,39,39,39,39,34,34,34,34,65,30,30,0,0],"gold":12,"neow_bonus":"TWO_FIFTY_GOLD","is_daily":false,"chose_seed":false,"campfire_upgraded":8,"win_rate":0.0,"timestamp":1613403028,"path_taken":["M","$","M","M","?","R","M","M","T","M","R","$","R","E","R","BOSS","M","?","M","M","M","R","E","R","T","M","E","M","R","M","R","BOSS","M","?","?","$","?","R","M","$","T","R","R","E","$","M"],"items_purchased_type":["Card","Card","Card","Card","Relic","Relic","Relic","Card","Card","Card"],"build_version":"2020-12-22","purchased_purges":1,"victory":false,"max_hp_per_floor":[60,60,60,60,60,60,60,60,60,60,60,60,60,60,60,60,60,60,60,60,60,60,60,65,65,65,65,65,65,65,65,65,65,65,65,65,65,65,65,65,65,65,65,65,65,65,65,65,65],"card_choices":[{"not_picked":["Tactician","Dagger Throw"],"picked":"Footwork","floor":1.0},{"not_picked":["Acrobatics","Distraction"],"picked":"Catalyst","floor":3.0},{"not_picked":["Acrobatics","Dagger Throw","Slice"],"picked":"SKIP","floor":4.0},{"not_picked":["Poisoned Stab","Choke"],"picked":"Leg Sweep","floor":7.0},{"not_picked":["Deflect","Sucker Punch","Unload"],"picked":"SKIP","floor":8.0},{"not_picked":["Dodge and Roll","Acrobatics"],"picked":"Crippling Poison","floor":10.0},{"not_picked":["Blade Dance","Bouncing Flask"],"picked":"Corpse Explosion","floor":14.0},{"not_picked":["After Image","Storm of Steel"],"picked":"Bullet Time","floor":16.0},{"not_picked":["Dagger Throw","Noxious Fumes","Acrobatics"],"picked":"SKIP","floor":18.0},{"not_picked":["Dagger Throw","Noxious Fumes","Acrobatics"],"picked":"SKIP","floor":18.0},{"not_picked":["Quick Slash","Concentrate"],"picked":"Dodge and Roll","floor":20.0},{"not_picked":["Expertise","Sucker Punch","Infinite Blades"],"picked":"SKIP","floor":21.0},{"not_picked":["Blade Dance","Riddle With Holes"],"picked":"Calculated Gamble","floor":22.0},{"not_picked":["Noxious Fumes","Caltrops"],"picked":"Bullet Time","floor":24.0},{"not_picked":["Backstab","Finisher+1","Leg Sweep"],"picked":"SKIP","floor":27.0},{"not_picked":["Backstab","Finisher+1"],"picked":"Leg Sweep","floor":27.0},{"not_picked":["Flying Knee","Prepared","Dagger Throw"],"picked":"SKIP","floor":28.0},{"not_picked":["Poisoned Stab","Slice","Distraction"],"picked":"SKIP","floor":29.0},{"not_picked":["Outmaneuver+1","Deflect"],"picked":"Deadly Poison","floor":31.0},{"not_picked":["After Image","Malaise"],"picked":"Venomology","floor":33.0},{"not_picked":["Endless Agony","Dagger Throw","Blade Dance"],"picked":"SKIP","floor":35.0},{"not_picked":["Setup","Blade Dance"],"picked":"Dodge and Roll","floor":37.0},{"not_picked":["Dagger Spray+1","Quick Slash"],"picked":"Tactician+1","floor":41.0},{"not_picked":["Slice","Envenom"],"picked":"PiercingWail+1","floor":46.0}],"player_experience":652669,"relics_obtained":[{"floor":9.0,"key":"Blood Vial"},{"floor":14.0,"key":"Mercury Hourglass"},{"floor":24.0,"key":"Regal Pillow"},{"floor":26.0,"key":"Potion Belt"},{"floor":28.0,"key":"Omamori"},{"floor":37.0,"key":"WingedGreaves"},{"floor":46.0,"key":"TungstenRod"}],"event_choices":[{"damage_healed":0.0,"max_hp_gain":0.0,"max_hp_loss":0.0,"gold_gain":0.0,"event_name":"betterThird:BetterSerpent","player_choice":"Ignored","floor":5.0,"gold_loss":0.0,"damage_taken":71.0},{"damage_healed":0.0,"max_hp_gain":0.0,"max_hp_loss":0.0,"gold_gain":0.0,"event_name":"The Mausoleum","player_choice":"Ignored","floor":19.0,"gold_loss":0.0,"damage_taken":0.0},{"damage_healed":0.0,"max_hp_gain":0.0,"max_hp_loss":0.0,"gold_gain":0.0,"event_name":"Tomb of Lord Red Mask","player_choice":"Ignored","floor":36.0,"gold_loss":0.0,"damage_taken":0.0},{"damage_healed":0.0,"max_hp_gain":0.0,"max_hp_loss":0.0,"gold_gain":0.0,"event_name":"MindBloom","player_choice":"Fight","floor":37.0,"gold_loss":0.0,"damage_taken":0.0},{"cards_removed":["Dagger Spray"],"damage_healed":0.0,"max_hp_gain":0.0,"max_hp_loss":0.0,"gold_gain":0.0,"event_name":"Falling","player_choice":"Removed Attack","floor":39.0,"gold_loss":0.0,"damage_taken":0.0}],"is_beta":false,"boss_relics":[{"not_picked":["Busted Crown","Pandora\u0027s Box"],"picked":"SlaversCollar"},{"not_picked":["Astrolabe","Fusion Hammer"],"picked":"Philosopher\u0027s Stone"}],"items_purged_floors":[2],"is_endless":false,"potions_floor_spawned":[1,7,8,14,22,24,27,28,41],"killed_by":"Spire Growth","ascension_level":20}}