{"host":"Doisman","time":1613370795,"event":{"mods":["AchievementEnabler","BaseMod","Better Note","Curses Come First","Minty Spire (QoL Compilation)","Permanent Neow","Quick Restart","Relic Stats","Replay The Spire","StSLib","slay the spire mod where everything is the same but ironclad has a cowboy hat"],"gold_per_floor":[111,111,71,81,91,91,120,130,130,130,145,145,162,196,196,296,346,362,381,159,159,172,199,215,226,226,252,252,81,81,99,99,202,202,218,218,218,229,229,229,259,259,259,259,278,304,304,249,249,259],"floor_reached":51,"language":"ENG","playtime":2563,"items_purged":["Strike_B","Strike_B","Delirium"],"score":942,"play_id":"99d08218-8182-479b-8382-9a4e8997fb6c","local_time":"20210215003315","is_ascension_mode":true,"campfire_choices":[{"data":"Zap","floor":6,"key":"SMITH"},{"data":"Creative AI","floor":10,"key":"SMITH"},{"data":"White Noise","floor":12,"key":"SMITH"},{"data":"Recycle","floor":15,"key":"SMITH"},{"data":"Defragment","floor":28,"key":"SMITH"},{"data":"Electrodynamics","floor":30,"key":"SMITH"},{"floor":32,"key":"REST"},{"data":"Pot Of Greed","floor":40,"key":"SMITH"},{"data":"Pot Of Greed","floor":42,"key":"SMITH"},{"floor":44,"key":"DIG"},{"data":"ReplayTheSpireMod:Calculation Training","floor":49,"key":"SMITH"}],"circlet_count":0,"master_deck":["Defend_B","Defend_B","Defend_B","Defend_B","Zap+1","Dualcast","Glacier+1","Gash","Hologram+1","Cold Snap","White Noise+1","Leap","Creative AI+1","Recycle+1","Core Surge","Gash","Pot Of Greed","Pot Of Greed+1","Defragment+1","Core Surge","Electrodynamics+1","Seek+1","Defragment+1","Pot Of Greed+1","ReplayTheSpireMod:Calculation Training+1"],"relics":["Replay:Bronze Core","Anchor","StrikeDummy","Singing Bowl","Tiny House","Grinning Jar","White Beast Statue","ReplayTheSpireMod:Shallot","Onion Ring","Busted Crown","Replay:Rubber Ducky","Shovel","Replay:Bandana","ReplayTheSpireMod:Ring of Collecting","ReplayTheSpireMod:CursedCoin"],"acts_visited":["Exordium","TheCity","TheBeyond"],"potions_floor_usage":[13,16,18,23,23,25,31,33,45],"damage_taken":[{"damage":3,"enemies":"Small Slimes","floor":1,"turns":5},{"damage":7,"enemies":"Cultist","floor":4,"turns":5},{"damage":0,"enemies":"2 Louse","floor":5,"turns":3},{"damage":0,"enemies":"3 Sentries","floor":7,"turns":10},{"damage":0,"enemies":"Exordium Thugs","floor":8,"turns":5},{"damage":0,"enemies":"3 Louse","floor":11,"turns":5},{"damage":0,"enemies":"Gremlin Gang","floor":13,"turns":6},{"damage":2,"enemies":"Gremlin Nob","floor":14,"turns":5},{"damage":33,"enemies":"Slime Boss","floor":16,"turns":11},{"damage":7,"enemies":"Spheric Guardian","floor":18,"turns":8},{"damage":5,"enemies":"Shell Parasite","floor":19,"turns":7},{"damage":2,"enemies":"Centurion and Healer","floor":22,"turns":8},{"damage":0,"enemies":"Book of Stabbing","floor":23,"turns":4},{"damage":3,"enemies":"Snake Plant","floor":24,"turns":7},{"damage":14,"enemies":"Shelled Parasite and Fungi","floor":25,"turns":4},{"damage":3,"enemies":"Replay:Snechameleon","floor":27,"turns":11},{"damage":0,"enemies":"3 Cultists","floor":31,"turns":5},{"damage":31,"enemies":"Automaton","floor":33,"turns":11},{"damage":0,"enemies":"3 Shapes","floor":35,"turns":4},{"damage":8,"enemies":"Orb Walker","floor":38,"turns":6},{"damage":0,"enemies":"Giant Head","floor":41,"turns":11},{"damage":0,"enemies":"Sphere and 2 Shapes","floor":45,"turns":5},{"damage":0,"enemies":"Writhing Mass","floor":46,"turns":6},{"damage":0,"enemies":"Awakened One","floor":50,"turns":18}],"seed_played":"-2525857049295287761","potions_obtained":[{"floor":4,"key":"Dexterity Potion"},{"floor":5,"key":"SkillPotion"},{"floor":7,"key":"Death Potion"},{"floor":11,"key":"Adrenaline Potion"},{"floor":16,"key":"EssenceOfSteel"},{"floor":17,"key":"SteroidPotion"},{"floor":19,"key":"Weak Potion"},{"floor":24,"key":"SteroidPotion"},{"floor":25,"key":"Explosive Potion"},{"floor":27,"key":"Milkshake"},{"floor":31,"key":"Elixir"},{"floor":33,"key":"SkillPotion"},{"floor":35,"key":"SteroidPotion"},{"floor":41,"key":"Regen Potion"},{"floor":45,"key":"EssenceOfSteel"},{"floor":46,"key":"Regen Potion"}],"is_trial":false,"path_per_floor":["M","?","$","M","M","R","E","M","T","R","M","R","M","E","R","B",null,"M","M","$","?","M","E","M","M","T","E","R","$","R","M","R","B",null,"M","?","?","M","?","R","E","R","T","R","M","M","?","$","R","B",null],"character_chosen":"DEFECT","items_purchased":["Hologram+1","Grinning Jar","Electrodynamics","ReplayTheSpireMod:Calculation Training","ReplayTheSpireMod:CursedCoin"],"campfire_rested":1,"item_purchase_floors":[3,20,29,48,48],"current_hp_per_floor":[72,72,72,65,65,65,65,65,65,65,65,65,65,63,63,30,80,75,72,72,72,72,72,69,57,57,56,56,56,56,58,85,54,92,94,90,90,84,84,84,86,86,86,86,88,90,90,90,90,90],"gold":259,"neow_bonus":"BOSS_RELIC","is_daily":false,"chose_seed":false,"campfire_upgraded":9,"win_rate":0.0,"timestamp":1613370795,"path_taken":["M","?","?","M","M","R","E","M","T","R","?","R","M","E","R","BOSS","M","M","$","?","M","E","?","M","T","E","R","$","R","M","R","BOSS","M","?","?","?","?","R","E","R","T","R","?","M","?","$","R","BOSS"],"items_purchased_type":["Card","Relic","Card","Card","Relic"],"build_version":"2020-12-18","purchased_purges":3,"victory":true,"max_hp_per_floor":[75,75,75,75,75,75,75,75,75,75,75,75,75,75,75,75,80,82,84,84,84,86,86,86,88,88,90,90,90,90,92,92,92,92,94,100,100,102,102,102,104,104,104,104,106,108,108,108,108,108],"relic_stats":{"Busted Crown":18,"Shovel":1,"Singing Bowl":28,"counters":[24,170],"obtain_stats":[{"Tiny House":17,"Singing Bowl":14,"ReplayTheSpireMod:CursedCoin":48,"White Beast Statue":23,"Replay:Rubber Ducky":41,"Anchor":7,"Replay:Bandana":44,"Busted Crown":34,"Shovel":43,"ReplayTheSpireMod:Shallot":26,"Replay:Bronze Core":0,"ReplayTheSpireMod:Ring of Collecting":47,"Onion Ring":27,"Grinning Jar":20,"Cracked Core":0,"StrikeDummy":9},{"Tiny House":9,"Singing Bowl":8,"ReplayTheSpireMod:CursedCoin":23,"White Beast Statue":13,"Replay:Rubber Ducky":21,"Anchor":4,"Replay:Bandana":21,"Busted Crown":18,"Shovel":21,"ReplayTheSpireMod:Shallot":15,"Replay:Bronze Core":0,"ReplayTheSpireMod:Ring of Collecting":23,"Onion Ring":16,"Grinning Jar":11,"Cracked Core":0,"StrikeDummy":5},{"Tiny House":55,"Singing Bowl":44,"ReplayTheSpireMod:CursedCoin":152,"White Beast Statue":82,"Replay:Rubber Ducky":141,"Anchor":23,"Replay:Bandana":141,"Busted Crown":120,"Shovel":141,"ReplayTheSpireMod:Shallot":93,"Replay:Bronze Core":0,"ReplayTheSpireMod:Ring of Collecting":152,"Onion Ring":104,"Grinning Jar":70,"Cracked Core":0,"StrikeDummy":28}]},"card_choices":[{"not_picked":["Barrage","Hologram"],"picked":"Glacier","floor":1},{"not_picked":["Compile Driver","Go for the Eyes"],"picked":"Cold Snap","floor":4},{"not_picked":["Crystallizer","Coolheaded"],"picked":"White Noise","floor":5},{"not_picked":["Hello World","Turbo"],"picked":"Leap","floor":7},{"not_picked":["Redo","Beam Cell"],"picked":"Creative AI","floor":8},{"not_picked":["ReplayTheSpireMod:GoodbyeWorld","Barrage","Cold Snap"],"picked":"SKIP","floor":11},{"not_picked":["Darkness","Rebound","Leap"],"picked":"SKIP","floor":13},{"not_picked":["ReplayTheSpireMod:Omega Cannon","Hologram"],"picked":"Recycle","floor":14},{"not_picked":["Biased Cognition","Seek"],"picked":"Core Surge","floor":16},{"not_picked":["Rebound","Compile Driver"],"picked":"Gash","floor":17},{"not_picked":["Aggregate+1","Sweeping Beam","Turbo"],"picked":"Singing Bowl","floor":18},{"not_picked":["Lockon","Steam","Darkness"],"picked":"Singing Bowl","floor":19},{"not_picked":["Ball Lightning","Hologram+1","Redo"],"picked":"Singing Bowl","floor":22},{"not_picked":["Turbo","Streamline"],"picked":"Defragment","floor":23},{"not_picked":["ReplayTheSpireMod:Repulse","ReplaySort+1"],"picked":"Core Surge","floor":24},{"not_picked":["Lockon+1","Ball Lightning","Heatsinks+1"],"picked":"Singing Bowl","floor":25},{"not_picked":["Stack","Darkness+1","FTL"],"picked":"Singing Bowl","floor":27},{"not_picked":["Streamline","Chaos","Rebound"],"picked":"Singing Bowl","floor":31},{"not_picked":["Hyperbeam","Core Surge"],"picked":"Seek","floor":33},{"not_picked":["Ball Lightning+1"],"picked":"Singing Bowl","floor":35},{"not_picked":["ReplayTheSpireMod:Uncanny Aura"],"picked":"Singing Bowl","floor":36},{"not_picked":["Mind Blast"],"picked":"Singing Bowl","floor":36},{"not_picked":["Mind Blast"],"picked":"Singing Bowl","floor":36},{"not_picked":["Compile Driver"],"picked":"Singing Bowl","floor":38},{"not_picked":["Time Bomb+1"],"picked":"Singing Bowl","floor":41},{"not_picked":["Turbo+1"],"picked":"Singing Bowl","floor":45},{"not_picked":["Leap+1"],"picked":"Singing Bowl","floor":46}],"player_experience":1128847,"relics_obtained":[{"floor":7,"key":"Anchor"},{"floor":9,"key":"StrikeDummy"},{"floor":14,"key":"Singing Bowl"},{"floor":23,"key":"White Beast Statue"},{"floor":26,"key":"ReplayTheSpireMod:Shallot"},{"floor":27,"key":"Onion Ring"},{"floor":41,"key":"Replay:Rubber Ducky"},{"floor":43,"key":"Shovel"},{"floor":44,"key":"Replay:Bandana"},{"floor":47,"key":"ReplayTheSpireMod:Ring of Collecting"}],"event_choices":[{"damage_healed":0,"gold_gain":0,"cards_transformed":["Strike_B"],"player_choice":"Transformed","damage_taken":0,"max_hp_gain":0,"max_hp_loss":0,"event_name":"Transmorgrifier","floor":2,"gold_loss":0,"cards_obtained":["Gash"]},{"cards_removed":["Strike_B"],"damage_healed":0,"gold_gain":0,"player_choice":"Purged","damage_taken":0,"max_hp_gain":0,"max_hp_loss":0,"event_name":"Purifier","floor":21,"gold_loss":0},{"damage_healed":0,"gold_gain":0,"player_choice":"Memory 3","damage_taken":10,"max_hp_gain":0,"max_hp_loss":0,"event_name":"SensoryStone","floor":36,"gold_loss":0},{"damage_healed":0,"gold_gain":0,"player_choice":"Copied","damage_taken":0,"max_hp_gain":0,"max_hp_loss":0,"event_name":"Duplicator","floor":37,"gold_loss":0,"cards_obtained":["Defragment"]},{"damage_healed":0,"gold_gain":0,"player_choice":"Upgraded","damage_taken":0,"max_hp_gain":0,"max_hp_loss":0,"event_name":"Upgrade Shrine","floor":39,"gold_loss":0,"cards_upgraded":["Seek"]}],"is_beta":true,"boss_relics":[{"not_picked":["Runic Dome","SlaversCollar"],"picked":"Tiny House"},{"not_picked":["Black Star","Pandora\u0027s Box"],"picked":"Busted Crown"}],"items_purged_floors":[20,29,48],"is_endless":false,"potions_floor_spawned":[4,5,7,11,16,19,24,25,27,31,33,35,38,41,45,46],"ascension_level":1}}