{"host":"6xsbn6ynqlzwllfm","time":1613390440,"event":{"mods":["2.2 Compatiblity","BaseMod","Bestiary","Colored Map","Colored Powertips","Curses Come First","Downfall","Highlight Path","Keyboard Shortcuts","Minty Spire (QoL Compilation)","Relic Stats","Slay the Relics Exporter","StSLib","SuperFastMode"],"gold_per_floor":[99,119,132,132,148,183,209,225,125,125,225,239,239,303,317,317,317,317],"floor_reached":16,"language":"ENG","playtime":712,"items_purged":[],"score":172,"play_id":"9c99216e-6b90-420d-8723-529a67af6cae","local_time":"20210215070040","is_ascension_mode":true,"campfire_choices":[{"data":"bronze:Goto","floor":1,"key":"SMITH"},{"data":"bronze:InfiniteLoop","floor":9,"key":"SMITH"},{"floor":13,"key":"REST"}],"circlet_count":0,"master_deck":["AscendersBane","bronze:Strike","bronze:Strike","bronze:Strike","bronze:Strike","bronze:Defend","bronze:Defend","bronze:Defend","bronze:Defend","bronze:Replicate","bronze:Goto+1","bronze:InfiniteLoop+1","bronze:Turbo","bronze:CloningBeam","bronze:Branch","bronze:DelayedGuard","bronze:CutThrough","bronze:Optimize","bronze:MaxOutput"],"relics":["bronze:BronzeCore","bronze:SilverBullet","downfall:HeartBlessingBlue","downfall:CloakOfManyFaces","CultistMask","FaceOfCleric","NlothsMask","GremlinMask","SsserpentHead"],"acts_visited":["Exordium"],"potions_floor_usage":[6,11,16,16],"damage_taken":[{"damage":5,"enemies":"Small Slimes","floor":2,"turns":3},{"damage":0,"enemies":"2 Louse","floor":3,"turns":2},{"damage":1,"enemies":"Cultist","floor":5,"turns":3},{"damage":20,"enemies":"Lagavulin","floor":6,"turns":7},{"damage":0,"enemies":"Blue Slaver","floor":8,"turns":3},{"damage":31,"enemies":"downfall:FaceTrader","floor":11,"turns":8},{"damage":1,"enemies":"3 Louse","floor":12,"turns":2},{"damage":2,"enemies":"Exordium Wildlife","floor":14,"turns":3},{"damage":0,"enemies":"2 Fungi Beasts","floor":15,"turns":3},{"damage":61,"enemies":"DF_ARCHETYPE_STREAMLINE","floor":16,"turns":9}],"seed_played":"5109472077092970152","potions_obtained":[{"floor":5,"key":"hexamod:SoulburnPotion"},{"floor":6,"key":"Swift Potion"},{"floor":8,"key":"Dexterity Potion"},{"floor":12,"key":"SkillPotion"}],"is_trial":false,"path_per_floor":["R","M","M","?","M","E","T","M","R","?","?","M","R","M","M","B"],"character_chosen":"THE_AUTOMATON","items_purchased":[],"campfire_rested":1,"item_purchase_floors":[],"current_hp_per_floor":[63,58,58,58,57,37,37,37,47,47,16,16,38,37,38,0,0,0],"gold":317,"neow_bonus":"THREE_RARE_CARDS","is_daily":false,"chose_seed":false,"campfire_upgraded":2,"win_rate":0.0,"timestamp":1613390440,"path_taken":["R","M","M","?","M","E","T","M","R","?","?","M","R","?","M","BOSS"],"items_purchased_type":[],"build_version":"2020-12-22","purchased_purges":0,"victory":false,"max_hp_per_floor":[63,63,63,63,63,63,63,63,73,73,73,74,74,75,76,76,76,76],"relic_stats":{"SsserpentHead":50,"FaceOfCleric":3,"counters":[10,43],"obtain_stats":[{"SsserpentHead":11,"bronze:BronzeCore":0,"FaceOfCleric":11,"downfall:HeartBlessingBlue":9,"GremlinMask":11,"CultistMask":11,"downfall:CloakOfManyFaces":11,"bronze:SilverBullet":6,"NlothsMask":11},{"SsserpentHead":6,"bronze:BronzeCore":0,"FaceOfCleric":6,"downfall:HeartBlessingBlue":5,"GremlinMask":6,"CultistMask":6,"downfall:CloakOfManyFaces":6,"bronze:SilverBullet":4,"NlothsMask":6},{"SsserpentHead":26,"bronze:BronzeCore":0,"FaceOfCleric":26,"downfall:HeartBlessingBlue":18,"GremlinMask":26,"CultistMask":26,"downfall:CloakOfManyFaces":26,"bronze:SilverBullet":15,"NlothsMask":26}]},"card_choices":[{"not_picked":["bronze:Mutator","bronze:RecursiveStrike"],"picked":"bronze:InfiniteLoop","floor":0},{"not_picked":["bronze:Invalidate","bronze:GetLatest"],"picked":"bronze:Turbo","floor":2},{"not_picked":["bronze:Terminator","bronze:Deprecate"],"picked":"bronze:CloningBeam","floor":3},{"not_picked":["bronze:OilSpill","bronze:Iterate","bronze:DelayedSlice"],"picked":"SKIP","floor":5},{"not_picked":["bronze:Branch","bronze:Iterate","bronze:BronzeArmor"],"picked":"SKIP","floor":6},{"not_picked":["bronze:Iterate","bronze:BronzeArmor"],"picked":"bronze:Branch","floor":6},{"not_picked":["bronze:FollowUp","bronze:Overload"],"picked":"bronze:DelayedGuard","floor":8},{"not_picked":["bronze:Separator","bronze:Safeguard"],"picked":"bronze:CutThrough","floor":11},{"not_picked":["bronze:Invalidate","bronze:CleanCode","bronze:Shield"],"picked":"SKIP","floor":12},{"not_picked":["bronze:Shield","bronze:Overheat"],"picked":"bronze:Optimize","floor":14},{"not_picked":["bronze:WhirlingStrike","bronze:Overload"],"picked":"bronze:MaxOutput","floor":15}],"player_experience":1792578,"relics_obtained":[{"floor":6,"key":"bronze:SilverBullet"},{"floor":11,"key":"downfall:CloakOfManyFaces"}],"event_choices":[],"is_beta":false,"boss_relics":[],"items_purged_floors":[],"is_endless":false,"potions_floor_spawned":[5,6,8,12],"killed_by":"DF_ARCHETYPE_STREAMLINE","ascension_level":13}}