{"host":"2no1vwhhkhf0ohz3","time":1613383829,"event":{"mods":["AchievementEnabler","BaseMod","BetterRewards","Colored Map","DeckTracker","Keyboard Shortcuts","Minty Spire (QoL Compilation)","SuperFastMode"],"gold_per_floor":[115,130,305,184,184,184,200,100,127,127,147,157,157,167,167,272,322,307,121,121,121],"floor_reached":20,"language":"KOR","playtime":458,"items_purged":["Doubt","Strike_R"],"score":246,"play_id":"973d87b7-94f8-4d5e-82f7-5891a9a18cfc","local_time":"20210215191029","is_ascension_mode":true,"campfire_choices":[{"data":"Uppercut","floor":6,"key":"SMITH"},{"data":"Evolve","floor":10,"key":"SMITH"},{"data":"Pommel Strike","floor":13,"key":"SMITH"},{"data":"Bash","floor":15,"key":"SMITH"}],"circlet_count":0,"master_deck":["AscendersBane","Strike_R","Strike_R","Strike_R","Strike_R","Defend_R","Defend_R","Defend_R","Defend_R","Bash+1","Uppercut+1","Feel No Pain+1","Shrug It Off","Evolve+1","Pommel Strike+1","Flame Barrier","Wild Strike","Barricade","Flex+1","Apotheosis"],"relics":["Burning Blood","Centennial Puzzle","Potion Belt","Strawberry","Tiny House"],"acts_visited":["Exordium","TheCity"],"potions_floor_usage":[16,18],"damage_taken":[{"damage":1.0,"enemies":"Cultist","floor":1.0,"turns":4.0},{"damage":0,"enemies":"Small Slimes","floor":2,"turns":3},{"damage":2,"enemies":"Jaw Worm","floor":7,"turns":4},{"damage":21,"enemies":"3 Louse","floor":11,"turns":6},{"damage":8,"enemies":"Blue Slaver","floor":12,"turns":3},{"damage":6,"enemies":"Red Slaver","floor":14,"turns":3},{"damage":61,"enemies":"Hexaghost","floor":16,"turns":11},{"damage":33,"enemies":"2 Thieves","floor":18,"turns":5},{"damage":0,"enemies":"3 Byrds","floor":20,"turns":1}],"seed_played":"-7068461795551502342","potions_obtained":[{"floor":2,"key":"Strength Potion"},{"floor":7,"key":"BlessingOfTheForge"},{"floor":11,"key":"ColorlessPotion"},{"floor":17,"key":"SteroidPotion"},{"floor":18,"key":"PowerPotion"}],"is_trial":false,"path_per_floor":["M","M","?","$","?","R","M","$","T","R","M","M","R","M","R","B",null,"M","$","M"],"character_chosen":"IRONCLAD","items_purchased":["Shrug It Off","Apotheosis"],"campfire_rested":0,"item_purchase_floors":[4,19],"current_hp_per_floor":[77,80,80,80,80,80,80,80,87,87,72,70,70,70,70,15,74,47,47,47,47],"gold":121,"neow_bonus":"RANDOM_COMMON_RELIC","is_daily":false,"chose_seed":false,"campfire_upgraded":4,"win_rate":0.0,"timestamp":1613383829,"path_taken":["M","M","?","$","?","R","?","?","T","R","M","M","R","M","R","BOSS","M","$","M"],"items_purchased_type":["Card","Card"],"build_version":"2020-12-22","purchased_purges":2,"victory":false,"max_hp_per_floor":[80,80,80,80,80,80,80,80,87,87,87,87,87,87,87,87,92,92,92,92,92],"card_choices":[{"not_picked":["True Grit","Shrug It Off"],"picked":"Uppercut","floor":1},{"not_picked":["Clothesline","Rampage"],"picked":"Feel No Pain","floor":2},{"not_picked":["Ghostly Armor","Headbutt"],"picked":"Evolve","floor":7},{"not_picked":["Clash","Iron Wave"],"picked":"Pommel Strike","floor":11},{"not_picked":["Dark Embrace","Cleave"],"picked":"Flame Barrier","floor":12},{"not_picked":["Thunderclap","Clash"],"picked":"Wild Strike","floor":14},{"not_picked":["Berserk","Reaper"],"picked":"Barricade","floor":16},{"not_picked":["Twin Strike","Heavy Blade"],"picked":"Flex+1","floor":18}],"player_experience":301467,"relics_obtained":[{"floor":9,"key":"Strawberry"}],"event_choices":[{"damage_healed":0,"gold_gain":175,"player_choice":"AGREE","damage_taken":0,"max_hp_gain":0,"max_hp_loss":0,"event_name":"Liars Game","floor":3,"gold_loss":0,"cards_obtained":["Doubt"]},{"damage_healed":0,"gold_gain":0,"player_choice":"Gave Potion","damage_taken":0,"relics_obtained":["Potion Belt"],"max_hp_gain":0,"max_hp_loss":0,"event_name":"WeMeetAgain","floor":5,"gold_loss":0}],"is_beta":false,"boss_relics":[{"not_picked":["Busted Crown","Black Star"],"picked":"Tiny House"}],"items_purged_floors":[4,8],"is_endless":false,"potions_floor_spawned":[2,7,11,18],"killed_by":"3 Byrds","ascension_level":10}}