{"host":"y6zg4wwu39otf01a","time":1613414705,"event":{"mods":["Act Like it!","Aspiration","BaseMod","Better Altar","Better Match","Better Note","Better Sensory Stone","Better Skull","Better Third Choice","Challenge The Spire","Colored Map","Colored Powertips","Conspire","GifTheSpireLib","Glutton Mod","Halation","Hermit","Highlight Path","Hubris","Infinite Spire","Mimic Mod","Minty Spire (QoL Compilation)","Quick Restart","Random Character Button","Rare Cards Sparkle","Replay The Spire","Retaliation","Spicy Shops","StSLib","Stuff the Spire","The Blue Laboratory","The Jungle"],"gold_per_floor":[115,42,53,64,64,89,89,89,89],"floor_reached":8,"language":"ENG","playtime":433,"items_purged":[],"score":62,"play_id":"6b6730e1-26ac-49b7-9c67-497ff47c1d7a","local_time":"20210215124505","is_ascension_mode":true,"campfire_choices":[{"data":"ClearTheMind","floor":7,"key":"SMITH"}],"circlet_count":0,"master_deck":["Strike_P","Strike_P","Strike_P","Strike_P","Defend_P","Defend_P","Defend_P","Defend_P","Eruption+1","Vigilance","ClearTheMind+1","CrushJoints","CutThroughFate","Blasphemy"],"relics":["PureWater","Regal Pillow","hubris:Icosahedron","StrikeDummy"],"acts_visited":["Exordium"],"potions_floor_usage":[],"damage_taken":[{"damage":0,"enemies":"Cultist","floor":1,"turns":2},{"damage":1,"enemies":"Small Slimes","floor":3,"turns":2},{"damage":14,"enemies":"Jaw Worm","floor":4,"turns":3},{"damage":35,"enemies":"3 Sentries","floor":6,"turns":8},{"damage":45,"enemies":"Gremlin Nob","floor":8,"turns":2}],"seed_played":"4770606390081189821","potions_obtained":[{"floor":3,"key":"blueLaboratory:RememoryPotion"},{"floor":4,"key":"Energy Potion"}],"is_trial":false,"path_per_floor":["M","$","M","M","?","E","R","E"],"character_chosen":"WATCHER","items_purchased":["Regal Pillow"],"campfire_rested":0,"item_purchase_floors":[2],"current_hp_per_floor":[72,72,71,57,57,22,22,0,0],"gold":89,"neow_bonus":"UPGRADE_CARD","is_daily":false,"chose_seed":false,"campfire_upgraded":1,"win_rate":0.0,"timestamp":1613414705,"path_taken":["M","$","M","M","?","E","R","E"],"items_purchased_type":["Relic"],"build_version":"2020-12-22","purchased_purges":0,"victory":false,"max_hp_per_floor":[72,72,72,72,72,72,72,72,72],"card_choices":[{"not_picked":["Replay:AtTheReady","EmptyFist"],"picked":"ClearTheMind","floor":1},{"not_picked":["JustLucky","Replay:BluntJabs"],"picked":"CrushJoints","floor":3},{"not_picked":["MentalFortress","Consecrate"],"picked":"CutThroughFate","floor":4},{"not_picked":["Tantrum","Replay:BluntJabs"],"picked":"Blasphemy","floor":6}],"player_experience":834758,"relics_obtained":[{"floor":6,"key":"StrikeDummy"}],"event_choices":[],"is_beta":false,"boss_relics":[],"items_purged_floors":[],"is_endless":false,"potions_floor_spawned":[3,4],"killed_by":"Gremlin Nob","ascension_level":2}}