{"host":"7j2n82b2zha9fuyn","time":1613349538,"event":{"mods":["BaseMod","Block Reminder","Minty Spire (QoL Compilation)","StSLib"],"gold_per_floor":[117,117,136,57,71,71,36,62,116,129,164,164,164,177,177,251,251,267,28,28,41,41,41,75,86,112,112,129,129,129],"floor_reached":29,"language":"ENG","playtime":1715,"items_purged":["Strike_B"],"score":518,"play_id":"e976c425-15e0-4c61-a7b2-5969a66ea431","local_time":"20210214173858","is_ascension_mode":true,"campfire_choices":[{"data":"Cold Snap","floor":6,"key":"SMITH"},{"data":"Reinforced Body","floor":13,"key":"SMITH"},{"data":"Aggregate","floor":15,"key":"SMITH"},{"floor":23,"key":"REST"},{"data":"Meteor Strike","floor":27,"key":"SMITH"}],"circlet_count":0,"master_deck":["AscendersBane","Strike_B","Strike_B","Defend_B","Defend_B","Defend_B","Zap","Dualcast","Genetic Algorithm","Reinforced Body+1","FTL","Cold Snap+1","Aggregate+1","Compile Driver","Gash","Compile Driver","Meteor Strike+1","Gash","Gash","Gash","Hologram+1","Aggregate","Leap"],"relics":["Cracked Core","NeowsBlessing","Nunchaku","Toy Ornithopter","The Courier","SlaversCollar","Akabeko","MutagenicStrength","Art of War","Anchor"],"acts_visited":["Exordium","TheCity"],"potions_floor_usage":[8,11,16,29],"damage_taken":[{"damage":0,"enemies":"Jaw Worm","floor":1,"turns":1},{"damage":0,"enemies":"Cultist","floor":3,"turns":1},{"damage":0,"enemies":"Small Slimes","floor":5,"turns":1},{"damage":10,"enemies":"Lagavulin","floor":8,"turns":7},{"damage":4,"enemies":"2 Fungi Beasts","floor":10,"turns":4},{"damage":33,"enemies":"Gremlin Nob","floor":11,"turns":4},{"damage":4,"enemies":"3 Louse","floor":14,"turns":3},{"damage":15,"enemies":"Hexaghost","floor":16,"turns":6},{"damage":16,"enemies":"Shell Parasite","floor":18,"turns":7},{"damage":17,"enemies":"3 Byrds","floor":21,"turns":5},{"damage":4,"enemies":"Gremlin Leader","floor":24,"turns":8},{"damage":0,"enemies":"Centurion and Healer","floor":25,"turns":4},{"damage":18,"enemies":"Snecko","floor":28,"turns":4},{"damage":37,"enemies":"Slavers","floor":29,"turns":3}],"seed_played":"4608264751805051728","potions_obtained":[{"floor":1,"key":"ColorlessPotion"},{"floor":5,"key":"AttackPotion"},{"floor":8,"key":"BlessingOfTheForge"},{"floor":16,"key":"Strength Potion"},{"floor":25,"key":"SteroidPotion"}],"is_trial":false,"path_per_floor":["M","?","M","$","M","R","?","E","T","M","E","?","R","M","R","B",null,"M","$","T","M","?","R","E","M","T","R","M","E"],"character_chosen":"DEFECT","items_purchased":["FTL","Gash","Akabeko"],"campfire_rested":1,"item_purchase_floors":[4,19,19],"current_hp_per_floor":[64,64,64,64,64,64,71,61,61,57,29,29,29,25,25,15,57,41,41,41,24,24,45,41,41,41,41,23,0,0],"gold":129,"neow_bonus":"THREE_ENEMY_KILL","is_daily":false,"chose_seed":false,"campfire_upgraded":4,"win_rate":0.0,"timestamp":1613349538,"path_taken":["M","?","M","$","?","R","?","E","T","M","E","?","R","M","R","BOSS","M","$","?","M","?","R","E","M","T","R","M","E"],"items_purchased_type":["Card","Card","Relic"],"build_version":"2020-12-22","purchased_purges":1,"victory":false,"max_hp_per_floor":[71,71,71,71,71,71,71,71,71,71,71,71,71,71,71,71,71,71,71,71,71,71,71,71,71,71,71,71,71,71],"card_choices":[{"not_picked":["Rip and Tear","Sweeping Beam"],"picked":"Genetic Algorithm","floor":1},{"not_picked":["Turbo","Aggregate"],"picked":"Reinforced Body","floor":3},{"not_picked":["Leap","Conserve Battery"],"picked":"Cold Snap","floor":5},{"not_picked":["FTL","Tempest"],"picked":"Aggregate","floor":8},{"not_picked":["Aggregate","Hologram"],"picked":"Compile Driver","floor":10},{"not_picked":["FTL","Skim"],"picked":"Gash","floor":11},{"not_picked":["Go for the Eyes","Cold Snap"],"picked":"Compile Driver","floor":14},{"not_picked":["Electrodynamics","Biased Cognition"],"picked":"Meteor Strike","floor":16},{"not_picked":["Beam Cell","Chill"],"picked":"Gash","floor":18},{"not_picked":["Capacitor","Rebound"],"picked":"Gash","floor":21},{"not_picked":["Coolheaded","White Noise"],"picked":"Hologram+1","floor":24},{"not_picked":["Storm+1","Streamline"],"picked":"Aggregate","floor":25},{"not_picked":["Force Field","Consume"],"picked":"Leap","floor":28}],"player_experience":2050484,"relics_obtained":[{"floor":8,"key":"Nunchaku"},{"floor":9,"key":"Toy Ornithopter"},{"floor":11,"key":"The Courier"},{"floor":24,"key":"Art of War"},{"floor":26,"key":"Anchor"}],"event_choices":[{"cards_removed":["Strike_B"],"damage_healed":0,"gold_gain":0,"player_choice":"Purged","damage_taken":0,"max_hp_gain":0,"max_hp_loss":0,"event_name":"Purifier","floor":2,"gold_loss":0},{"damage_healed":17,"gold_gain":0,"player_choice":"Healed","damage_taken":0,"max_hp_gain":0,"max_hp_loss":0,"event_name":"The Cleric","floor":7,"gold_loss":35},{"cards_removed":["Defend_B"],"damage_healed":0,"gold_gain":0,"player_choice":"Offered Basic","damage_taken":0,"max_hp_gain":0,"max_hp_loss":0,"event_name":"Bonfire Elementals","floor":12,"gold_loss":0},{"damage_healed":0,"gold_gain":0,"player_choice":"Inject Mutagens","damage_taken":0,"relics_obtained":["MutagenicStrength"],"max_hp_gain":0,"max_hp_loss":0,"event_name":"Drug Dealer","floor":22,"gold_loss":0}],"is_beta":false,"boss_relics":[{"not_picked":["Empty Cage","Pandora\u0027s Box"],"picked":"SlaversCollar"}],"items_purged_floors":[19],"is_endless":false,"potions_floor_spawned":[1,5,8,16,25,28],"killed_by":"Slavers","ascension_level":19}}