{"host":"8u1cu4kisw6g21am","time":1613358844,"event":{"mods":["AchievementEnabler","BaseMod","Bestiary","Better Note","BetterRewards","Marked Mod","Mimic Mod","Minty Spire (QoL Compilation)","Quick Restart","Shop Mod","Spicy Shops","StSLib"],"gold_per_floor":[118,128,303,303,303,338,10,10,45,45,59,59,89,109,109,211,211,224,240,240,259,8,8,22,36,75,94,94,94],"floor_reached":28,"language":"ENG","playtime":2080,"items_purged":["Writhe","Strike_G"],"score":267,"play_id":"bce9bf0e-d1b8-43fe-b488-839aae122267","local_time":"20210214221404","is_ascension_mode":true,"campfire_choices":[{"floor":10.0,"key":"REST"},{"floor":12.0,"key":"REST"},{"floor":15.0,"key":"REST"},{"floor":23,"key":"REST"}],"circlet_count":0,"master_deck":["Strike_G","Strike_G","Strike_G","Defend_G","Defend_G","Defend_G","Survivor","Neutralize","Predator","Bouncing Flask","Bane","Bane","Deadly Poison","Bane","Noxious Fumes","Deadly Poison","Phantasmal Killer","Crippling Poison","Catalyst"],"relics":["Ring of the Snake","Mercury Hourglass","Singing Bowl","Blood Vial","Dream Catcher","SlaversCollar","Strawberry","HornCleat"],"acts_visited":["Exordium","TheCity"],"potions_floor_usage":[21,21,24],"damage_taken":[{"damage":0.0,"enemies":"2 Louse","floor":1.0,"turns":2.0},{"damage":6.0,"enemies":"Jaw Worm","floor":2.0,"turns":3.0},{"damage":33.0,"enemies":"Gremlin Nob","floor":6.0,"turns":5.0},{"damage":4.0,"enemies":"Small Slimes","floor":9.0,"turns":5.0},{"damage":2.0,"enemies":"Small Slimes","floor":11.0,"turns":2.0},{"damage":37.0,"enemies":"3 Sentries","floor":13.0,"turns":6.0},{"damage":7.0,"enemies":"Red Slaver","floor":14.0,"turns":3.0},{"damage":29.0,"enemies":"Hexaghost","floor":16.0,"turns":7.0},{"damage":41.0,"enemies":"2 Thieves","floor":18.0,"turns":4.0},{"damage":30.0,"enemies":"Shell Parasite","floor":19.0,"turns":6.0},{"damage":13,"enemies":"Centurion and Healer","floor":21,"turns":6},{"damage":18,"enemies":"Shelled Parasite and Fungi","floor":24,"turns":4},{"damage":17,"enemies":"Chosen and Byrds","floor":25,"turns":4},{"damage":1,"enemies":"Centurion and Healer","floor":26,"turns":3},{"damage":13,"enemies":"Centurion and Healer","floor":27,"turns":5},{"damage":10,"enemies":"Cultist and Chosen","floor":28,"turns":1}],"seed_played":"-2593368962191451035","potions_obtained":[{"floor":6.0,"key":"LiquidBronze"},{"floor":13.0,"key":"GamblersBrew"},{"floor":18.0,"key":"EssenceOfSteel"},{"floor":19.0,"key":"CultistPotion"},{"floor":21,"key":"DuplicationPotion"}],"is_trial":false,"path_per_floor":["M","M","?","?","?","E","$","?","MIM","R","M","R","E","M","R","B",null,"M","M","?","M","$","R","M","M","MIM","M","M"],"character_chosen":"THE_SILENT","items_purchased":["Singing Bowl","Strawberry"],"campfire_rested":4,"item_purchase_floors":[7,22],"current_hp_per_floor":[70,64,64,69,62,29,29,29,25,47,49,72,37,32,57,30,79,40,12,12,3,10,39,23,10,13,4,0,0],"gold":94,"neow_bonus":"TRANSFORM_TWO_CARDS","is_daily":false,"chose_seed":false,"campfire_upgraded":0,"win_rate":0.0,"timestamp":1613358844,"path_taken":["M","M","?","?","?","E","$","?","MIM","R","M","R","E","?","R","BOSS","M","M","?","M","$","R","M","M","MIM","M","M"],"items_purchased_type":["Relic","Relic"],"build_version":"2020-12-22","purchased_purges":2,"victory":false,"max_hp_per_floor":[70,70,70,75,75,75,75,75,75,75,77,77,77,77,79,79,79,81,81,81,83,90,92,92,94,96,98,98,98],"card_choices":[{"not_picked":["Sucker Punch","Deadly Poison"],"picked":"Bane","floor":1.0},{"not_picked":["Die Die Die","Underhanded Strike"],"picked":"Bane","floor":2.0},{"not_picked":["PiercingWail","Backflip"],"picked":"Deadly Poison","floor":6.0},{"not_picked":["Skewer","Deflect"],"picked":"Bane","floor":9.0},{"not_picked":["Underhanded Strike","Malaise","Acrobatics"],"picked":"Singing Bowl","floor":11.0},{"not_picked":["Deflect","Dodge and Roll"],"picked":"Noxious Fumes","floor":13.0},{"not_picked":["Quick Slash","Backflip"],"picked":"Deadly Poison","floor":14.0},{"not_picked":["Dagger Throw","Prepared","Heel Hook"],"picked":"Singing Bowl","floor":15.0},{"not_picked":["Night Terror","Bullet Time"],"picked":"Phantasmal Killer","floor":16.0},{"not_picked":["Deadly Poison","Underhanded Strike","Dodge and Roll"],"picked":"Singing Bowl","floor":18.0},{"not_picked":["Outmaneuver","Cloak And Dagger+1"],"picked":"Crippling Poison","floor":19.0},{"not_picked":["Bane","All Out Attack","Dagger Throw+1"],"picked":"Singing Bowl","floor":21},{"not_picked":["Blur+1","Well Laid Plans","Accuracy"],"picked":"Singing Bowl","floor":23},{"not_picked":["PiercingWail","Masterful Stab"],"picked":"Catalyst","floor":24},{"not_picked":["Adrenaline","Sucker Punch","Bouncing Flask"],"picked":"Singing Bowl","floor":25},{"not_picked":["Prepared","Expertise+1","Riddle With Holes+1"],"picked":"Singing Bowl","floor":26},{"not_picked":["Underhanded Strike","Outmaneuver","Slice"],"picked":"Singing Bowl","floor":27}],"player_experience":273207,"relics_obtained":[{"floor":6.0,"key":"Mercury Hourglass"},{"floor":9.0,"key":"Blood Vial"},{"floor":13.0,"key":"Dream Catcher"},{"floor":26,"key":"HornCleat"}],"event_choices":[{"damage_healed":0.0,"max_hp_gain":0.0,"max_hp_loss":0.0,"gold_gain":175.0,"event_name":"Liars Game","player_choice":"AGREE","floor":3.0,"gold_loss":0.0,"damage_taken":0.0,"cards_obtained":["Doubt"]},{"damage_healed":0.0,"max_hp_gain":5.0,"max_hp_loss":0.0,"gold_gain":0.0,"event_name":"Big Fish","player_choice":"Donut","floor":4.0,"gold_loss":0.0,"damage_taken":0.0},{"cards_removed":["Doubt"],"damage_healed":0.0,"max_hp_gain":0.0,"max_hp_loss":0.0,"gold_gain":0.0,"event_name":"Golden Wing","player_choice":"Card Removal","floor":5.0,"gold_loss":0.0,"damage_taken":7.0},{"cards_removed":["Strike_G"],"damage_healed":0.0,"max_hp_gain":0.0,"max_hp_loss":0.0,"gold_gain":0.0,"event_name":"Living Wall","player_choice":"Forget","floor":8.0,"gold_loss":0.0,"damage_taken":0.0},{"cards_removed":["Predator"],"damage_healed":0.0,"max_hp_gain":0.0,"max_hp_loss":0.0,"gold_gain":0.0,"event_name":"betterNote:BetterNote","player_choice":"Give","floor":20.0,"gold_loss":0.0,"damage_taken":0.0,"cards_obtained":["Defend_R"]}],"is_beta":false,"boss_relics":[{"not_picked":["Tiny House","Runic Dome"],"picked":"SlaversCollar"}],"items_purged_floors":[7,22],"is_endless":false,"potions_floor_spawned":[6,13,18,19,21],"killed_by":"Cultist and Chosen","ascension_level":1}}