{"host":"v9duy90nce28uent","time":1613414507,"event":{"mods":["BaseMod","Colored Map","Colored Powertips","Conspire","Downfall","Hermit","Highlight Path","Hubris","Infinite Spire","Jorbs\u0027s Wanderer Trilogy","Minty Spire (QoL Compilation)","Quick Restart","Rare Cards Sparkle","Replay The Spire","StSLib","The Cursed","The Disciple","The Hierophant","The Jungle","The Runesmith","slay the spire mod where everything is the same but ironclad has a cowboy hat"],"gold_per_floor":[121,145,173,58,89,89,124,124,175,216,216,216,291,333,333,333,333],"floor_reached":16,"language":"ENG","playtime":2220,"items_purged":[],"score":144,"play_id":"86b64b99-9772-4f7d-a292-f329b8b40bc2","local_time":"20210215134147","is_ascension_mode":false,"campfire_choices":[{"floor":8,"key":"REST"},{"floor":11,"key":"REST"},{"floor":15,"key":"REST"}],"circlet_count":0,"master_deck":["conspire:GhostlyStrike","conspire:GhostlyStrike","conspire:GhostlyStrike","conspire:GhostlyStrike","conspire:GhostlyDefend","conspire:GhostlyDefend","conspire:GhostlyDefend","conspire:GhostlyDefend","SecondHand","PatternShift","LockedMawBank","HandsUpB","HandsUpB","LockedMawBank","TickedOff","SlimeSpray","BlueShift","LockedAnchor","Echoward"],"relics":["Chronometer","infinitespire:Satchel"],"acts_visited":["Exordium"],"potions_floor_usage":[16],"damage_taken":[{"damage":3,"enemies":"Cultist","floor":1,"turns":5},{"damage":5,"enemies":"Small Slimes","floor":2,"turns":4},{"damage":1,"enemies":"2 Louse","floor":3,"turns":5},{"damage":15,"enemies":"Large Slime","floor":5,"turns":7},{"damage":6,"enemies":"conspire:2 RoseBushes","floor":7,"turns":7},{"damage":32,"enemies":"Lots of Slimes","floor":10,"turns":6},{"damage":0,"enemies":"Looter","floor":14,"turns":5},{"damage":64,"enemies":"Fading Forest","floor":16,"turns":9}],"seed_played":"6997835233375784948","potions_obtained":[{"floor":3,"key":"sneckomod:MuddlingPotion"},{"floor":5,"key":"Swift Potion"},{"floor":7,"key":"Explosive Potion"}],"is_trial":false,"path_per_floor":["M","M","M","$","M","?","M","R","T","M","R","?","?","M","R","B"],"character_chosen":"CHRONO_CLASS","items_purchased":["TickedOff","SlimeSpray"],"campfire_rested":3,"item_purchase_floors":[4,4],"current_hp_per_floor":[62,57,56,56,41,41,35,54,54,22,41,41,30,30,49,0,0],"gold":333,"neow_bonus":"THREE_CARDS","is_daily":false,"chose_seed":false,"campfire_upgraded":0,"win_rate":0.0,"timestamp":1613414507,"path_taken":["M","?","M","$","M","?","M","R","T","M","R","?","?","M","R","BOSS"],"items_purchased_type":["Card","Card"],"build_version":"2020-12-22","purchased_purges":0,"victory":false,"max_hp_per_floor":[65,65,65,65,65,65,65,65,65,65,65,65,65,65,65,65,65],"card_choices":[{"not_picked":["Engulf","HandsUpC"],"picked":"LockedMawBank","floor":0},{"not_picked":["Engulf","ExoVibe"],"picked":"HandsUpB","floor":1},{"not_picked":["LockedMedicine","ExoVibe"],"picked":"HandsUpB","floor":2},{"not_picked":["LockedUrn","Analog"],"picked":"LockedMawBank","floor":3},{"not_picked":["HandsUpC","CrunchTime"],"picked":"BlueShift","floor":5},{"not_picked":["Cuckoo","LockedWhetstone","LockedTornado"],"picked":"SKIP","floor":7},{"not_picked":["Facsimile","HandsUpC"],"picked":"LockedAnchor","floor":10},{"not_picked":["Tempo","LockedAnchor"],"picked":"Echoward","floor":14}],"player_experience":126682,"relics_obtained":[{"floor":9,"key":"infinitespire:Satchel"}],"event_choices":[{"damage_healed":0,"gold_gain":0,"player_choice":"Agree","damage_taken":0,"max_hp_gain":0,"max_hp_loss":0,"event_name":"conspire:LoneGhost","floor":12,"gold_loss":0},{"damage_healed":0,"gold_gain":75,"player_choice":"Gather Gold","damage_taken":11,"max_hp_gain":0,"max_hp_loss":0,"event_name":"World of Goop","floor":13,"gold_loss":0}],"is_beta":false,"boss_relics":[],"items_purged_floors":[],"is_endless":false,"potions_floor_spawned":[3,5,7],"killed_by":"Fading Forest","ascension_level":0}}