{"host":"psh83vqabmtchp5z","time":1613375202,"event":{"mods":["AchievementEnabler","Aspiration","BaseMod","Better Altar","Better Match","Better Skull","Better Third Choice","Better Vampires","BetterRewards","Challenge The Spire","Conspire","Downfall","Gold Saver","Lobotomy","LobotomyExtend","Minty Spire (QoL Compilation)","Quick Restart","Relic Filter","Replay The Spire","Shop Mod","Spicy Shops","StSLib","óô»ðÖ¸ÄÏ"],"gold_per_floor":[1149,1149,1169,1180,1191,1224,1236,623,623,642,642,642,662,117,117,212,212,229,229,37,37,37,68,68,88,88,107,119,119,119,134,134,238,238,249,287,287,187,227,259,259,273,299,332,332,332,332,332],"floor_reached":47,"language":"ZHS","playtime":7879,"items_purged":["Shame","Sickly"],"score":602,"play_id":"a85db3db-d241-4db0-a4c1-839644068e46","local_time":"20210215154642","is_ascension_mode":false,"campfire_choices":[{"data":"Hidden Blade","floor":15.0,"key":"SMITH"},{"data":"Calculated Gamble","floor":30.0,"key":"SMITH"},{"data":"Strike_G+1","floor":30.0,"key":"SMITH"},{"data":"Strike_G","floor":32.0,"key":"SMITH"},{"data":"Defend_G","floor":32.0,"key":"SMITH"},{"data":"Replay:Bag of Tricks","floor":41.0,"key":"SMITH"},{"data":"Prepared","floor":41.0,"key":"SMITH"},{"data":"Defend_G","floor":45,"key":"SMITH"},{"data":"Defend_G","floor":45,"key":"SMITH"}],"circlet_count":0,"master_deck":["Strike_G","Strike_G","Strike_G+1","Strike_G+1","Strike_G+2","Defend_G","Defend_G","Defend_G+1","Defend_G+1","Defend_G+1","Survivor","Neutralize","VoidDream","Caltrops","Apotheosis+1","Acrobatics","UniverseFragment","ShyLook","Hidden Blade+1","MHz","SpiderBud","Calculated Gamble+1","Leg Sweep+1","OSAHOGD","Die Die Die","Bloodbath","A Thousand Cuts","MeatLantern","Reflex","Bullet Time+1","Cloak And Dagger","Prepared+1","aspiration:Lunge","Laetitia","Calculated Gamble+1","Distraction","NakedNest","conspire:PoisonWeapons","SnowQueen","Replay:Bag of Tricks+1","LittleHelper","NothingThere","Hidden Blade+1","Hidden Blade+1","conspire:SpireCoStock","conspire:SpireCoStock","Outmaneuver","Variant","Blade Dance"],"relics":["Ring of the Snake","CogitoBucket","LetterFromLob","Simple Rune","AspirationHeart","The Courier","Gremlin Food","White Beast Statue","Blue Candle","Boot","Replay:PocketPolymizer","conspire:TreasureMap","Juzu Bracelet","WristBlade","StoneCalendar","ReplayTheSpireMod:CursedCoin","Replay:Arrowhead","Ice Cream","Bloody Idol","Blood Vial","ResearcherNote","Replay:Bottled Flurry","Runic Dome","AtMidnight","BackwardClock","Blue Doll","aspiration:HiddenCompartment","aspiration:FetidBarrel"],"acts_visited":["Exordium","TheCity","TheBeyond"],"potions_floor_usage":[44,47],"damage_taken":[{"damage":0.0,"enemies":"conspire:RoseBush","floor":1.0,"turns":5.0},{"damage":0.0,"enemies":"Jaw Worm","floor":3.0,"turns":4.0},{"damage":1.0,"enemies":"2 Louse","floor":4.0,"turns":3.0},{"damage":0.0,"enemies":"Blue Slaver","floor":5.0,"turns":3.0},{"damage":6.0,"enemies":"Gremlin Nob","floor":6.0,"turns":4.0},{"damage":8.0,"enemies":"conspire:2 RoseBushes","floor":7.0,"turns":6.0},{"damage":7.0,"enemies":"Looter","floor":10.0,"turns":3.0},{"damage":5.0,"enemies":"Blue Slaver","floor":13.0,"turns":5.0},{"damage":43.0,"enemies":"The Guardian","floor":16.0,"turns":9.0},{"damage":0.0,"enemies":"Chosen","floor":18.0,"turns":5.0},{"damage":3.0,"enemies":"Replay:Snechameleon","floor":23.0,"turns":6.0},{"damage":1.0,"enemies":"conspire:FuzzyDice","floor":25.0,"turns":5.0},{"damage":0.0,"enemies":"3 Cultists","floor":27.0,"turns":2.0},{"damage":0.0,"enemies":"Cultist and Chosen","floor":28.0,"turns":4.0},{"damage":13.0,"enemies":"Sentry and Sphere","floor":31.0,"turns":6.0},{"damage":24.0,"enemies":"Collector","floor":33.0,"turns":9.0},{"damage":55.0,"enemies":"3 Shapes","floor":35.0,"turns":4.0},{"damage":0.0,"enemies":"conspire:MimicChest","floor":36.0,"turns":7.0},{"damage":33.0,"enemies":"3 Darklings","floor":39.0,"turns":4.0},{"damage":18.0,"enemies":"Nemesis","floor":40.0,"turns":7.0},{"damage":15,"enemies":"Jaw Worm Horde","floor":42,"turns":2},{"damage":15,"enemies":"Sphere and 2 Shapes","floor":44,"turns":3},{"damage":47,"enemies":"2 Orb Walkers","floor":47,"turns":4}],"seed_played":"46005808590841897","potions_obtained":[{"floor":1.0,"key":"champ:CounterPotion"},{"floor":4.0,"key":"Adrenaline Potion"},{"floor":5.0,"key":"CunningPotion"},{"floor":10.0,"key":"champ:CounterPotion"},{"floor":13.0,"key":"Strength Potion"},{"floor":16.0,"key":"Energy Potion"},{"floor":23.0,"key":"Fire Potion"},{"floor":25.0,"key":"Fruit Juice"},{"floor":27.0,"key":"ColorlessPotion"},{"floor":31.0,"key":"Adrenaline Potion"},{"floor":33.0,"key":"champ:CounterPotion"},{"floor":35.0,"key":"Swift Potion"},{"floor":36.0,"key":"BlessingOfTheForge"},{"floor":39.0,"key":"FearPotion"},{"floor":40.0,"key":"Death Potion"},{"floor":44,"key":"ColorlessPotion"}],"is_trial":false,"path_per_floor":["M","?","M","M","M","E","M","R","T","M","?","?","M","$","R","B",null,"M","?","$","T","?","E","?","M","T","M","M","?","R","M","R","B",null,"M","?","?","?","M","E","R","M","T","M","R","$","?"],"character_chosen":"THE_SILENT","items_purchased":["The Courier","Gremlin Food","White Beast Statue","Boot","Replay:PocketPolymizer","conspire:TreasureMap","Juzu Bracelet","ReplayTheSpireMod:CursedCoin","Bullet Time+1","Cloak And Dagger","Prepared"],"campfire_rested":0,"item_purchase_floors":[8,8,8,14,14,14,14,20,20,20,20],"current_hp_per_floor":[70,70,70,69,69,63,65,65,65,58,58,58,53,53,53,10,80,80,80,80,80,80,77,16,31,31,39,47,47,47,42,42,28,85,35,85,85,85,75,82,82,85,85,85,85,85,64,64],"gold":332,"neow_bonus":"","is_daily":false,"chose_seed":false,"campfire_upgraded":9,"win_rate":0.0,"timestamp":1613375202,"path_taken":["M","?","M","M","M","E","M","R","T","M","?","?","M","?","R","BOSS","M","?","$","?","?","E","?","M","T","M","M","?","R","M","R","BOSS","M","?","?","?","M","E","R","M","T","M","R","$","?"],"items_purchased_type":["Relic","Relic","Relic","Relic","Relic","Relic","Relic","Relic","Card","Card","Card"],"build_version":"2020-12-22","purchased_purges":2,"victory":false,"max_hp_per_floor":[70,70,70,70,70,70,80,80,80,80,80,80,80,80,80,80,80,80,80,80,80,80,80,80,85,85,85,85,85,85,85,85,85,85,85,85,85,85,85,85,85,85,85,85,85,85,85,85],"card_choices":[{"not_picked":["Bloodbath","NakedNest"],"picked":"VoidDream","floor":1.0},{"not_picked":["Sucker Punch","PiercingWail"],"picked":"Caltrops","floor":1.0},{"not_picked":["NothingThere","PunishingBird"],"picked":"OldLady","floor":3.0},{"not_picked":["Infinite Blades","Expertise"],"picked":"Acrobatics","floor":3.0},{"not_picked":["Murderer","WallGazer"],"picked":"UniverseFragment","floor":4.0},{"not_picked":["Night Terror","Outmaneuver"],"picked":"Escape Plan","floor":4.0},{"not_picked":["Wellcheers","NakedNest"],"picked":"ShyLook","floor":5.0},{"not_picked":["Deflect","Fluid Movement"],"picked":"Hidden Blade","floor":5.0},{"not_picked":["SpiderBud","LittlePrince"],"picked":"MHz","floor":6.0},{"not_picked":["Dodge and Roll","Sucker Punch","Backflip"],"picked":"SKIP","floor":6.0},{"not_picked":["OSAHOGD","CherryBlossoms"],"picked":"GalaxyChild","floor":7.0},{"not_picked":["Endless Agony","Bane","Deadly Poison"],"picked":"SKIP","floor":7.0},{"not_picked":["NothingThere","BeautyBeast"],"picked":"SpiderBud","floor":10.0},{"not_picked":["Hidden Blade","Blade Dance"],"picked":"Calculated Gamble","floor":10.0},{"not_picked":["LongBird","WallGazer"],"picked":"OSAHOGD","floor":13.0},{"not_picked":["Backflip","Hidden Blade","Sucker Punch"],"picked":"SKIP","floor":13.0},{"not_picked":["PunishingBird","CherryBlossoms"],"picked":"Bloodbath","floor":16.0},{"not_picked":["Poison Darts","ReplayTheSpireMod:Necrosis"],"picked":"A Thousand Cuts","floor":16.0},{"not_picked":["Scorched","GreedKing"],"picked":"MeatLantern","floor":18.0},{"not_picked":["Sucker Punch","Bane"],"picked":"Reflex","floor":18.0},{"not_picked":["Scorched","Funeral"],"picked":"Laetitia","floor":23.0},{"not_picked":["Heel Hook","Outmaneuver+1"],"picked":"Calculated Gamble","floor":23.0},{"not_picked":["Poisoned Stab+1","Deflect"],"picked":"Distraction","floor":25.0},{"not_picked":["PiercingWail","Draining Mist","Deflect"],"picked":"SKIP","floor":27.0},{"not_picked":["Woodsman","LittleHelper"],"picked":"NakedNest","floor":28.0},{"not_picked":["Well Laid Plans","Blur"],"picked":"conspire:PoisonWeapons","floor":28.0},{"not_picked":["BigBird","FairyFestival"],"picked":"SnowQueen","floor":31.0},{"not_picked":["Poisoned Stab","Flying Knee","ReplayTheSpireMod:Exploit Weakness"],"picked":"SKIP","floor":31.0},{"not_picked":["Venomology","Adrenaline"],"picked":"Replay:Bag of Tricks","floor":33.0},{"not_picked":["HappyTeddy","CrumblingArmor"],"picked":"LittleHelper","floor":33.0},{"not_picked":["GreedKing","LaLuna"],"picked":"NothingThere","floor":35.0},{"not_picked":["Malaise","ReplayTheSpireMod:Exploit Weakness"],"picked":"Hidden Blade+1","floor":35.0},{"not_picked":["WallGazer","Woodsman"],"picked":"LittlePrince","floor":36.0},{"not_picked":["Draining Mist+1","Masterful Stab+1"],"picked":"Hidden Blade+1","floor":36.0},{"not_picked":["BigBadWolf","CherryBlossoms"],"picked":"Yin","floor":39.0},{"not_picked":["Outmaneuver","Bane","Deflect+1"],"picked":"SKIP","floor":39.0},{"not_picked":["Outmaneuver","Bane","Deflect+1"],"picked":"SKIP","floor":39.0},{"not_picked":["ReplayTheSpireMod:From All Sides","Bane+1","ReplayTheSpireMod:Tripwire"],"picked":"SKIP","floor":40.0},{"not_picked":["Hidden Blade+1","Dagger Spray+1","Quick Slash"],"picked":"SKIP","floor":42},{"not_picked":["Mercenary","Scorched"],"picked":"Variant","floor":44},{"not_picked":["PiercingWail","Quick Slash+1"],"picked":"Blade Dance","floor":44}],"player_experience":754189,"relics_obtained":[{"floor":1.0,"key":"LetterFromLob"},{"floor":6.0,"key":"Simple Rune"},{"floor":9.0,"key":"Blue Candle"},{"floor":21.0,"key":"Replay:Arrowhead"},{"floor":23.0,"key":"Ice Cream"},{"floor":26.0,"key":"Replay:Bottled Flurry"},{"floor":35.0,"key":"AtMidnight"},{"floor":36.0,"key":"Blue Doll"},{"floor":40.0,"key":"aspiration:HiddenCompartment"},{"floor":43,"key":"aspiration:FetidBarrel"}],"event_choices":[{"damage_healed":70.0,"max_hp_gain":0.0,"max_hp_loss":70.0,"gold_gain":0.0,"event_name":"betterThird:BetterShining","player_choice":"Embrace","floor":2.0,"gold_loss":0.0,"damage_taken":0.0},{"damage_healed":0.0,"max_hp_gain":0.0,"max_hp_loss":0.0,"gold_gain":0.0,"event_name":"Living Wall","player_choice":"Grow","floor":12.0,"gold_loss":0.0,"damage_taken":0.0,"cards_upgraded":["Calculated Gamble"]},{"damage_healed":0.0,"max_hp_gain":0.0,"max_hp_loss":0.0,"gold_gain":0.0,"cards_transformed":["GalaxyChild"],"event_name":"Transmorgrifier","player_choice":"Transformed","floor":22.0,"gold_loss":0.0,"damage_taken":0.0,"cards_obtained":["aspiration:Lunge"]},{"damage_healed":0.0,"max_hp_gain":77.0,"max_hp_loss":16.0,"gold_gain":0.0,"event_name":"betterAltar:BetterAltar","player_choice":" Idol Vial ","floor":24.0,"potions_obtained":[],"relics_lost":[],"gold_loss":0.0,"damage_taken":61.0,"relics_obtained":["Bloody Idol","Blood Vial"]},{"damage_healed":0.0,"max_hp_gain":0.0,"max_hp_loss":0.0,"gold_gain":0.0,"event_name":"Transmorgrifier","player_choice":"Ignored","floor":29.0,"gold_loss":0.0,"damage_taken":0.0},{"damage_healed":0.0,"max_hp_gain":0.0,"max_hp_loss":0.0,"gold_gain":0.0,"event_name":"conspire:Investor","player_choice":"Invest 2","floor":38.0,"gold_loss":0.0,"damage_taken":0.0},{"damage_healed":0,"gold_gain":0,"player_choice":"Fight","damage_taken":0,"max_hp_gain":0,"max_hp_loss":0,"event_name":"Mysterious Sphere","floor":47,"gold_loss":0}],"is_beta":false,"boss_relics":[{"not_picked":["conspire:SpecialSausage","Ring of the Serpent"],"picked":"WristBlade"},{"not_picked":["SacredBark","Replay:Drink Me"],"picked":"Runic Dome"}],"items_purged_floors":[20,20],"is_endless":false,"potions_floor_spawned":[1,4,5,10,13,16,18,23,25,27,28,31,33,35,36,39,40,42,44],"killed_by":"2 Orb Walkers","ascension_level":0}}