{"host":"k7udt7atmcuzf6l0","time":1613372707,"event":{"mods":["AchievementEnabler","Act Like it!","BaseMod","BetterRewards","Colored Map","Colored Powertips","Highlight Path","Minty Spire (QoL Compilation)","Quick Restart","Rare Cards Sparkle","StSLib","The Bug Knight","UnlockEverythingMod"],"gold_per_floor":[115,190,200,200,9,41,41,57,57,57,7,7,25,58,58,158,158,177,197,51,76,95,95,130,130,130,130,161,181,181,96,96,200,200,210,228,277,36,86,86,102,102,153,153,5,17,27,27,27,27],"floor_reached":51,"language":"ZHS","playtime":1210,"items_purged":[],"score":716,"play_id":"366f9de4-63c8-442d-b96b-17e127a6de49","local_time":"20210215150507","is_ascension_mode":false,"campfire_choices":[{"data":"Inflame","floor":7.0,"key":"SMITH"},{"data":"Infernal Blade","floor":10.0,"key":"SMITH"},{"data":"Havoc","floor":12.0,"key":"SMITH"},{"data":"Flex","floor":15.0,"key":"SMITH"},{"data":"Double Tap","floor":23.0,"key":"SMITH"},{"data":"Immolate","floor":27.0,"key":"SMITH"},{"data":"Berserk","floor":30.0,"key":"SMITH"},{"data":"Pommel Strike","floor":32.0,"key":"SMITH"},{"data":"Enlightenment","floor":40,"key":"SMITH"},{"data":"Shockwave","floor":42,"key":"SMITH"},{"data":"Immolate","floor":44,"key":"SMITH"},{"data":"Flame Barrier","floor":49,"key":"SMITH"}],"circlet_count":0,"master_deck":["Strike_R","Strike_R","Defend_R","Defend_R","Defend_R","Defend_R","Bash","Havoc+1","Inflame+1","Clash","Infernal Blade+1","Flex+1","Double Tap+1","Immolate+1","Shrug It Off","Flame Barrier+1","Pommel Strike+1","Berserk+1","Warcry+1","Immolate+1","Bloodletting","Body Slam+1","Shockwave+1","Enlightenment+1","Dual Wield+1","Pummel+1","Sword Boomerang+1"],"relics":["Burning Blood","NeowsBlessing","Boot","Red Skull","Juzu Bracelet","PreservedInsect","Bag of Preparation","Empty Cage","Sling","Red Mask","Meat on the Bone","Enchiridion","Sundial","Strawberry","Bronze Scales","Runic Pyramid","TungstenRod","Akabeko","Ice Cream","Oddly Smooth Stone","Lantern"],"acts_visited":["Exordium","TheCity","TheBeyond"],"potions_floor_usage":[37,50,50],"damage_taken":[{"damage":0.0,"enemies":"Small Slimes","floor":1.0,"turns":1.0},{"damage":0.0,"enemies":"Jaw Worm","floor":3.0,"turns":1.0},{"damage":0.0,"enemies":"HollowMod:MossKnight","floor":6.0,"turns":1.0},{"damage":2.0,"enemies":"2 Louse","floor":8.0,"turns":2.0},{"damage":0.0,"enemies":"Exordium Wildlife","floor":13.0,"turns":3.0},{"damage":22.0,"enemies":"3 Sentries","floor":14.0,"turns":5.0},{"damage":10.0,"enemies":"Slime Boss","floor":16.0,"turns":9.0},{"damage":11.0,"enemies":"Shell Parasite","floor":18.0,"turns":4.0},{"damage":0.0,"enemies":"3 Byrds","floor":19.0,"turns":2.0},{"damage":0.0,"enemies":"Masked Bandits","floor":21.0,"turns":3.0},{"damage":31.0,"enemies":"3 Cultists","floor":22.0,"turns":4.0},{"damage":6.0,"enemies":"Gremlin Leader","floor":24.0,"turns":2.0},{"damage":6.0,"enemies":"Slavers","floor":28.0,"turns":3.0},{"damage":0.0,"enemies":"Cultist and Chosen","floor":29.0,"turns":2.0},{"damage":18.0,"enemies":"Collector","floor":33.0,"turns":6.0},{"damage":12.0,"enemies":"3 Darklings","floor":35.0,"turns":3.0},{"damage":7,"enemies":"Orb Walker","floor":36,"turns":3},{"damage":19,"enemies":"2 Orb Walkers","floor":37,"turns":2},{"damage":0,"enemies":"Mind Bloom Boss Battle","floor":39,"turns":3},{"damage":0,"enemies":"Sphere and 2 Shapes","floor":41,"turns":2},{"damage":5,"enemies":"Writhing Mass","floor":46,"turns":2},{"damage":0,"enemies":"Jaw Worm Horde","floor":47,"turns":2},{"damage":73,"enemies":"Donu and Deca","floor":50,"turns":7}],"seed_played":"-4126192434382614956","potions_obtained":[{"floor":1.0,"key":"FairyPotion"},{"floor":6.0,"key":"DuplicationPotion"},{"floor":8.0,"key":"CultistPotion"},{"floor":14.0,"key":"HeartOfIron"},{"floor":18.0,"key":"DuplicationPotion"},{"floor":22.0,"key":"BloodPotion"},{"floor":33.0,"key":"DuplicationPotion"},{"floor":35,"key":"SkillPotion"},{"floor":36,"key":"SteroidPotion"},{"floor":37,"key":"Weak Potion"}],"is_trial":false,"path_per_floor":["M","?","M","T","$","E","R","M","T","R","?","R","M","E","R","B",null,"M","M","$","?","M","R","E","?","T","R","E","M","R","?","R","B",null,"M","M","?","$","?","R","M","R","T","R","$","M","M","?","R","B",null],"character_chosen":"IRONCLAD","items_purchased":["Red Skull","Clash","Sling","Akabeko","Enlightenment","Lantern"],"campfire_rested":0,"item_purchase_floors":[5,5,20,38,38,45],"current_hp_per_floor":[80,69,75,75,75,80,80,80,80,80,80,80,80,64,64,60,80,75,80,80,80,55,55,55,39,39,39,62,68,68,68,68,56,87,81,80,67,67,73,73,79,79,79,79,79,80,86,86,86,31],"gold":27,"neow_bonus":"THREE_ENEMY_KILL","is_daily":false,"chose_seed":false,"campfire_upgraded":12,"win_rate":0.0,"timestamp":1613372707,"path_taken":["M","?","M","?","$","E","R","M","T","R","?","R","M","E","R","BOSS","M","M","$","?","M","R","E","?","T","R","E","M","R","?","R","BOSS","M","M","?","$","?","R","M","R","T","R","$","M","M","?","R","BOSS"],"items_purchased_type":["Relic","Card","Relic","Relic","Card","Relic"],"build_version":"2020-12-22","purchased_purges":0,"victory":true,"max_hp_per_floor":[80,80,80,80,80,80,80,80,80,80,80,80,80,80,80,80,80,80,80,80,80,80,80,80,80,80,80,87,87,87,87,87,87,87,87,87,87,87,87,87,87,87,87,87,87,87,87,87,87,87],"card_choices":[{"not_picked":["Ghostly Armor","Perfected Strike"],"picked":"Havoc","floor":1.0},{"not_picked":["Shrug It Off","Dual Wield"],"picked":"Inflame","floor":3.0},{"not_picked":["Carnage","Warcry"],"picked":"Infernal Blade","floor":6.0},{"not_picked":["Carnage","Headbutt","Shrug It Off"],"picked":"SKIP","floor":8.0},{"not_picked":["Rampage","Wild Strike"],"picked":"Flex","floor":13.0},{"not_picked":["Flame Barrier","Dark Embrace"],"picked":"Double Tap","floor":14.0},{"not_picked":["Feed","Barricade"],"picked":"Immolate","floor":16.0},{"not_picked":["Battle Trance","Entrench"],"picked":"Shrug It Off","floor":18.0},{"not_picked":["Headbutt","Flex","Twin Strike"],"picked":"SKIP","floor":19.0},{"not_picked":["Headbutt","Carnage"],"picked":"Flame Barrier","floor":21.0},{"not_picked":["Warcry","Perfected Strike"],"picked":"Pommel Strike","floor":22.0},{"not_picked":["Heavy Blade","Rupture","Reckless Charge"],"picked":"SKIP","floor":24.0},{"not_picked":["Iron Wave","Disarm"],"picked":"Berserk","floor":28.0},{"not_picked":["Cleave","Clash"],"picked":"Warcry+1","floor":29.0},{"not_picked":["Corruption","Double Tap"],"picked":"Immolate","floor":33.0},{"not_picked":["Warcry+1","Inflame"],"picked":"Bloodletting","floor":35},{"not_picked":["Entrench+1","Combust+1"],"picked":"Body Slam+1","floor":36},{"not_picked":["Shrug It Off","Cleave+1"],"picked":"Shockwave","floor":37},{"not_picked":["Warcry","Perfected Strike+1"],"picked":"Dual Wield+1","floor":39},{"not_picked":["Dual Wield+1","Evolve","Clash"],"picked":"SKIP","floor":41},{"not_picked":["Thunderclap","Sword Boomerang"],"picked":"Pummel+1","floor":46},{"not_picked":["Power Through+1","Thunderclap"],"picked":"Sword Boomerang","floor":47}],"player_experience":125949,"relics_obtained":[{"floor":4.0,"key":"Boot"},{"floor":6.0,"key":"Juzu Bracelet"},{"floor":9.0,"key":"PreservedInsect"},{"floor":14.0,"key":"Bag of Preparation"},{"floor":21.0,"key":"Red Mask"},{"floor":24.0,"key":"Meat on the Bone"},{"floor":25.0,"key":"Enchiridion"},{"floor":26.0,"key":"Sundial"},{"floor":28.0,"key":"Strawberry"},{"floor":37,"key":"TungstenRod"},{"floor":39,"key":"Ice Cream"},{"floor":43,"key":"Oddly Smooth Stone"}],"event_choices":[{"damage_healed":0.0,"max_hp_gain":0.0,"max_hp_loss":0.0,"gold_gain":75.0,"event_name":"World of Goop","player_choice":"Gather Gold","floor":2.0,"gold_loss":0.0,"damage_taken":11.0},{"cards_removed":["Strike_R"],"damage_healed":0.0,"max_hp_gain":0.0,"max_hp_loss":0.0,"gold_gain":0.0,"event_name":"The Cleric","player_choice":"Card Removal","floor":11.0,"gold_loss":50.0,"damage_taken":0.0},{"damage_healed":0.0,"max_hp_gain":0.0,"max_hp_loss":0.0,"gold_gain":0.0,"event_name":"Masked Bandits","player_choice":"Fought Bandits","floor":21.0,"gold_loss":0.0,"damage_taken":0.0},{"damage_healed":0.0,"max_hp_gain":0.0,"max_hp_loss":0.0,"gold_gain":0.0,"event_name":"Cursed Tome","player_choice":"Obtained Book","floor":25.0,"gold_loss":0.0,"damage_taken":16.0},{"damage_healed":0.0,"max_hp_gain":0.0,"max_hp_loss":0.0,"gold_gain":0.0,"event_name":"Addict","player_choice":"Obtained Relic","floor":31.0,"gold_loss":85.0,"damage_taken":0.0,"relics_obtained":["Bronze Scales"]},{"damage_healed":0,"gold_gain":0,"player_choice":"Fight","damage_taken":0,"max_hp_gain":0,"max_hp_loss":0,"event_name":"Mysterious Sphere","floor":37,"gold_loss":0},{"damage_healed":0,"gold_gain":0,"player_choice":"Fight","damage_taken":0,"max_hp_gain":0,"max_hp_loss":0,"event_name":"MindBloom","floor":39,"gold_loss":0},{"damage_healed":0,"gold_gain":0,"player_choice":"Forge","damage_taken":0,"max_hp_gain":0,"max_hp_loss":0,"event_name":"Accursed Blacksmith","floor":48,"gold_loss":0,"cards_upgraded":["Sword Boomerang"]}],"is_beta":false,"boss_relics":[{"not_picked":["SacredBark","Runic Cube"],"picked":"Empty Cage"},{"not_picked":["SlaversCollar","Mark of Pain"],"picked":"Runic Pyramid"}],"items_purged_floors":[],"is_endless":false,"potions_floor_spawned":[1,6,8,14,18,22,24,33,35,36,37,41],"ascension_level":0}}