{"host":"lxu17chzujqn8whl","time":1613365047,"event":{"mods":["BaseMod","Minty Spire (QoL Compilation)","Relic Stats","StSLib"],"gold_per_floor":[109,109,109,121,134,161,161,172,225,225,35,50,81,96,96,196,196,215,215,232,244,41,41,41],"floor_reached":23,"language":"ENG","playtime":577,"items_purged":[],"score":203,"play_id":"c286c5c5-d3a7-4e83-84f2-b207dd6a866e","local_time":"20210214205727","is_ascension_mode":false,"campfire_choices":[{"floor":7,"key":"REST"},{"floor":10,"key":"REST"},{"floor":15,"key":"REST"}],"circlet_count":0,"master_deck":["Strike_B","Strike_B","Strike_B","Defend_B","Defend_B","Defend_B","Defend_B","Zap","Dualcast","Conserve Battery+1","Sweeping Beam","Double Energy","Defragment","Defragment","Turbo+1","Streamline","Beam Cell","Creative AI","CurseOfTheBell","Self Repair","Cold Snap+1","Seek","Streamline"],"relics":["Cracked Core","Blue Candle","Blood Vial","Boot","DataDisk","War Paint","Calling Bell","Tiny Chest","Eternal Feather","CaptainsWheel"],"acts_visited":["Exordium","TheCity"],"potions_floor_usage":[6,13,20,23],"damage_taken":[{"damage":0,"enemies":"Small Slimes","floor":1,"turns":4},{"damage":0,"enemies":"Cultist","floor":4,"turns":4},{"damage":0,"enemies":"2 Louse","floor":5,"turns":2},{"damage":35,"enemies":"Gremlin Nob","floor":6,"turns":5},{"damage":1,"enemies":"Red Slaver","floor":8,"turns":3},{"damage":23,"enemies":"Gremlin Gang","floor":12,"turns":3},{"damage":19,"enemies":"3 Sentries","floor":13,"turns":6},{"damage":0,"enemies":"Looter","floor":14,"turns":2},{"damage":54,"enemies":"The Guardian","floor":16,"turns":10},{"damage":27,"enemies":"Chosen","floor":18,"turns":6},{"damage":5,"enemies":"Shell Parasite","floor":20,"turns":7},{"damage":29,"enemies":"Snecko","floor":21,"turns":6},{"damage":22,"enemies":"Book of Stabbing","floor":23,"turns":5}],"seed_played":"-6782696999523074481","potions_obtained":[{"floor":4,"key":"AttackPotion"},{"floor":6,"key":"Energy Potion"},{"floor":16,"key":"Block Potion"},{"floor":20,"key":"SmokeBomb"},{"floor":21,"key":"Weak Potion"}],"is_trial":false,"path_per_floor":["M","?","?","M","M","E","R","M","T","R","$","M","E","M","R","B",null,"M","?","M","M","$","E"],"character_chosen":"DEFECT","items_purchased":["DataDisk","Turbo","Seek","Streamline"],"campfire_rested":3,"item_purchase_floors":[11,11,22,22],"current_hp_per_floor":[82,57,57,57,57,22,46,47,47,71,71,50,33,35,59,7,82,55,55,59,32,32,12,12],"gold":41,"neow_bonus":"TEN_PERCENT_HP_BONUS","is_daily":false,"chose_seed":false,"campfire_upgraded":0,"win_rate":0.0,"timestamp":1613365047,"path_taken":["M","?","?","M","M","E","R","?","T","R","$","M","E","M","R","BOSS","M","?","?","M","$","E"],"items_purchased_type":["Relic","Card","Card","Card"],"build_version":"2020-12-22","purchased_purges":0,"victory":false,"max_hp_per_floor":[82,82,82,82,82,82,82,82,82,82,82,82,82,82,82,82,82,82,82,82,82,82,82,82],"relic_stats":{"Blood Vial":16,"counters":[13,63],"Blue Candle":[0],"Tiny Chest":0,"Eternal Feather":0,"War Paint":["Turbo","Conserve Battery"],"Boot":[21],"obtain_stats":[{"Blood Vial":6,"Calling Bell":17,"DataDisk":11,"CaptainsWheel":17,"Blue Candle":2,"Tiny Chest":17,"Eternal Feather":17,"War Paint":13,"Cracked Core":0,"Boot":9},{"Blood Vial":4,"Calling Bell":9,"DataDisk":5,"CaptainsWheel":9,"Blue Candle":1,"Tiny Chest":9,"Eternal Feather":9,"War Paint":7,"Cracked Core":0,"Boot":5},{"Blood Vial":15,"Calling Bell":39,"DataDisk":18,"CaptainsWheel":39,"Blue Candle":4,"Tiny Chest":39,"Eternal Feather":39,"War Paint":27,"Cracked Core":0,"Boot":18}]},"card_choices":[{"not_picked":["Recycle","Fusion"],"picked":"Conserve Battery","floor":1},{"not_picked":["Compile Driver","Force Field"],"picked":"Double Energy","floor":4},{"not_picked":["Leap","Steam","Go for the Eyes"],"picked":"SKIP","floor":5},{"not_picked":["Ball Lightning","Stack"],"picked":"Defragment","floor":6},{"not_picked":["Go for the Eyes","Creative AI"],"picked":"Defragment","floor":8},{"not_picked":["Coolheaded","Compile Driver"],"picked":"Streamline","floor":12},{"not_picked":["Steam","Heatsinks"],"picked":"Beam Cell","floor":13},{"not_picked":["Turbo","Leap","Heatsinks"],"picked":"SKIP","floor":14},{"not_picked":["Multi-Cast","Core Surge"],"picked":"Creative AI","floor":16},{"not_picked":["Reinforced Body","Cold Snap"],"picked":"Self Repair","floor":18},{"not_picked":["Rebound+1","Go for the Eyes","Gash+1"],"picked":"SKIP","floor":20},{"not_picked":["Leap","Tempest"],"picked":"Cold Snap+1","floor":21}],"player_experience":679440,"relics_obtained":[{"floor":6,"key":"Blood Vial"},{"floor":9,"key":"Boot"},{"floor":13,"key":"War Paint"},{"floor":17,"key":"Tiny Chest"},{"floor":17,"key":"Eternal Feather"},{"floor":17,"key":"CaptainsWheel"}],"event_choices":[{"damage_healed":0,"gold_gain":0,"player_choice":"Success","damage_taken":25,"relics_obtained":["Blue Candle"],"max_hp_gain":0,"max_hp_loss":0,"event_name":"Scrap Ooze","floor":2,"gold_loss":0},{"damage_healed":0,"gold_gain":0,"player_choice":"1 cards matched","damage_taken":0,"max_hp_gain":0,"max_hp_loss":0,"event_name":"Match and Keep!","floor":3,"gold_loss":0,"cards_obtained":["Sweeping Beam"]},{"cards_removed":["Strike_B"],"damage_healed":0,"gold_gain":0,"player_choice":"Offered Basic","damage_taken":0,"max_hp_gain":0,"max_hp_loss":0,"event_name":"Bonfire Elementals","floor":19,"gold_loss":0}],"is_beta":false,"boss_relics":[{"not_picked":["Snecko Eye","Coffee Dripper"],"picked":"Calling Bell"}],"items_purged_floors":[],"is_endless":false,"potions_floor_spawned":[4,6,16,20,21],"killed_by":"Book of Stabbing","ascension_level":0}}