{"host":"dn2xyj3kd3d9cfyb","time":1613364234,"event":{"mods":["BaseMod","Conspire","Hero for Fun","Hubris","Marisa£®ÏF”Í°°ƒß¿Ì…≥£©","Minty Spire (QoL Compilation)","Reimu£®≤©¿ˆ¡È√Œ£©","Remilia£®¿Ÿ√◊¿Ú—«£©","Replay The Spire","Shop Mod","StSLib","The Administrix","The Animator","The Construct","The Cursed","The Mystic","Youmu£®ªÍ∆«—˝√Œ£©","Yuri Mod","Yuyuko"],"gold_per_floor":[114,130,142,162,173,207,222,241,241,257,257,288,301,301,301,422,422,435,435,453,453,471,504,522,586,586,624,640,640,274,305,305,429,429,454,473,373,373,386,405,242,242,242,242,276,289,332,432,432,432,432,432,659,709,764,764,818,3,78,158,158,158,253,253,343,90,205,205,205],"floor_reached":70,"language":"ZHS","playtime":7819,"items_purged":["Defend_Lin:ReiMu","Defend_Lin:ReiMu","Strike_Lin:ReiMu"],"score":1371,"play_id":"2bcd7037-f084-4f51-ab48-cbee1bd63f54","local_time":"20210215124354","is_ascension_mode":false,"campfire_choices":[{"floor":15.0,"key":"REST"},{"floor":32.0,"key":"RECALL"},{"data":"Stagnation:ReiMu","floor":44.0,"key":"SMITH"},{"floor":49.0,"key":"REST"},{"data":"Strike_Lin:ReiMu","floor":52.0,"key":"SMITH"},{"data":"YinYangSign:ReiMu","floor":62,"key":"SMITH"},{"floor":68,"key":"REST"}],"circlet_count":0,"master_deck":["Strike_Lin:ReiMu+1","Strike_Lin:ReiMu+1","Defend_Lin:ReiMu+1","Defend_Lin:ReiMu+1","NB:ReiMu+1","Stagnation:ReiMu+1","NineCharacters:ReiMu+1","CareerPray:ReiMu+1","MountainWay:ReiMu+1","Revelation:ReiMu+1","SubcavityInstant:ReiMu+1","WonderfulDomain:ReiMu+1","Authority:ReiMu+1","Meditation:ReiMu+1","Authority:ReiMu+1","AirManeuver:ReiMu+1","SpreadBorder2:ReiMu+1","SpringWay:ReiMu+1","SealNeedle:ReiMu+1","Shading:ReiMu+1","AirStrike:ReiMu+1","PrepareRite:ReiMu+1","BlastKick2:ReiMu+1","Meditation:ReiMu+1","KamiRite:ReiMu+1","SpringWay:ReiMu+1","RainPray2:ReiMu+1","TakeOff:ReiMu+1","Revelation:ReiMu+1","YinYangSange:ReiMu+1","KamiRite:ReiMu+1","YinYangSign:ReiMu+1","RainPray2:ReiMu+1","KamiSacrifice:ReiMu+1","Gathering:ReiMu+1","Conquer:ReiMu+1","SubcavityFantasy:ReiMu+1"],"relics":["animator:TheWolleyCore","animator:AncientMedallion"],"acts_visited":["Exordium","TheCity","TheBeyond","TheEnding","EYB:TheUnnamedReign"],"potions_floor_usage":[69,69,69],"damage_taken":[{"damage":0.0,"enemies":"Jaw Worm","floor":1.0,"turns":3.0},{"damage":0.0,"enemies":"2 Louse","floor":2.0,"turns":1.0},{"damage":0.0,"enemies":"Cultist","floor":3.0,"turns":1.0},{"damage":10.0,"enemies":"Blue Slaver","floor":4.0,"turns":4.0},{"damage":14.0,"enemies":"2 Fungi Beasts","floor":5.0,"turns":5.0},{"damage":10.0,"enemies":"3 Sentries","floor":6.0,"turns":13.0},{"damage":3.0,"enemies":"Exordium Wildlife","floor":7.0,"turns":7.0},{"damage":1.0,"enemies":"Gremlin Gang","floor":8.0,"turns":7.0},{"damage":0.0,"enemies":"Red Slaver","floor":10.0,"turns":4.0},{"damage":15.0,"enemies":"Gremlin Nob","floor":12.0,"turns":5.0},{"damage":1.0,"enemies":"Large Slime","floor":13.0,"turns":7.0},{"damage":4.0,"enemies":"Slime Boss","floor":16.0,"turns":11.0},{"damage":3.0,"enemies":"Shell Parasite","floor":18.0,"turns":5.0},{"damage":0.0,"enemies":"3 Byrds","floor":20.0,"turns":5.0},{"damage":0.0,"enemies":"conspire:HollyBat","floor":22.0,"turns":9.0},{"damage":21.0,"enemies":"Gremlin Leader","floor":23.0,"turns":9.0},{"damage":0.0,"enemies":"Snake Plant","floor":24.0,"turns":4.0},{"damage":0.0,"enemies":"conspire:MimicChest","floor":25.0,"turns":12.0},{"damage":0.0,"enemies":"Replay:Snechameleon","floor":27.0,"turns":7.0},{"damage":0.0,"enemies":"Centurion and Healer","floor":28.0,"turns":7.0},{"damage":0.0,"enemies":"Gremlin Leader","floor":31.0,"turns":7.0},{"damage":0.0,"enemies":"Automaton","floor":33.0,"turns":6.0},{"damage":0.0,"enemies":"3 Shapes","floor":35.0,"turns":3.0},{"damage":0.0,"enemies":"Orb Walker","floor":36.0,"turns":4.0},{"damage":5.0,"enemies":"Jaw Worm Horde","floor":39.0,"turns":4.0},{"damage":0.0,"enemies":"Transient","floor":40.0,"turns":5.0},{"damage":0.0,"enemies":"R_Hoarder","floor":45.0,"turns":5.0},{"damage":0.0,"enemies":"Spire Growth","floor":46.0,"turns":4.0},{"damage":11.0,"enemies":"Reptomancer","floor":47.0,"turns":8.0},{"damage":3.0,"enemies":"Awakened One","floor":50.0,"turns":9.0},{"damage":13.0,"enemies":"animator:UNNAMED_HAT","floor":54.0,"turns":13.0},{"damage":70.0,"enemies":"animator:TRIPLE_SHAPES_WEAK","floor":55.0,"turns":9.0},{"damage":0,"enemies":"animator:TRIPLE_LAGAVULIN","floor":59,"turns":6},{"damage":41,"enemies":"animator:LARGE_WISP","floor":60,"turns":7},{"damage":46,"enemies":"animator:ULTIMATE_WISP","floor":63,"turns":9},{"damage":12,"enemies":"animator:ULTIMATE_CUBE","floor":67,"turns":9}],"seed_played":"-967298107834081348","potions_obtained":[{"floor":2.0,"key":"BlessingOfTheForge"},{"floor":3.0,"key":"Fire Potion"},{"floor":4.0,"key":"Milkshake"},{"floor":8.0,"key":"Energy Potion"},{"floor":10.0,"key":"Doom Potion"},{"floor":13.0,"key":"Adrenaline Potion"},{"floor":22.0,"key":"Strength Potion"},{"floor":23.0,"key":"Ancient Potion"},{"floor":31.0,"key":"Adrenaline Potion"},{"floor":33.0,"key":"CultistPotion"},{"floor":40.0,"key":"Explosive Potion"},{"floor":54.0,"key":"animator:FalseLifePotion"},{"floor":55,"key":"animator:FalseLifePotion"},{"floor":57,"key":"animator:FalseLifePotion"}],"is_trial":false,"path_per_floor":["M","M","M","M","M","E","M","M","T","M","?","E","M","?","R","B",null,"M","?","M","T","M","E","M","?","T","E","M","T","$","E","R","B",null,"M","M","$","?","M","M","$","?","T","R","E","M","E","?","R","B",null,"R","??","M","M","T","?","$","M","M","?","R","E","T","?","$","E","R","B",null],"character_chosen":"REIMU","items_purchased":["Medical Kit","BlastKick2:ReiMu+1","YinYangSange:ReiMu+1","Gathering:ReiMu","animator:AncientMedallion","animator:AncientMedallion","animator:AncientMedallion","animator:AncientMedallion"],"campfire_rested":3,"item_purchase_floors":[30,30,41,58,58,58,58,66],"current_hp_per_floor":[65,65,65,55,41,31,28,27,27,27,27,12,13,13,31,29,60,57,57,59,59,60,39,41,43,43,45,47,47,47,49,49,51,60,60,60,60,60,55,57,57,57,57,57,59,60,49,49,60,57,60,60,96,83,51,51,51,51,75,71,71,71,49,49,49,49,69,96,23],"gold":205,"neow_bonus":"THREE_ENEMY_KILL","is_daily":false,"chose_seed":false,"campfire_upgraded":3,"win_rate":0.0,"timestamp":1613364234,"path_taken":["M","M","M","M","M","E","M","M","T","M","?","E","M","?","R","BOSS","M","?","M","?","?","E","M","?","T","E","M","?","$","E","R","BOSS","M","?","$","?","M","M","$","?","T","R","E","?","E","?","R","BOSS","R","??","M","M","T","?","$","M","M","?","R","E","T","?","$","E","R","BOSS"],"items_purchased_type":["Relic","Card","Card","Card","Relic","Relic","Relic","Relic"],"build_version":"2020-12-22","purchased_purges":3,"victory":true,"max_hp_per_floor":[65,65,65,65,65,65,65,65,65,65,65,65,65,60,60,60,60,60,60,60,60,60,60,60,60,60,60,60,60,60,60,60,60,60,60,60,60,60,60,60,60,60,60,60,60,60,60,60,60,60,60,60,96,96,96,96,96,96,96,96,96,96,96,96,96,96,96,96,96],"card_choices":[{"not_picked":["SubAcupoint:ReiMu+1","MountainWay:ReiMu+1"],"picked":"NineCharacters:ReiMu+1","floor":1.0},{"not_picked":["AirStrike:ReiMu+1","EmergencyTakeOff:ReiMu+1","SpreadBorder2:ReiMu+1"],"picked":"SKIP","floor":2.0},{"not_picked":["SpringWay:ReiMu+1","PayForSelf:ReiMu+1"],"picked":"CareerPray:ReiMu+1","floor":3.0},{"not_picked":["SpringWay:ReiMu+1","Intuition:ReiMu+1"],"picked":"MountainWay:ReiMu+1","floor":4.0},{"not_picked":["FantasyMoon:ReiMu+1","BarrageOfMoneybags:ReiMu+1","EmergencyTakeOff:ReiMu+1"],"picked":"SKIP","floor":5.0},{"not_picked":["CareerPray:ReiMu+1","EmergencyTakeOff:ReiMu+1","SpreadBorder2:ReiMu+1"],"picked":"SKIP","floor":6.0},{"not_picked":["TightArray:ReiMu+1","KyokaiOfKami:ReiMu+1"],"picked":"Revelation:ReiMu+1","floor":7.0},{"not_picked":["SpiritualOutbreak2:ReiMu+1","KamiSacrifice:ReiMu+1"],"picked":"SubcavityInstant:ReiMu+1","floor":8.0},{"not_picked":["Enchanting:ReiMu+1","SpiritualOutbreak2:ReiMu+1"],"picked":"WonderfulDomain:ReiMu+1","floor":10.0},{"not_picked":["Meditation:ReiMu+1","SpiritualOutbreak2:ReiMu+1"],"picked":"Authority:ReiMu+1","floor":12.0},{"not_picked":["AirManeuver:ReiMu+1","CollectionFlower2:ReiMu+1"],"picked":"Meditation:ReiMu+1","floor":13.0},{"not_picked":["Shading:ReiMu+1","KyokaiOfKami:ReiMu+1"],"picked":"Authority:ReiMu+1","floor":16.0},{"not_picked":["TightArray:ReiMu+1","LearningPray:ReiMu+1","Enchanting:ReiMu+1"],"picked":"AirManeuver:ReiMu+1","floor":18.0},{"not_picked":["TightArray:ReiMu+1","EmergencyTakeOff:ReiMu+1","YinYangSign:ReiMu+1"],"picked":"SpreadBorder2:ReiMu+1","floor":20.0},{"not_picked":["WonderfulDomain:ReiMu+1","SpreadBorder2:ReiMu+1","Meditation:ReiMu+1"],"picked":"SpringWay:ReiMu+1","floor":22.0},{"not_picked":["OrbThrow:ReiMu+1","AlertArray:ReiMu+1","Enchanting:ReiMu+1"],"picked":"SealNeedle:ReiMu+1","floor":23.0},{"not_picked":["TightArray:ReiMu+1","Conquer:ReiMu+1","OctopathBindingBorder2:ReiMu+1"],"picked":"YinYangSange:ReiMu+1","floor":24.0},{"not_picked":["AlertArray:ReiMu+1","ManaGlint:ReiMu+1","FoulBorder2:ReiMu+1"],"picked":"Shading:ReiMu+1","floor":25.0},{"not_picked":["WonderfulDomain:ReiMu+1","CollectionFlower2:ReiMu+1","FineLineFantasy:ReiMu+1"],"picked":"AirStrike:ReiMu+1","floor":27.0},{"not_picked":["SealNeedle:ReiMu+1","UpKicking:ReiMu+1","SubAcupoint:ReiMu+1"],"picked":"PrepareRite:ReiMu+1","floor":28.0},{"not_picked":["FantasyMoon:ReiMu+1","Intuition:ReiMu+1","SubAcupoint:ReiMu+1"],"picked":"Meditation:ReiMu+1","floor":31.0},{"not_picked":["PrayRite:ReiMu+1","OctopathSalyBorderN:ReiMu+1","CardOfSanctity:ReiMu+1"],"picked":"KamiRite:ReiMu+1","floor":33.0},{"not_picked":["Conquer:ReiMu+1","BarrageOfMoneybags:ReiMu+1","Amulet:ReiMu+1"],"picked":"SpringWay:ReiMu+1","floor":35.0},{"not_picked":["Amulet:ReiMu+1","Intuition:ReiMu+1","NineCharacters:ReiMu+1"],"picked":"RainPray2:ReiMu+1","floor":36.0},{"not_picked":["FineLineFantasy:ReiMu+1","Mountainwind:ReiMu+1","KamiSacrifice:ReiMu+1"],"picked":"TakeOff:ReiMu+1","floor":39.0},{"not_picked":["Conquer:ReiMu+1","AirManeuver:ReiMu+1","Amulet:ReiMu+1"],"picked":"Revelation:ReiMu+1","floor":40.0},{"not_picked":["Enchanting:ReiMu+1","WonderfulDomain:ReiMu+1","CareerPray:ReiMu+1"],"picked":"KamiRite:ReiMu+1","floor":45.0},{"not_picked":["WonderfulDomain:ReiMu+1","OrbThrow:ReiMu+1","TightArray:ReiMu+1"],"picked":"YinYangSign:ReiMu+1","floor":46.0},{"not_picked":["SubcavityInstant:ReiMu+1","UniversalSpiritual:ReiMu+1","Mountainwind:ReiMu+1"],"picked":"RainPray2:ReiMu+1","floor":47.0},{"not_picked":["AirStrike:ReiMu","Meditation:ReiMu","Intuition:ReiMu"],"picked":"SKIP","floor":54.0},{"not_picked":["EmergencyTakeOff:ReiMu","YinYangSange:ReiMu","Amulet:ReiMu"],"picked":"SKIP","floor":55},{"not_picked":["CareerPray:ReiMu","Free:ReiMu"],"picked":"KamiSacrifice:ReiMu","floor":57},{"not_picked":["PrepareRite:ReiMu+1","SpringWay:ReiMu+1"],"picked":"Conquer:ReiMu+1","floor":59},{"not_picked":["SafetyPray:ReiMu","WonderfulDomain:ReiMu+1","AirStrike:ReiMu"],"picked":"SKIP","floor":60},{"not_picked":["YinYang:ReiMu","SpringWay:ReiMu"],"picked":"SubcavityFantasy:ReiMu","floor":63},{"not_picked":["EmergencyTakeOff:ReiMu","SpringWay:ReiMu+1","WonderfulDomain:ReiMu+1"],"picked":"SKIP","floor":67}],"player_experience":645218,"relics_obtained":[{"floor":6.0,"key":"Anchor"},{"floor":12.0,"key":"Blood Vial"},{"floor":21.0,"key":"Shuriken"},{"floor":23.0,"key":"hubris:Metronome"},{"floor":25.0,"key":"Quantum Egg"},{"floor":26.0,"key":"conspire:Dentures"},{"floor":27.0,"key":"Mirror"},{"floor":29.0,"key":"Replay:Rubber Ducky"},{"floor":31.0,"key":"Replay:Bottled Snecko"},{"floor":43.0,"key":"construct:FoamFinger"},{"floor":45.0,"key":"Iron Hammer"},{"floor":47.0,"key":"Bottled Tornado"},{"floor":53.0,"key":"animator:TheWolleyCore"},{"floor":53.0,"key":"animator:AncientMedallion"},{"floor":56,"key":"animator:AncientMedallion"},{"floor":57,"key":"animator:AncientMedallion"},{"floor":63,"key":"animator:AncientMedallion"},{"floor":64,"key":"animator:AncientMedallion"},{"floor":67,"key":"animator:AncientMedallion"}],"event_choices":[{"damage_healed":0.0,"max_hp_gain":0.0,"max_hp_loss":0.0,"gold_gain":0.0,"event_name":"conspire:Investor","player_choice":"Leave","floor":11.0,"gold_loss":0.0,"damage_taken":0.0},{"damage_healed":0.0,"max_hp_gain":0.0,"max_hp_loss":5.0,"gold_gain":0.0,"event_name":"Golden Idol","player_choice":"Lose Max HP","floor":14.0,"gold_loss":0.0,"damage_taken":0.0,"relics_obtained":["Golden Idol"]},{"cards_removed":["Strike_Lin:ReiMu"],"damage_healed":0.0,"max_hp_gain":0.0,"max_hp_loss":0.0,"gold_gain":0.0,"event_name":"Back to Basics","player_choice":"Elegance","floor":19.0,"gold_loss":0.0,"damage_taken":0.0},{"cards_removed":["YinYangSange:ReiMu"],"damage_healed":0.0,"max_hp_gain":0.0,"max_hp_loss":0.0,"gold_gain":0.0,"event_name":"Falling","player_choice":"Removed Power","floor":38.0,"gold_loss":0.0,"damage_taken":0.0},{"damage_healed":0.0,"max_hp_gain":0.0,"max_hp_loss":0.0,"gold_gain":0.0,"event_name":"Upgrade Shrine","player_choice":"Upgraded","floor":42.0,"gold_loss":0.0,"damage_taken":0.0,"cards_upgraded":["NB:ReiMu"]},{"damage_healed":0.0,"max_hp_gain":0.0,"max_hp_loss":0.0,"gold_gain":100.0,"event_name":"Golden Shrine","player_choice":"Pray","floor":48.0,"gold_loss":0.0,"damage_taken":0.0}],"is_beta":false,"boss_relics":[{"not_picked":["Painkiller Herb","Runic Pyramid"],"picked":"Honey Jar"},{"not_picked":["hubris:Stopwatch","Ring of Chaos"],"picked":"Runic Dome"}],"items_purged_floors":[30,37,41],"is_endless":false,"potions_floor_spawned":[2,3,4,8,10,13,22,23,31,33,40,45,47,59,60,63],"ascension_level":0}}