{"host":"bpnwh7vpv9k3tssc","time":1613425238,"event":{"mods":["BaseMod","Colored Map","Colored Powertips","Curses Come First","Highlight Path","Minty Spire (QoL Compilation)","Quick Restart","Random Character Button","Relic Sorter","StSLib"],"gold_per_floor":[116,96,73,93,104,104,135,160,172,218,230,254,276,300,312,428,440,463,475,475],"floor_reached":19,"language":"ENG","playtime":710,"items_purged":[],"score":260,"play_id":"3f2fa0e8-d776-4e56-837e-2931456dc4ff","local_time":"20210215224038","is_ascension_mode":true,"campfire_choices":[{"data":"Redo","floor":6,"key":"SMITH"},{"floor":11,"key":"REST"},{"data":"Streamline","floor":15,"key":"SMITH"}],"circlet_count":0,"master_deck":["Strike_B","Strike_B","Defend_B","Defend_B","Defend_B","Defend_B","Zap","Dualcast","Steam","Redo+1","Leap","Conserve Battery","Aggregate","All For One","Streamline+1","Fission"],"relics":["Cracked Core","Bag of Preparation","Nunchaku","MawBank","FossilizedHelix","Lantern","Empty Cage"],"acts_visited":["Exordium","TheCity"],"potions_floor_usage":[16,16,18],"damage_taken":[{"damage":7,"enemies":"Small Slimes","floor":1,"turns":3},{"damage":1,"enemies":"Cultist","floor":4,"turns":3},{"damage":3,"enemies":"Jaw Worm","floor":5,"turns":3},{"damage":26,"enemies":"3 Sentries","floor":7,"turns":9},{"damage":18,"enemies":"Lagavulin","floor":10,"turns":8},{"damage":6,"enemies":"Large Slime","floor":12,"turns":5},{"damage":0,"enemies":"Exordium Wildlife","floor":13,"turns":3},{"damage":0,"enemies":"Looter","floor":14,"turns":3},{"damage":57,"enemies":"The Guardian","floor":16,"turns":15},{"damage":20,"enemies":"3 Byrds","floor":18,"turns":4},{"damage":9,"enemies":"Chosen","floor":19,"turns":5}],"seed_played":"-6216646861492064844","potions_obtained":[{"floor":2,"key":"EntropicBrew"},{"floor":5,"key":"Block Potion"},{"floor":10,"key":"FairyPotion"},{"floor":16,"key":"ColorlessPotion"}],"is_trial":false,"path_per_floor":["M","?","$","M","M","R","E","T","T","E","R","M","M","M","R","B",null,"M","M"],"character_chosen":"DEFECT","items_purchased":["Redo"],"campfire_rested":1,"item_purchase_floors":[3],"current_hp_per_floor":[61,61,61,60,57,57,31,31,31,13,35,29,29,29,29,13,60,40,31,31],"gold":475,"neow_bonus":"RANDOM_COMMON_RELIC","is_daily":false,"chose_seed":false,"campfire_upgraded":2,"win_rate":0.0,"timestamp":1613425238,"path_taken":["M","?","$","?","M","R","E","?","T","E","R","?","M","M","R","BOSS","M","M"],"items_purchased_type":["Card"],"build_version":"2020-12-22","purchased_purges":0,"victory":false,"max_hp_per_floor":[75,75,75,75,75,75,75,75,75,75,75,75,75,75,75,75,75,75,75,75],"card_choices":[{"not_picked":["Reinforced Body","Heatsinks"],"picked":"Steam","floor":1},{"not_picked":["Fusion","Rebound"],"picked":"Leap","floor":4},{"not_picked":["BootSequence","Static Discharge"],"picked":"Conserve Battery","floor":5},{"not_picked":["Undo","Stack"],"picked":"Aggregate","floor":7},{"not_picked":["Auto Shields","Coolheaded"],"picked":"All For One","floor":10},{"not_picked":["Chaos","Auto Shields"],"picked":"Streamline","floor":12},{"not_picked":["Static Discharge","Lockon","Sweeping Beam"],"picked":"SKIP","floor":13},{"not_picked":["Barrage","Stack","Blizzard"],"picked":"SKIP","floor":14},{"not_picked":["Seek","Hyperbeam"],"picked":"Fission","floor":16},{"not_picked":["Barrage","Compile Driver","Aggregate"],"picked":"SKIP","floor":18}],"player_experience":407924,"relics_obtained":[{"floor":7,"key":"Nunchaku"},{"floor":8,"key":"MawBank"},{"floor":9,"key":"FossilizedHelix"},{"floor":10,"key":"Lantern"}],"event_choices":[{"damage_healed":0,"gold_gain":0,"player_choice":"Bought 1 Potion","damage_taken":0,"max_hp_gain":0,"max_hp_loss":0,"event_name":"The Woman in Blue","floor":2,"gold_loss":0}],"is_beta":false,"boss_relics":[{"not_picked":["Coffee Dripper","Cursed Key"],"picked":"Empty Cage"}],"items_purged_floors":[],"is_endless":false,"potions_floor_spawned":[5,10,14,16],"killed_by":"Chosen","ascension_level":9}}