{"host":"nlbr7nnijupf3yfg","time":1613433134,"event":{"mods":["AchievementEnabler","BaseMod","BetterRewards","Colored Powertips","DeckTracker","Downfall","Hermit","Hubris","Infinite Spire","Minty Spire (QoL Compilation)","Quick Restart","Replay The Spire","StSLib","SuperFastMode","The Saiyan","The Servant 0.9.4"],"gold_per_floor":[113,13,13,13,26,60,60,80,80,93,93,93,111,111,111,210,210,228,168,168,183,108,136,136,163,163,163,163],"floor_reached":27,"language":"ENG","playtime":468,"items_purged":["Strike_R","downfall:Aged"],"score":598,"play_id":"1f7ac0a9-f584-4b92-8a1d-432fe050d4c6","local_time":"20210215185214","is_ascension_mode":true,"campfire_choices":[{"data":"Fire Breathing","floor":7,"key":"SMITH"},{"floor":11,"key":"REST"},{"floor":15,"key":"REST"}],"circlet_count":0,"master_deck":["AscendersBane","Strike_R","Strike_R","Defend_R","Defend_R","Defend_R","Defend_R","Bash","Fire Breathing+1","ReplayTheSpireMod:LeadingStrike","Whirlwind+1","Dark Embrace","Shrug It Off","ReplayTheSpireMod:Strike From Hell","Cleave","Life Link+1","Bludgeon","hubris:InfiniteBlow+4","Corruption+1","Armaments","ReplayTheSpireMod:??????????????????????","Replay:Undeath\u0027s Touch","Evolve+1","Pain","infinitespire:OneForAll"],"relics":["Burning Blood","Strange Spoon","hubris:AstralHammer","TungstenRod","hubris:BottledRain","Meat on the Bone","Replay:Wanted Poster","Ice Cream","Ring of Chaos","hubris:Towel","Frozen Egg 2","Strawberry","infinitespire:Joker Card","hubris:KleinBottle","King of Hearts","hubris:Backtick","Bottled Lightning","StoneCalendar","WarpedTongs","Oddly Smooth Stone","Matryoshka"],"acts_visited":["Exordium","TheCity"],"potions_floor_usage":[27,27],"damage_taken":[{"damage":0,"enemies":"Small Slimes","floor":1,"turns":1},{"damage":0,"enemies":"Cultist","floor":5,"turns":3},{"damage":28,"enemies":"3 Sentries","floor":6,"turns":5},{"damage":16,"enemies":"2 Louse","floor":8,"turns":2},{"damage":10,"enemies":"Lots of Slimes","floor":10,"turns":2},{"damage":12,"enemies":"Looter","floor":13,"turns":2},{"damage":17,"enemies":"Slime Boss","floor":16,"turns":6},{"damage":15,"enemies":"Chosen","floor":18,"turns":3},{"damage":21,"enemies":"Spheric Guardian","floor":21,"turns":4},{"damage":0,"enemies":"Book of Stabbing","floor":23,"turns":1},{"damage":53,"enemies":"Gremlin Leader","floor":25,"turns":5},{"damage":29,"enemies":"Nightmare","floor":27,"turns":3}],"seed_played":"-1813974759639366447","potions_obtained":[{"floor":8,"key":"hexamod:SoulburnPotion"},{"floor":10,"key":"ElixirPotion"},{"floor":25,"key":"AttackPotion"}],"is_trial":false,"path_per_floor":["M","$","?","?","M","E","R","M","T","M","R","$","M","$","R","B",null,"M","?","AVR","M","?","E","?","E","T","NM"],"character_chosen":"IRONCLAD","items_purchased":["Strange Spoon","TungstenRod","Fire Breathing","Whirlwind+1","hubris:KleinBottle"],"campfire_rested":2,"item_purchase_floors":[0,0,0,0,14],"current_hp_per_floor":[75,75,75,75,75,60,60,50,50,58,82,82,76,57,81,70,79,70,70,70,55,55,61,61,26,26,0,0],"gold":163,"neow_bonus":"","is_daily":false,"chose_seed":false,"campfire_upgraded":1,"win_rate":0.0,"timestamp":1613433134,"path_taken":["M","$","?","?","?","E","R","M","T","M","R","$","M","?","R","BOSS","M","?","AVR","?","?","E","?","E","T","NM"],"items_purchased_type":["Relic","Relic","Card","Card","Relic"],"build_version":"2020-12-22","purchased_purges":2,"victory":false,"max_hp_per_floor":[75,75,75,75,75,82,82,82,82,82,82,82,82,82,82,82,82,82,82,82,82,82,82,82,82,82,82,82],"card_choices":[{"not_picked":["Spot Weakness","Metallicize"],"picked":"Dark Embrace","floor":1},{"not_picked":["Sever Soul","Iron Wave"],"picked":"Shrug It Off","floor":5},{"not_picked":["infinitespire:OneForAll","Offering"],"picked":"ReplayTheSpireMod:Strike From Hell","floor":6},{"not_picked":["ReplayTheSpireMod:Strike From Hell","Carnage"],"picked":"Cleave","floor":8},{"not_picked":["Flex","Pummel"],"picked":"Life Link+1","floor":10},{"not_picked":["Disarm","True Grit"],"picked":"Bludgeon","floor":13},{"not_picked":["infinitespire:Oblivion","ReplayTheSpireMod:Book of Names"],"picked":"hubris:InfiniteBlow+4","floor":14},{"not_picked":["Reaper","Double Tap"],"picked":"Corruption+1","floor":16},{"not_picked":["ReplayTheSpireMod:Strike From Hell","Dual Wield"],"picked":"Armaments","floor":18},{"not_picked":["Wild Strike","hubris:ReadiedAction"],"picked":"Replay:Undeath\u0027s Touch","floor":21},{"not_picked":["Warcry","Shrug It Off"],"picked":"Evolve+1","floor":23},{"not_picked":["Headbutt","Battle Trance"],"picked":"infinitespire:OneForAll","floor":25}],"player_experience":81707,"relics_obtained":[{"floor":6,"key":"Strawberry"},{"floor":9,"key":"infinitespire:Joker Card"},{"floor":23,"key":"StoneCalendar"},{"floor":25,"key":"Oddly Smooth Stone"},{"floor":26,"key":"Matryoshka"}],"event_choices":[{"cards_removed":["ReplayTheSpireMod:Stacked"],"damage_healed":0,"gold_gain":0,"player_choice":"Gave Card","damage_taken":0,"relics_obtained":["Frozen Egg 2"],"max_hp_gain":0,"max_hp_loss":0,"event_name":"WeMeetAgain","floor":4,"gold_loss":0},{"cards_removed":["Strike_R"],"damage_healed":0,"gold_gain":0,"player_choice":"Single Remove","damage_taken":0,"max_hp_gain":0,"max_hp_loss":0,"event_name":"Designer","floor":19,"gold_loss":60},{"cards_removed":["Strike_R"],"damage_healed":0,"gold_gain":0,"player_choice":"Gave Gold","damage_taken":0,"max_hp_gain":0,"max_hp_loss":0,"event_name":"Beggar","floor":22,"gold_loss":75},{"damage_healed":0,"gold_gain":0,"player_choice":"Rummage","damage_taken":0,"relics_obtained":["WarpedTongs"],"max_hp_gain":0,"max_hp_loss":0,"event_name":"Accursed Blacksmith","floor":24,"gold_loss":0,"cards_obtained":["Pain"]}],"is_beta":false,"boss_relics":[{"not_picked":[]}],"items_purged_floors":[0,2],"is_endless":false,"potions_floor_spawned":[8,10,13,21,25],"killed_by":"Nightmare","ascension_level":12}}