{"host":"ojezjkpqju62j8xy","time":1613394073,"event":{"mods":["ATMod(°¢èªMod)","Act Like it!","Aspiration","BaseMod","Conspire","Gensokyo","Minty Spire (QoL Compilation)","Pale of the Ancients","Reliquary","Replay The Spire","Spicy Shops","StSLib","¡¾ÒÅÎï¿¨ÅÆ¡¿REMEMod","²ÐÁôÖ®Îï"],"gold_per_floor":[119,119,138,18,38,38,67,67,67,85,303,303,333,353,353,428,428,447,757,757,757,303,337,337,363,388,40,559,559,559],"floor_reached":29,"language":"ZHS","playtime":1095,"items_purged":["Doubt"],"score":490,"play_id":"135972a4-0337-4f67-a103-07247c2db8c3","local_time":"20210215210113","is_ascension_mode":true,"campfire_choices":[{"floor":6,"key":"RECALL"},{"floor":15,"key":"REST"},{"floor":24,"key":"REST"}],"circlet_count":0,"master_deck":["AscendersBane","Strike_B","Strike_B","Strike_B","Strike_B","Defend_B","Defend_B","Defend_B","Defend_B","Zap","Dualcast","AT_OneInchPunch","PlaceholderMod:Package","Cold Snap","Auto Shields","ReplayTheSpireMod:Calculation Training","Rebound","Leap","Loop","White Noise","AT_ThunderBolt","Meteor Strike","FTL","White Noise+1","Gensokyo:BlemishedSteel","Gensokyo:ReactiveArmor","Chill+1","Doom and Gloom","ReplayTheSpireMod:Omega Cannon","Compile Driver","Biased Cognition","Rip and Tear+1"],"relics":["Cracked Core","AT_ATBox","REME_ComplimentaryCards","reliquary:RoseTintedGlasses","reliquary:PartyBalloon","AT_EbonyIvory","Philosopher\u0027s Stone","HandDrill","Centennial Puzzle","Replay:Bottled Steam","AT_ChloranthyRing","ReplayTheSpireMod:CursedCoin"],"acts_visited":["Gensokyo:Gensokyo","Gensokyo:Gensokyoer"],"potions_floor_usage":[16,19,25],"damage_taken":[{"damage":0,"enemies":"Gensokyo:3_Fairies","floor":1,"turns":4},{"damage":5,"enemies":"Gensokyo:2_Kodama","floor":3,"turns":2},{"damage":12,"enemies":"Gensokyo:Gryphon","floor":5,"turns":3},{"damage":11,"enemies":"Gensokyo:Cirno","floor":7,"turns":6},{"damage":0,"enemies":"Gensokyo:Kitsune","floor":10,"turns":3},{"damage":11,"enemies":"Gensokyo:CorruptedTreant","floor":11,"turns":3},{"damage":17,"enemies":"Gensokyo:Aya","floor":13,"turns":5},{"damage":0,"enemies":"Gensokyo:VengefulSpirit","floor":14,"turns":3},{"damage":16,"enemies":"Gensokyo:Reimu","floor":16,"turns":17},{"damage":18,"enemies":"Gensokyo:2_Gloops","floor":18,"turns":6},{"damage":34,"enemies":"Gensokyo:3_Dogs","floor":19,"turns":5},{"damage":0,"enemies":"Gensokyo:Reisen","floor":23,"turns":7},{"damage":25,"enemies":"Gensokyo:Tenshi","floor":25,"turns":8},{"damage":10,"enemies":"Gensokyo:Slime_Group","floor":28,"turns":5},{"damage":16,"enemies":"Gensokyo:Wraith","floor":29,"turns":2}],"seed_played":"2667645162866047116","potions_obtained":[{"floor":3,"key":"Energy Potion"},{"floor":11,"key":"Dexterity Potion"},{"floor":14,"key":"AttackPotion"},{"floor":23,"key":"LifebloodPotion"},{"floor":25,"key":"ColorlessPotion"}],"is_trial":false,"path_per_floor":["M","?","M","COS","M","R","E","?","T","M","M","?","E","M","R","B",null,"M","M","?","?","COS","E","R","E","T","$","M","M"],"character_chosen":"DEFECT","items_purchased":["ReplayTheSpireMod:CursedCoin","Biased Cognition"],"campfire_rested":2,"item_purchase_floors":[27,27],"current_hp_per_floor":[71,78,73,73,61,61,50,50,50,50,39,39,22,22,45,29,66,48,14,14,22,22,22,45,20,20,20,10,0,0],"gold":559,"neow_bonus":"TEN_PERCENT_HP_BONUS","is_daily":false,"chose_seed":false,"campfire_upgraded":0,"win_rate":0.0,"timestamp":1613394073,"path_taken":["M","?","?","COS","M","R","E","?","T","M","M","?","E","?","R","BOSS","M","M","?","?","COS","E","R","E","T","$","?","M"],"items_purchased_type":["Relic","Card"],"build_version":"2020-12-22","purchased_purges":1,"victory":false,"max_hp_per_floor":[78,78,78,78,78,78,78,78,78,78,78,78,78,78,78,78,78,78,78,78,78,78,78,78,78,78,78,78,78,78],"card_choices":[{"not_picked":["Rebound","BasicCrystalCard"],"picked":"Cold Snap","floor":1},{"not_picked":["AT_HeatAcrobatics","Coolheaded"],"picked":"Auto Shields","floor":3},{"not_picked":["AT_HeatAcrobatics","Undo"],"picked":"ReplayTheSpireMod:Calculation Training","floor":5},{"not_picked":["conspire:SharedLibrary","Compile Driver"],"picked":"Rebound","floor":7},{"not_picked":["Hologram","Sweeping Beam"],"picked":"Leap","floor":10},{"not_picked":["Compile Driver","Stack"],"picked":"Loop","floor":11},{"not_picked":["Steam","Ball Lightning"],"picked":"White Noise","floor":13},{"not_picked":["Barrage","AT_HeatAcrobatics"],"picked":"AT_ThunderBolt","floor":14},{"not_picked":["All For One","Thunder Strike"],"picked":"Meteor Strike","floor":16},{"not_picked":["Fusion","Steam"],"picked":"FTL","floor":18},{"not_picked":["Turbo","Hologram"],"picked":"White Noise+1","floor":19},{"not_picked":["Genetic Algorithm+1","Reinforced Body+1"],"picked":"Chill+1","floor":23},{"not_picked":["Compile Driver","Conserve Battery"],"picked":"Doom and Gloom","floor":23},{"not_picked":["Multi-Cast","Thunder Strike"],"picked":"ReplayTheSpireMod:Omega Cannon","floor":25},{"not_picked":["Reinforced Body","AT_HeatAcrobatics"],"picked":"Compile Driver","floor":25},{"not_picked":["Leap+1","aspiration:Polymerization"],"picked":"Rip and Tear+1","floor":28}],"player_experience":1525930,"relics_obtained":[{"floor":7,"key":"reliquary:PartyBalloon"},{"floor":13,"key":"AT_EbonyIvory"},{"floor":23,"key":"Centennial Puzzle"},{"floor":25,"key":"Replay:Bottled Steam"},{"floor":26,"key":"AT_ChloranthyRing"}],"event_choices":[{"damage_healed":0,"gold_gain":0,"player_choice":"Leave","damage_taken":0,"max_hp_gain":0,"max_hp_loss":0,"event_name":"conspire:Investor","floor":8,"gold_loss":0}],"is_beta":false,"boss_relics":[{"not_picked":["Runic Dome","FrozenCore"],"picked":"Philosopher\u0027s Stone"}],"items_purged_floors":[27],"is_endless":false,"potions_floor_spawned":[3,11,14,23,25],"killed_by":"Gensokyo:Wraith","ascension_level":14}}