{"host":"ty9fb48q9oru32qm","time":1613419777,"event":{"mods":["2.2 Compatiblity","AchievementEnabler","Act Like it!","Astrologer","BaseMod","Beaked The Cultist","Better Synergies","Block Reminder","ChefMod","Colored Powertips","Conspire","DeckTracker","Downfall","Friendly Minions","GifTheSpireLib","Hermit","Hubris","Infinite Spire","Jorbs\u0027s Wanderer Trilogy","Marisa????????","Minty Spire (QoL Compilation)","Permanent Neow","Quick Restart","Random Character Button","Reliquary","Replay The Spire","Somnambulant","StSLib","Stuff the Spire","The Construct","The Cursed","The Marked","The Runesmith","The Servant 0.9.4","TheHeartMod"],"gold_per_floor":[112,18,18,32,51,51,78,78,78,91,116,116,147,167,167,267,267,286,286,304,304,304],"floor_reached":21,"language":"ENG","playtime":1913,"items_purged":[],"score":199,"play_id":"4957f4f0-a803-48a1-90da-354c2ec5f89f","local_time":"20210215210937","is_ascension_mode":false,"campfire_choices":[{"data":"theMarked:GodGivenPower","floor":6,"key":"SMITH"},{"floor":8,"key":"REST"},{"floor":12,"key":"REST"},{"data":"theMarked:RogueSparks","floor":15,"key":"SMITH"}],"circlet_count":0,"master_deck":["theMarked:Strike","theMarked:Strike","theMarked:Strike","theMarked:Defend","theMarked:Defend","theMarked:Defend","theMarked:Defend","theMarked:SoldierOfQuellstein","theMarked:GodGivenPower+1","theMarked:HeightenedSenses","theMarked:TwofoldDefense","theMarked:BiggerThanFate","theMarked:WardOff","theMarked:RogueSparks+1","theMarked:TakeOffHeels","Doubt","TheCursedMod:Dregs","downfall:Icky","theMarked:Electrify","Sickly","theMarked:WardOff+1"],"relics":["theMarked:ArtifactOfAir","hubris:DeckOfHolding","Replay:Bottled Steam","Replay:Bottled Flurry","StuffTheSpire:TintedRock","Replay:Ancient Bell","Bag of Marbles","Golden Egg","Dead Branch","ReplayTheSpireMod:Ring of Exchange","Ring of Hypnosis"],"acts_visited":["Exordium","TheCity"],"potions_floor_usage":[7,18,21],"damage_taken":[{"damage":2,"enemies":"2 Louse","floor":1,"turns":3},{"damage":12,"enemies":"infinitespire:Voidling","floor":4,"turns":6},{"damage":3,"enemies":"Small Slimes","floor":5,"turns":6},{"damage":25,"enemies":"Gremlin Nob","floor":7,"turns":4},{"damage":2,"enemies":"Blue Slaver","floor":10,"turns":5},{"damage":21,"enemies":"Lagavulin","floor":11,"turns":6},{"damage":14,"enemies":"3 Sentries","floor":13,"turns":7},{"damage":0,"enemies":"2 Fungi Beasts","floor":14,"turns":4},{"damage":19,"enemies":"Hexaghost","floor":16,"turns":11},{"damage":16,"enemies":"Spheric Guardian","floor":18,"turns":8},{"damage":27,"enemies":"Chosen","floor":20,"turns":6},{"damage":6,"enemies":"3 Cultists","floor":21,"turns":3}],"seed_played":"3817701181469252676","potions_obtained":[{"floor":1,"key":"champ:CounterPotion"},{"floor":5,"key":"theMarked:ChargePotion"},{"floor":11,"key":"Adrenaline Potion"},{"floor":16,"key":"Explosive Potion"},{"floor":18,"key":"ColorlessPotion"}],"is_trial":false,"path_per_floor":["M","$","?","M","M","R","E","R","T","M","E","R","E","M","R","B",null,"M","?","M","M"],"character_chosen":"THE_DEFAULT","items_purchased":["theMarked:GodGivenPower","theMarked:HeightenedSenses"],"campfire_rested":2,"item_purchase_floors":[2,2],"current_hp_per_floor":[68,68,68,56,53,53,28,49,49,47,26,47,33,33,33,14,70,54,54,27,21,21],"gold":304,"neow_bonus":"RANDOM_EVENT","is_daily":false,"chose_seed":false,"campfire_upgraded":2,"win_rate":0.0,"timestamp":1613419777,"path_taken":["M","$","?","M","M","R","E","R","T","M","E","R","E","?","R","BOSS","M","?","M","M"],"items_purchased_type":["Card","Card"],"build_version":"2020-12-22","purchased_purges":0,"victory":false,"max_hp_per_floor":[70,70,70,70,70,70,70,70,70,70,70,70,70,70,70,70,70,70,70,70,70,70],"card_choices":[{"not_picked":["theMarked:WardOff","theMarked:Parkour","theMarked:Indomitable"],"picked":"SKIP","floor":1},{"not_picked":["theMarked:ElectricStrings","theMarked:WastefulAttack"],"picked":"theMarked:TwofoldDefense","floor":4},{"not_picked":["theMarked:ResourceFulStrike","theMarked:ParalyzingBlade","theMarked:GodGivenPower"],"picked":"SKIP","floor":5},{"not_picked":["theMarked:EmpowerWeapon","theMarked:ElectricStrings"],"picked":"theMarked:BiggerThanFate","floor":7},{"not_picked":["theMarked:HeightenedSenses","theMarked:Memento","theMarked:ElectricStrings"],"picked":"SKIP","floor":10},{"not_picked":["theMarked:FavorableWinds","theMarked:WastefulAttack"],"picked":"theMarked:WardOff","floor":11},{"not_picked":["theMarked:RepellingDischarge","theMarked:TwofoldDefense","theMarked:Electrocute"],"picked":"SKIP","floor":13},{"not_picked":["theMarked:Improvise","theMarked:GodGivenPower"],"picked":"theMarked:RogueSparks","floor":14},{"not_picked":["theMarked:BindingBlade","theMarked:ThrowWeapon"],"picked":"theMarked:TakeOffHeels","floor":16},{"not_picked":["Replay:Sluggish","ReplayTheSpireMod:Compounding Headache"],"picked":"Doubt","floor":17},{"not_picked":["Sickly","downfall:Bewildered"],"picked":"TheCursedMod:Dregs","floor":17},{"not_picked":["Regret","downfall:Haunted"],"picked":"downfall:Icky","floor":17},{"not_picked":["theMarked:Seal","theMarked:Improvise+1"],"picked":"theMarked:Electrify","floor":18},{"not_picked":["theMarked:TwofoldDefense","theMarked:EnhanceMovement"],"picked":"theMarked:WardOff+1","floor":20}],"player_experience":290897,"relics_obtained":[{"floor":7,"key":"hubris:DeckOfHolding"},{"floor":9,"key":"Replay:Bottled Steam"},{"floor":11,"key":"Replay:Bottled Flurry"},{"floor":13,"key":"StuffTheSpire:TintedRock"},{"floor":19,"key":"ReplayTheSpireMod:Ring of Exchange"},{"floor":19,"key":"Ring of Hypnosis"}],"event_choices":[{"cards_removed":["theMarked:Strike"],"damage_healed":0,"gold_gain":0,"player_choice":"Card Removal","damage_taken":0,"max_hp_gain":0,"max_hp_loss":0,"event_name":"Wheel of Change","floor":3,"gold_loss":0}],"is_beta":false,"boss_relics":[{"not_picked":["ReplayTheSpireMod:SealedPack","conspire:RunicOctahedron"],"picked":"Replay:Ancient Bell"},{"not_picked":["reliquary:Boomerang","Simple Rune"],"picked":"Bag of Marbles"},{"not_picked":["Pear","hubris:MobiusCoin"],"picked":"Golden Egg"},{"not_picked":["Gambling Chip","infinitespire:Joker Card"],"picked":"Dead Branch"}],"items_purged_floors":[],"is_endless":false,"potions_floor_spawned":[1,5,11,16,18],"killed_by":"3 Cultists","ascension_level":0}}