{"host":"d85gwtocd8go8gx0","time":1613352202,"event":{"mods":["AchievementEnabler","BaseMod","Better Altar","Better Skull","Better Third Choice","Block Reminder","Colored Powertips","Curses Come First","Dark Map","Filter the Spire","Highlight Path","Minty Spire (QoL Compilation)","Permanent Neow","Quick Restart","Shop Mod","StSLib","SuperFastMode","UnlockEverythingMod"],"gold_per_floor":[110,126,126,142,142,142,162,196,222,255,255,99,99,116,116,188,188,203,213,193,82,92,92,92,117,117,32,45,64,64,81,81,81,81],"floor_reached":33,"language":"ENG","playtime":1108,"items_purged":["Strike_P"],"score":604,"play_id":"aa92149c-c38c-4aa7-a077-b1550f9dacca","local_time":"20210214172322","is_ascension_mode":true,"campfire_choices":[{"data":"Eruption","floor":6.0,"key":"SMITH"},{"data":"ClearTheMind","floor":11.0,"key":"SMITH"},{"data":"CutThroughFate","floor":13.0,"key":"SMITH"},{"data":"Protect","floor":15.0,"key":"SMITH"},{"data":"Blasphemy","floor":23,"key":"SMITH"},{"floor":32,"key":"REST"}],"circlet_count":0,"master_deck":["AscendersBane","Strike_P","Strike_P","Strike_P","Defend_P","Defend_P","Defend_P","Defend_P","Eruption+1","Vigilance","Judgement+1","Consecrate","BowlingBash","CutThroughFate+1","EmptyMind","ClearTheMind+1","Brilliance","WheelKick","Protect+1","Blasphemy+1","WindmillStrike","MentalFortress+1","CutThroughFate","TalkToTheHand","Weave","Writhe","Tantrum","CrushJoints","FlurryOfBlows","SandsOfTime"],"relics":["HolyWater","Bag of Preparation","MealTicket","Pen Nib","Toxic Egg 2","Unceasing Top","Tiny Chest","Kunai","betterThird:NestCultRelic"],"acts_visited":["Exordium","TheCity"],"potions_floor_usage":[19,22,25,33,33],"damage_taken":[{"damage":1.0,"enemies":"Cultist","floor":1.0,"turns":4.0},{"damage":0.0,"enemies":"Jaw Worm","floor":2.0,"turns":2.0},{"damage":0.0,"enemies":"Small Slimes","floor":4.0,"turns":2.0},{"damage":5.0,"enemies":"Exordium Thugs","floor":7.0,"turns":4.0},{"damage":2.0,"enemies":"3 Sentries","floor":8.0,"turns":3.0},{"damage":0.0,"enemies":"Gremlin Nob","floor":10.0,"turns":2.0},{"damage":0.0,"enemies":"Looter","floor":14.0,"turns":1.0},{"damage":41.0,"enemies":"Hexaghost","floor":16.0,"turns":6.0},{"damage":15,"enemies":"2 Thieves","floor":18,"turns":3},{"damage":8,"enemies":"3 Byrds","floor":19,"turns":5},{"damage":0,"enemies":"Snake Plant","floor":22,"turns":1},{"damage":18,"enemies":"Gremlin Leader","floor":25,"turns":4},{"damage":0,"enemies":"Sentry and Sphere","floor":28,"turns":1},{"damage":14,"enemies":"Centurion and Healer","floor":29,"turns":4},{"damage":16,"enemies":"Snake Plant","floor":31,"turns":3},{"damage":33,"enemies":"Champ","floor":33,"turns":2}],"seed_played":"-6627430268581698463","potions_obtained":[{"floor":1.0,"key":"PowerPotion"},{"floor":4.0,"key":"SteroidPotion"},{"floor":16.0,"key":"Ancient Potion"},{"floor":18,"key":"SkillPotion"},{"floor":20,"key":"SneckoOil"},{"floor":22,"key":"Fire Potion"},{"floor":25,"key":"Energy Potion"}],"is_trial":false,"path_per_floor":["M","M","?","M","?","R","M","E","T","E","R","$","R","M","R","B",null,"M","M","?","$","M","R","?","E","T","?","M","M","?","M","R","B"],"character_chosen":"WATCHER","items_purchased":["WheelKick","CutThroughFate","TalkToTheHand"],"campfire_rested":1,"item_purchase_floors":[12,21,21],"current_hp_per_floor":[60,60,60,60,65,65,60,58,58,58,58,73,73,73,73,32,63,48,40,40,55,55,55,55,37,37,37,37,23,23,7,28,0,0],"gold":81,"neow_bonus":"ONE_RANDOM_RARE_CARD","is_daily":false,"chose_seed":false,"campfire_upgraded":5,"win_rate":0.0,"timestamp":1613352202,"path_taken":["M","M","?","M","?","R","M","E","T","E","R","?","R","M","R","BOSS","M","M","?","?","M","R","?","E","T","?","M","M","?","M","R","BOSS"],"items_purchased_type":["Card","Card","Card"],"build_version":"2020-12-22","purchased_purges":1,"victory":false,"max_hp_per_floor":[68,68,68,68,73,73,73,73,73,73,73,73,73,73,73,73,73,73,73,73,73,73,73,73,73,73,73,73,73,73,73,73,73,73],"card_choices":[{"not_picked":["FlyingSleeves","BattleHymn"],"picked":"Consecrate","floor":1.0},{"not_picked":["Crescendo","ThirdEye"],"picked":"BowlingBash","floor":2.0},{"not_picked":["Sanctity","Evaluate"],"picked":"CutThroughFate","floor":4.0},{"not_picked":["Adaptation","WreathOfFlame"],"picked":"EmptyMind","floor":7.0},{"not_picked":["PathToVictory","BowlingBash"],"picked":"ClearTheMind","floor":8.0},{"not_picked":["JustLucky","Evaluate"],"picked":"Brilliance","floor":10.0},{"not_picked":["DeceiveReality","Fasting2"],"picked":"Protect","floor":14.0},{"not_picked":["Alpha","Wish"],"picked":"Blasphemy","floor":16.0},{"not_picked":["Collect","EmptyMind"],"picked":"WindmillStrike","floor":18},{"not_picked":["SandsOfTime","WheelKick+1"],"picked":"MentalFortress+1","floor":19},{"not_picked":["Halt","Consecrate"],"picked":"Weave","floor":22},{"not_picked":["CarveReality","Vengeance+1"],"picked":"Tantrum","floor":25},{"not_picked":["ClearTheMind+1","CutThroughFate"],"picked":"CrushJoints","floor":28},{"not_picked":["JustLucky","Halt+1"],"picked":"FlurryOfBlows","floor":29},{"not_picked":["Blasphemy+1","TalkToTheHand"],"picked":"SandsOfTime","floor":31}],"player_experience":54664,"relics_obtained":[{"floor":8.0,"key":"Bag of Preparation"},{"floor":9.0,"key":"MealTicket"},{"floor":10.0,"key":"Pen Nib"},{"floor":25,"key":"Unceasing Top"},{"floor":26,"key":"Tiny Chest"}],"event_choices":[{"damage_healed":0.0,"max_hp_gain":0.0,"max_hp_loss":0.0,"gold_gain":0.0,"event_name":"Living Wall","player_choice":"Grow","floor":3.0,"gold_loss":0.0,"damage_taken":0.0,"cards_upgraded":["Judgement"]},{"damage_healed":0.0,"max_hp_gain":5.0,"max_hp_loss":0.0,"gold_gain":0.0,"event_name":"Big Fish","player_choice":"Donut","floor":5.0,"gold_loss":0.0,"damage_taken":0.0},{"damage_healed":0,"gold_gain":0,"player_choice":"Bought 1 Potion","damage_taken":0,"max_hp_gain":0,"max_hp_loss":0,"event_name":"The Woman in Blue","floor":20,"gold_loss":0},{"damage_healed":0,"gold_gain":0,"player_choice":"Opened","damage_taken":0,"relics_obtained":["Toxic Egg 2"],"max_hp_gain":0,"max_hp_loss":0,"event_name":"The Mausoleum","floor":24,"gold_loss":0,"cards_obtained":["Writhe"]},{"damage_healed":0,"gold_gain":0,"player_choice":"Obtained Relic","damage_taken":0,"relics_obtained":["Kunai"],"max_hp_gain":0,"max_hp_loss":0,"event_name":"Addict","floor":27,"gold_loss":85},{"damage_healed":0,"gold_gain":0,"player_choice":"Madness","damage_taken":0,"relics_obtained":["betterThird:NestCultRelic"],"max_hp_gain":0,"max_hp_loss":0,"event_name":"betterThird:BetterNest","floor":30,"gold_loss":0}],"is_beta":false,"boss_relics":[{"not_picked":["Calling Bell","VioletLotus"],"picked":"HolyWater"}],"items_purged_floors":[12],"is_endless":false,"potions_floor_spawned":[1,4,16,18,22,25],"killed_by":"Champ","ascension_level":20}}