{"host":"8cqz7u612ax6p4mk","time":1613412818,"event":{"mods":["AchievementEnabler","BaseMod","Bestiary","Colored Map","DeckTracker","Highlight Path","Minty Spire (QoL Compilation)","Relic Stats","The Servant 0.9.4"],"gold_per_floor":[119,194,207,482,250,283,283,283,283,32,67,90,104,69,69,173,223,238,254,272,97,97,97,112,124,175,175,200,212,225,244,244,244,244],"floor_reached":33,"language":"ENG","playtime":1237,"items_purged":["Regret","Strike_B","Defend_B"],"score":291,"play_id":"7a2f49e5-ad13-4968-9fd1-1d4bcbdae2b4","local_time":"20210215131338","is_ascension_mode":true,"campfire_choices":[{"floor":8,"key":"REST"},{"data":"Dualcast","floor":15,"key":"SMITH"},{"data":"Electrodynamics","floor":23,"key":"SMITH"},{"floor":32,"key":"REST"}],"circlet_count":0,"master_deck":["Strike_B+1","Strike_B+1","Defend_B+1","Defend_B+1","Zap+1","Dualcast+1","Sweeping Beam","Go for the Eyes","Electrodynamics+1","Conserve Battery","All For One","Gash","Redo+1","Fission","Defragment"],"relics":["Cracked Core","Juzu Bracelet","Anchor","Question Card","Potion Belt","MealTicket","Bronze Scales","Tiny House","PreservedInsect"],"acts_visited":["Exordium","TheCity"],"potions_floor_usage":[6,11,28,33,33],"damage_taken":[{"damage":12,"enemies":"Small Slimes","floor":1,"turns":3},{"damage":4,"enemies":"Jaw Worm","floor":3,"turns":3},{"damage":21,"enemies":"Gremlin Nob","floor":6,"turns":4},{"damage":17,"enemies":"3 Sentries","floor":11,"turns":10},{"damage":0,"enemies":"Cultist","floor":13,"turns":3},{"damage":27,"enemies":"The Guardian","floor":16,"turns":11},{"damage":10,"enemies":"Spheric Guardian","floor":18,"turns":3},{"damage":5,"enemies":"Shell Parasite","floor":19,"turns":5},{"damage":32,"enemies":"Shelled Parasite and Fungi","floor":20,"turns":4},{"damage":1,"enemies":"Snecko","floor":24,"turns":4},{"damage":0,"enemies":"Centurion and Healer","floor":25,"turns":4},{"damage":20,"enemies":"Slavers","floor":28,"turns":2},{"damage":0,"enemies":"Cultist and Chosen","floor":29,"turns":2},{"damage":10,"enemies":"3 Cultists","floor":30,"turns":3},{"damage":0,"enemies":"Centurion and Healer","floor":31,"turns":2},{"damage":47,"enemies":"Champ","floor":33,"turns":7}],"seed_played":"6183449449732713610","potions_obtained":[{"floor":3,"key":"Regen Potion"},{"floor":6,"key":"SkillPotion"},{"floor":17,"key":"PowerPotion"},{"floor":19,"key":"PotionOfCapacity"},{"floor":20,"key":"Swift Potion"},{"floor":30,"key":"FearPotion"},{"floor":31,"key":"Regen Potion"}],"is_trial":false,"path_per_floor":["M","?","M","?","$","E","?","R","T","$","E","T","M","?","R","B",null,"M","M","M","$","?","R","M","M","T","?","E","M","M","M","R","B"],"character_chosen":"DEFECT","items_purchased":["Juzu Bracelet","Potion Belt","Gash"],"campfire_rested":2,"item_purchase_floors":[5,10,21],"current_hp_per_floor":[56,45,41,41,41,29,22,42,42,42,25,25,25,42,42,15,73,63,58,26,41,41,41,40,40,40,40,20,20,10,10,31,0,0],"gold":244,"neow_bonus":"REMOVE_TWO","is_daily":false,"chose_seed":false,"campfire_upgraded":2,"win_rate":0.0,"timestamp":1613412818,"path_taken":["M","?","M","?","$","E","?","R","T","$","E","?","M","?","R","BOSS","M","M","M","$","?","R","M","M","T","?","E","M","M","M","R","BOSS"],"items_purchased_type":["Relic","Relic","Card"],"build_version":"2020-12-22","purchased_purges":3,"victory":false,"max_hp_per_floor":[68,68,68,68,68,68,68,68,68,68,68,68,68,68,68,68,73,73,73,73,73,73,73,73,73,73,73,73,73,73,73,73,73,73],"relic_stats":{"counters":[16,70],"Bronze Scales":[125],"MealTicket":15,"PreservedInsect":0,"Juzu Bracelet":1,"Question Card":13,"obtain_stats":[{"Potion Belt":10,"Anchor":6,"Tiny House":17,"Bronze Scales":12,"MealTicket":11,"PreservedInsect":28,"Juzu Bracelet":5,"Cracked Core":0,"Question Card":9},{"Potion Belt":3,"Anchor":3,"Tiny House":6,"Bronze Scales":4,"MealTicket":4,"PreservedInsect":12,"Juzu Bracelet":2,"Cracked Core":0,"Question Card":3},{"Potion Belt":10,"Anchor":10,"Tiny House":34,"Bronze Scales":20,"MealTicket":20,"PreservedInsect":56,"Juzu Bracelet":6,"Cracked Core":0,"Question Card":10}]},"card_choices":[{"not_picked":["Hologram","Compile Driver"],"picked":"Stack","floor":1},{"not_picked":["Auto Shields","Conserve Battery"],"picked":"Sweeping Beam","floor":3},{"not_picked":["Rebound","Compile Driver","Cold Snap"],"picked":"SKIP","floor":6},{"not_picked":["Streamline","Melter","Ball Lightning"],"picked":"Go for the Eyes","floor":11},{"not_picked":["FTL","Compile Driver","Force Field","Rebound"],"picked":"SKIP","floor":13},{"not_picked":["Buffer","Fission","Multi-Cast"],"picked":"Electrodynamics","floor":16},{"not_picked":["Genetic Algorithm","Beam Cell","White Noise"],"picked":"Conserve Battery","floor":17},{"not_picked":["Streamline+1","Cold Snap","Stack","Beam Cell"],"picked":"SKIP","floor":19},{"not_picked":["Coolheaded","Redo","Compile Driver"],"picked":"All For One","floor":20},{"not_picked":["Cold Snap","Fusion","Genetic Algorithm","Ball Lightning"],"picked":"SKIP","floor":24},{"not_picked":["Barrage","Rebound+1","Glacier"],"picked":"Redo","floor":25},{"not_picked":["Hello World","Doom and Gloom","Redo+1"],"picked":"Fission","floor":28},{"not_picked":["Cold Snap","Steam","Loop","Glacier+1"],"picked":"SKIP","floor":29},{"not_picked":["Chaos","Steam","Reprogram","Rip and Tear+1"],"picked":"SKIP","floor":30},{"not_picked":["Cold Snap","Streamline","BootSequence"],"picked":"Defragment","floor":31}],"player_experience":205485,"relics_obtained":[{"floor":6,"key":"Anchor"},{"floor":9,"key":"Question Card"},{"floor":11,"key":"MealTicket"},{"floor":12,"key":"Bronze Scales"},{"floor":28,"key":"PreservedInsect"}],"event_choices":[{"damage_healed":0,"gold_gain":75,"player_choice":"Gather Gold","damage_taken":11,"max_hp_gain":0,"max_hp_loss":0,"event_name":"World of Goop","floor":2,"gold_loss":0},{"damage_healed":0,"gold_gain":275,"player_choice":"Desecrate","damage_taken":0,"max_hp_gain":0,"max_hp_loss":0,"event_name":"Golden Shrine","floor":4,"gold_loss":0,"cards_obtained":["Regret"]},{"cards_removed":["Stack"],"damage_healed":0,"gold_gain":0,"player_choice":"Card Removal","damage_taken":7,"max_hp_gain":0,"max_hp_loss":0,"event_name":"Golden Wing","floor":7,"gold_loss":0},{"damage_healed":17,"gold_gain":0,"player_choice":"Healed","damage_taken":0,"max_hp_gain":0,"max_hp_loss":0,"event_name":"The Cleric","floor":14,"gold_loss":35},{"damage_healed":0,"gold_gain":0,"player_choice":"Simplicity","damage_taken":0,"max_hp_gain":0,"max_hp_loss":0,"event_name":"Back to Basics","floor":22,"gold_loss":0,"cards_upgraded":["Strike_B","Strike_B","Defend_B","Defend_B"]},{"damage_healed":0,"gold_gain":0,"player_choice":"Forge","damage_taken":0,"max_hp_gain":0,"max_hp_loss":0,"event_name":"Accursed Blacksmith","floor":27,"gold_loss":0,"cards_upgraded":["Redo"]}],"is_beta":false,"boss_relics":[{"not_picked":["Velvet Choker","Cursed Key"],"picked":"Tiny House"}],"items_purged_floors":[5,10,21],"is_endless":false,"potions_floor_spawned":[3,6,19,20,30,31],"killed_by":"Champ","ascension_level":1}}