{"host":"phniwng9zo19jwdb","time":1613408616,"event":{"mods":["AchievementEnabler","BaseMod","Colored Powertips","Dark Map","Faster Ascension Climbing","GifTheSpireLib","Minty Spire (QoL Compilation)","Permanent Neow","Rare Cards Sparkle","Relic Filter Mod","StSLib","Weighted Paths"],"gold_per_floor":[113,132,132,51,64,64,95,95,140,157,157,157,157],"floor_reached":12,"language":"ENG","playtime":295,"items_purged":[],"score":156,"play_id":"e6cb61ff-54fb-457e-984a-16ea9c136fac","local_time":"20210215180336","is_ascension_mode":true,"campfire_choices":[{"data":"Noxious Fumes","floor":6,"key":"SMITH"},{"data":"Footwork","floor":8,"key":"SMITH"}],"circlet_count":0,"master_deck":["AscendersBane","Strike_G","Strike_G","Strike_G","Strike_G","Defend_G","Defend_G","Defend_G","Defend_G","Defend_G","Survivor","Neutralize+1","All Out Attack+1","Noxious Fumes+1","Reflex","Footwork+1","Cloak And Dagger","Accuracy","Phantasmal Killer","Injury"],"relics":["Runic Pyramid","Whetstone","Anchor","Golden Idol"],"acts_visited":["Exordium"],"potions_floor_usage":[7,12],"damage_taken":[{"damage":2,"enemies":"2 Louse","floor":1,"turns":3},{"damage":0,"enemies":"Cultist","floor":2,"turns":4},{"damage":2,"enemies":"Small Slimes","floor":5,"turns":4},{"damage":13,"enemies":"3 Sentries","floor":7,"turns":8},{"damage":0,"enemies":"2 Fungi Beasts","floor":10,"turns":3},{"damage":21,"enemies":"Gremlin Nob","floor":12,"turns":4}],"seed_played":"-2840896460940273006","potions_obtained":[{"floor":5,"key":"BlessingOfTheForge"},{"floor":7,"key":"Poison Potion"}],"is_trial":false,"path_per_floor":["M","M","?","$","M","R","E","R","T","M","?","E"],"character_chosen":"THE_SILENT","items_purchased":["Footwork"],"campfire_rested":0,"item_purchase_floors":[4],"current_hp_per_floor":[57,57,57,57,55,55,42,42,42,42,42,21,21],"gold":157,"neow_bonus":"BOSS_RELIC","is_daily":false,"chose_seed":false,"campfire_upgraded":2,"win_rate":0.0,"timestamp":1613408616,"path_taken":["M","M","?","$","?","R","E","R","T","M","?","E"],"items_purchased_type":["Card"],"build_version":"2020-12-22","purchased_purges":0,"victory":false,"max_hp_per_floor":[66,66,66,66,66,66,66,66,66,66,66,66,66],"card_choices":[{"not_picked":["Quick Slash","Dodge and Roll"],"picked":"All Out Attack","floor":1},{"not_picked":["Slice","Expertise"],"picked":"Noxious Fumes","floor":2},{"not_picked":["Choke","Prepared"],"picked":"Cloak And Dagger","floor":5},{"not_picked":["Deflect","Sucker Punch"],"picked":"Accuracy","floor":7},{"not_picked":["Outmaneuver","Bane"],"picked":"Phantasmal Killer","floor":10}],"player_experience":136942,"relics_obtained":[{"floor":7,"key":"Whetstone"},{"floor":9,"key":"Anchor"}],"event_choices":[{"damage_healed":0,"gold_gain":0,"cards_transformed":["Strike_G"],"player_choice":"Transformed","damage_taken":0,"max_hp_gain":0,"max_hp_loss":0,"event_name":"Transmorgrifier","floor":3,"gold_loss":0,"cards_obtained":["Reflex"]},{"damage_healed":0,"gold_gain":0,"player_choice":"Take Wound","damage_taken":0,"relics_obtained":["Golden Idol"],"max_hp_gain":0,"max_hp_loss":0,"event_name":"Golden Idol","floor":11,"gold_loss":0,"cards_obtained":["Injury"]}],"is_beta":false,"boss_relics":[],"items_purged_floors":[],"is_endless":false,"potions_floor_spawned":[5,7],"killed_by":"Gremlin Nob","ascension_level":20}}