{"host":"wmojtwekh6s3tor5","time":1613409233,"event":{"mods":["BaseMod","Colored Map","Colored Powertips","DeckTracker","Highlight Path","Minty Spire (QoL Compilation)","StSLib"],"gold_per_floor":[412,412,28,40,40,40,64,64,91,91,105,60,79,79,79,79,79],"floor_reached":16,"language":"ZHS","playtime":754,"items_purged":[],"score":114,"play_id":"47522956-2957-447d-82bb-a0a817139b79","local_time":"20210216011353","is_ascension_mode":true,"campfire_choices":[{"floor":6.0,"key":"REST"},{"floor":8.0,"key":"REST"},{"data":"True Grit","floor":15,"key":"SMITH"}],"circlet_count":0,"master_deck":["Strike_R+1","Strike_R+1","Strike_R","Strike_R","Strike_R","Defend_R","Defend_R","Defend_R","Defend_R","Bash","CurseOfTheBell","Flex+1","Clash","Rage","True Grit+1"],"relics":["Calling Bell","Potion Belt","Pantograph","Old Coin","StrikeDummy","Sling","PreservedInsect","Odd Mushroom","MealTicket"],"acts_visited":["Exordium"],"potions_floor_usage":[],"damage_taken":[{"damage":10.0,"enemies":"Small Slimes","floor":1.0,"turns":5.0},{"damage":7.0,"enemies":"Jaw Worm","floor":4.0,"turns":3.0},{"damage":19.0,"enemies":"The Mushroom Lair","floor":7.0,"turns":4.0},{"damage":2,"enemies":"2 Louse","floor":11,"turns":3},{"damage":7,"enemies":"2 Fungi Beasts","floor":13,"turns":3},{"damage":83,"enemies":"Hexaghost","floor":16,"turns":16}],"seed_played":"8556177544397262456","potions_obtained":[{"floor":1.0,"key":"GamblersBrew"},{"floor":7.0,"key":"Swift Potion"}],"is_trial":false,"path_per_floor":["M","?","$","M","?","R","?","R","T","?","M","$","M","?","R","B"],"character_chosen":"IRONCLAD","items_purchased":["StrikeDummy","Sling","True Grit"],"campfire_rested":2,"item_purchase_floors":[3,3,12],"current_hp_per_floor":[62,46,46,39,21,45,26,50,50,50,48,63,56,56,56,0,0],"gold":79,"neow_bonus":"BOSS_RELIC","is_daily":false,"chose_seed":false,"campfire_upgraded":1,"win_rate":0.0,"timestamp":1613409233,"path_taken":["M","?","$","M","?","R","?","R","T","?","M","$","M","?","R","BOSS"],"items_purchased_type":["Relic","Relic","Card"],"build_version":"2020-12-22","purchased_purges":0,"victory":false,"max_hp_per_floor":[80,80,80,80,80,80,80,80,80,80,80,80,80,80,80,80,80],"card_choices":[{"not_picked":["Havoc","Warcry"],"picked":"Flex","floor":1.0},{"not_picked":["Carnage","Twin Strike"],"picked":"Clash","floor":4.0},{"not_picked":["Power Through","Inflame"],"picked":"Rage","floor":11},{"not_picked":["Heavy Blade","Thunderclap","Uppercut"],"picked":"SKIP","floor":13}],"player_experience":627072,"relics_obtained":[{"floor":0.0,"key":"Potion Belt"},{"floor":0.0,"key":"Pantograph"},{"floor":0.0,"key":"Old Coin"},{"floor":7.0,"key":"Odd Mushroom"},{"floor":9.0,"key":"MealTicket"}],"event_choices":[{"damage_healed":0.0,"max_hp_gain":0.0,"max_hp_loss":0.0,"gold_gain":0.0,"event_name":"Shining Light","player_choice":"Entered Light","floor":2.0,"gold_loss":0.0,"damage_taken":16.0,"cards_upgraded":["Strike_R","Strike_R"]},{"damage_healed":0.0,"max_hp_gain":0.0,"max_hp_loss":0.0,"gold_gain":0.0,"event_name":"Scrap Ooze","player_choice":"Success","floor":5.0,"gold_loss":0.0,"damage_taken":18.0,"relics_obtained":["PreservedInsect"]},{"damage_healed":0.0,"max_hp_gain":0.0,"max_hp_loss":0.0,"gold_gain":0.0,"event_name":"Mushrooms","player_choice":"Fought Mushrooms","floor":7.0,"gold_loss":0.0,"damage_taken":0.0},{"damage_healed":0,"gold_gain":0,"player_choice":"Grow","damage_taken":0,"max_hp_gain":0,"max_hp_loss":0,"event_name":"Living Wall","floor":10,"gold_loss":0,"cards_upgraded":["Flex"]},{"damage_healed":0,"gold_gain":0,"player_choice":"Ignored","damage_taken":0,"max_hp_gain":0,"max_hp_loss":0,"event_name":"Liars Game","floor":14,"gold_loss":0}],"is_beta":false,"boss_relics":[],"items_purged_floors":[],"is_endless":false,"potions_floor_spawned":[1,7],"killed_by":"Hexaghost","ascension_level":6}}