{"host":"4cz9gr89nglr7k8k","time":1613421884,"event":{"mods":["BaseMod","Minty Spire (QoL Compilation)","Relic Stats","Slay-I"],"gold_per_floor":[119,119,129,204,26,60,19,46,73,73,103,103,103,124,124,217,280,305,321,3,3,3,3,21,21,21,71,71,71],"floor_reached":28,"language":"DEU","playtime":622,"items_purged":["Injury"],"score":514,"play_id":"21d21ed5-b658-4505-9264-7f8c13d756a2","local_time":"20210215214444","is_ascension_mode":true,"campfire_choices":[{"floor":10,"key":"REST"},{"floor":13,"key":"REST"},{"floor":15,"key":"REST"},{"floor":23,"key":"REST"}],"circlet_count":0,"master_deck":["AscendersBane","Strike_R","Strike_R","Strike_R","Strike_R","Strike_R","Defend_R+1","Defend_R","Defend_R","Defend_R","Bash","Spot Weakness","Whirlwind","Inflame","Carnage","Clothesline","Demon Form","Disarm","Thunderclap","Clash","Perfected Strike","Immolate","Flame Barrier","Pummel","Anger","Shrug It Off","Pommel Strike","Heavy Blade"],"relics":["Burning Blood","NeowsBlessing","Art of War","Sundial","Vajra","Bag of Preparation","Golden Idol","Tiny House","Lantern","Nilry\u0027s Codex","Paper Frog"],"acts_visited":["Exordium","TheCity"],"potions_floor_usage":[19,19,27,28],"damage_taken":[{"damage":0,"enemies":"Small Slimes","floor":1,"turns":1},{"damage":0,"enemies":"Jaw Worm","floor":3,"turns":1},{"damage":0,"enemies":"Gremlin Nob","floor":6,"turns":1},{"damage":31,"enemies":"Lagavulin","floor":8,"turns":6},{"damage":43,"enemies":"3 Sentries","floor":11,"turns":5},{"damage":1,"enemies":"Cultist","floor":14,"turns":3},{"damage":63,"enemies":"Slime Boss","floor":16,"turns":10},{"damage":16,"enemies":"3 Byrds","floor":18,"turns":5},{"damage":11,"enemies":"2 Thieves","floor":19,"turns":2},{"damage":59,"enemies":"Chosen and Byrds","floor":24,"turns":6},{"damage":27,"enemies":"Shelled Parasite and Fungi","floor":28,"turns":1}],"seed_played":"-1086574453663710149","potions_obtained":[{"floor":1,"key":"Swift Potion"},{"floor":3,"key":"Weak Potion"},{"floor":8,"key":"AttackPotion"},{"floor":17,"key":"EntropicBrew"}],"is_trial":false,"path_per_floor":["M","?","M","?","$","E","$","E","T","R","E","?","R","M","R","B",null,"M","M","$","?","?","R","M","$","T","?","M"],"character_chosen":"IRONCLAD","items_purchased":["Inflame","Carnage","Clothesline","Disarm","Lantern","Shrug It Off","Pommel Strike"],"campfire_rested":4,"item_purchase_floors":[5,5,5,7,20,20,20],"current_hp_per_floor":[74,79,80,69,69,75,75,50,50,74,37,37,61,66,80,23,71,61,56,56,56,35,60,7,7,7,24,0,0],"gold":71,"neow_bonus":"THREE_ENEMY_KILL","is_daily":false,"chose_seed":false,"campfire_upgraded":0,"win_rate":0.0,"timestamp":1613421884,"path_taken":["M","?","M","?","$","E","$","E","T","R","E","?","R","M","R","BOSS","M","M","$","?","?","R","M","?","T","?","M"],"items_purchased_type":["Card","Card","Card","Card","Relic","Card","Card"],"build_version":"2020-12-22","purchased_purges":1,"victory":false,"max_hp_per_floor":[75,80,80,80,80,80,80,80,80,80,80,80,80,80,80,80,85,85,85,85,85,85,85,85,85,85,85,85,85],"relic_stats":{"counters":[11,41],"Sundial":[2],"Golden Idol":48,"Art of War":[2],"Bag of Preparation":[12],"obtain_stats":[{"Lantern":20,"Tiny House":17,"NeowsBlessing":0,"Sundial":8,"Golden Idol":12,"Nilry\u0027s Codex":22,"Vajra":9,"Art of War":6,"Bag of Preparation":11,"Burning Blood":0,"Paper Frog":26},{"Lantern":9,"Tiny House":7,"NeowsBlessing":0,"Sundial":4,"Golden Idol":5,"Nilry\u0027s Codex":9,"Vajra":4,"Art of War":3,"Bag of Preparation":5,"Burning Blood":0,"Paper Frog":10},{"Lantern":34,"Tiny House":27,"NeowsBlessing":0,"Sundial":9,"Golden Idol":14,"Nilry\u0027s Codex":34,"Vajra":9,"Art of War":3,"Bag of Preparation":14,"Burning Blood":0,"Paper Frog":40}],"Burning Blood":55},"card_choices":[{"not_picked":["Feel No Pain","Dual Wield"],"picked":"Spot Weakness","floor":1},{"not_picked":["Searing Blow","Wild Strike"],"picked":"Whirlwind","floor":3},{"not_picked":["Pommel Strike","Anger"],"picked":"Demon Form","floor":6},{"not_picked":["Havoc","Burning Pact"],"picked":"Thunderclap","floor":8},{"not_picked":["Warcry","Sword Boomerang"],"picked":"Clash","floor":11},{"not_picked":["Entrench","True Grit"],"picked":"Perfected Strike","floor":14},{"not_picked":["Bludgeon","Fiend Fire"],"picked":"Immolate","floor":16},{"not_picked":["Pommel Strike","Headbutt"],"picked":"Flame Barrier","floor":17},{"not_picked":["Sentinel","Dark Embrace"],"picked":"Pummel","floor":18},{"not_picked":["Havoc+1","Battle Trance"],"picked":"Anger","floor":19},{"not_picked":["Uppercut","Clothesline"],"picked":"Heavy Blade","floor":24}],"player_experience":1552374,"relics_obtained":[{"floor":6,"key":"Art of War"},{"floor":8,"key":"Sundial"},{"floor":9,"key":"Vajra"},{"floor":11,"key":"Bag of Preparation"},{"floor":22,"key":"Nilry\u0027s Codex"},{"floor":26,"key":"Paper Frog"}],"event_choices":[{"damage_healed":0,"gold_gain":0,"player_choice":"Donut","damage_taken":0,"max_hp_gain":5,"max_hp_loss":0,"event_name":"Big Fish","floor":2,"gold_loss":0},{"damage_healed":0,"gold_gain":75,"player_choice":"Gather Gold","damage_taken":11,"max_hp_gain":0,"max_hp_loss":0,"event_name":"World of Goop","floor":4,"gold_loss":0},{"damage_healed":0,"gold_gain":0,"player_choice":"Take Wound","damage_taken":0,"relics_obtained":["Golden Idol"],"max_hp_gain":0,"max_hp_loss":0,"event_name":"Golden Idol","floor":12,"gold_loss":0,"cards_obtained":["Injury"]},{"damage_healed":0,"gold_gain":0,"player_choice":"Ignored","damage_taken":0,"max_hp_gain":0,"max_hp_loss":0,"event_name":"Ghosts","floor":21,"gold_loss":0},{"damage_healed":0,"gold_gain":0,"player_choice":"Obtained Book","damage_taken":21,"max_hp_gain":0,"max_hp_loss":0,"event_name":"Cursed Tome","floor":22,"gold_loss":0},{"damage_healed":0,"gold_gain":50,"player_choice":"Stole From Cult","damage_taken":0,"max_hp_gain":0,"max_hp_loss":0,"event_name":"Nest","floor":27,"gold_loss":0}],"is_beta":false,"boss_relics":[{"not_picked":["SacredBark","Pandora\u0027s Box"],"picked":"Tiny House"}],"items_purged_floors":[20],"is_endless":false,"potions_floor_spawned":[1,3,8,18,19],"killed_by":"Shelled Parasite and Fungi","ascension_level":20}}