{"host":"3mt4w4o4jnuk8q1t","time":1613404014,"event":{"mods":["Act Like it!","BaseMod","Colored Map","Colored Powertips","Decade(王小明)","Gensokyo","GungeonMod","Hermit","Jedi Mod","Marisa（F雨　魔理沙）","Minty Spire (QoL Compilation)","Red Circlet Mod","Reimu（博丽灵梦）","Remilia（蕾米莉亚）","Replay The Spire","RumiaBox-露米娅的神秘盒子","Shop Mod","Spicy Shops","StSLib","TestMod","The Jungle","Waifu the Spire","Yakumo Yukari mod","Youmu（魂魄妖梦）","[IsaacMod]以撒尖塔","【功能Mod】混沌之环修复补丁","【功能Mod】聪明的最终Boss"],"gold_per_floor":[119,129,129,129,145,145,158,170,170,202,220,251,251,270,270,373,373,385,201,81,84,115,150,150,100,126,16,41,41,41,41],"floor_reached":30,"language":"ZHS","playtime":3134,"items_purged":[],"score":445,"play_id":"e4f7e7ff-fdce-4acb-93ec-8e0f0d292d29","local_time":"20210215234654","is_ascension_mode":true,"campfire_choices":[{"data":"KamenRideAgito","floor":6,"key":"SMITH"},{"floor":13,"key":"RECALL"},{"data":"PrometheusPower","floor":15,"key":"SMITH"},{"data":"DecadeViolentEmotion","floor":24,"key":"SMITH"}],"circlet_count":0,"master_deck":["Decade_Attack","Decade_Attack","Decade_Attack","Decade_Attack","KamenRide","Decade_SpecialSkill","Decade_Defend","Decade_Defend","Decade_Defend","Decade_Defend","FormRideFlame+9","Blade_Beat","FormRide","Blade_Metal","UnarmedAttack7","KamenRideAgito+1","UnarmedAttack7","Blade_Mach","PrometheusPower+1","DecadeViolentEmotion+1","DenO_Climax","KamenRideBlade","FormRide+1","FormRideStorm+4","KamenRideRyuki","Gensokyo:ScrapIron","Gensokyo:TarnishedGold","Gensokyo:Shovel","Kuuga_Rising"],"relics":["Decadriver","HushsDoor","testmod-TestBox","YumHeart","testmod-Muramasa","Baka2","Happy Flower","GodSword3","Thread and Needle","GodSword6","testmod-Justice","MerchantsRug","Gensokyo:LionMask","Pen Nib","jedi:heavyjacket"],"acts_visited":["Exordium","Gensokyo:Gensokyo"],"potions_floor_usage":[16,21,23,28,28],"damage_taken":[{"damage":8,"enemies":"Gensokyo:3_Fairies","floor":1,"turns":4},{"damage":0,"enemies":"Gensokyo:Python","floor":2,"turns":3},{"damage":8,"enemies":"Gensokyo:2_Kodama","floor":5,"turns":5},{"damage":3,"enemies":"Gensokyo:VengefulSpirit","floor":7,"turns":4},{"damage":16,"enemies":"Gensokyo:Kitsune","floor":8,"turns":5},{"damage":0,"enemies":"Gensokyo:Mamizou","floor":10,"turns":4},{"damage":0,"enemies":"Gensokyo:Python_and_Kodama","floor":11,"turns":2},{"damage":0,"enemies":"Gensokyo:Cirno","floor":12,"turns":9},{"damage":0,"enemies":"Gensokyo:VengefulSpirit","floor":14,"turns":3},{"damage":0,"enemies":"Gensokyo:Kokoro","floor":16,"turns":5},{"damage":0,"enemies":"Gensokyo:Chomper","floor":18,"turns":2},{"damage":0,"enemies":"Gensokyo:3_Dogs","floor":21,"turns":6},{"damage":0,"enemies":"Gensokyo:Reisen","floor":23,"turns":5},{"damage":21,"enemies":"Gensokyo:Koishi","floor":28,"turns":4},{"damage":67,"enemies":"Gensokyo:Wraith","floor":30,"turns":2}],"seed_played":"-6060190485531607014","potions_obtained":[{"floor":7,"key":"Fire Potion"},{"floor":12,"key":"SpeedPotion"},{"floor":14,"key":"testmod-TestPotion"},{"floor":16,"key":"LifebloodPotion"},{"floor":21,"key":"DemoMod:LeadSkinPotion"},{"floor":23,"key":"Adrenaline Potion"}],"is_trial":false,"path_per_floor":["M","M","?","?","M","R","M","M","T","E","M","E","R","M","R","B",null,"M","$","?","M","$","E","R","?","T","COS","E","$","M"],"character_chosen":"Decade","items_purchased":["KamenRideBlade","KamenRideDecade","MerchantsRug","FormRideStorm"],"campfire_rested":0,"item_purchase_floors":[17,19,19,19],"current_hp_per_floor":[69,69,69,69,61,61,58,67,67,67,67,67,67,67,67,67,75,75,75,75,75,75,75,75,82,82,82,61,61,0,0],"gold":41,"neow_bonus":"TEN_PERCENT_HP_BONUS","is_daily":false,"chose_seed":false,"campfire_upgraded":3,"win_rate":0.0,"timestamp":1613404014,"path_taken":["M","M","?","?","?","R","M","M","T","E","M","E","R","M","R","BOSS","M","$","?","M","$","E","R","?","T","COS","E","?","M"],"items_purchased_type":["Card","Card","Relic","Card"],"build_version":"2020-12-22","purchased_purges":0,"victory":false,"max_hp_per_floor":[77,77,77,77,77,77,77,77,77,77,77,77,77,77,77,77,75,75,75,75,75,75,75,75,82,82,82,82,82,82,82],"card_choices":[{"not_picked":["Decade_Dash2","KamenRideFaiz"],"picked":"KamenRideDenO","floor":1},{"not_picked":["FormRideAxel","MirrorWorld"],"picked":"FormRideFlame","floor":1},{"not_picked":["DenO_Rod","DragShield"],"picked":"UnarmedAttack8","floor":2},{"not_picked":["RideBooker","AttackRide"],"picked":"Blade_Beat","floor":2},{"not_picked":["AutoVajin","Blade_Beat"],"picked":"FormRide","floor":4},{"not_picked":["DenO_Gun","Blade_Kick"],"picked":"Blade_Metal","floor":4},{"not_picked":["AutoVajin","FormRideBasshaa"],"picked":"UnarmedAttack7","floor":5},{"not_picked":["TimeVent","AutoVajin"],"picked":"KamenRideAgito","floor":5},{"not_picked":["Decade_Dash2","RideBooker_Skill_2","DenO_Rod"],"picked":"SKIP","floor":7},{"not_picked":["Decade_Illusion","FormRideBasshaa","KamenRideDenO"],"picked":"SKIP","floor":7},{"not_picked":["KamenRideDenO","DragShield","Hibiki_Attack3"],"picked":"SKIP","floor":8},{"not_picked":["KamenRideDecade","KamenRideRyuki","FormRideGaruru"],"picked":"SKIP","floor":8},{"not_picked":["DenO_Climax","AutoVajin"],"picked":"Blade_Mach","floor":10},{"not_picked":["NMDAZYYGL","DenO_Ax"],"picked":"PrometheusPower","floor":10},{"not_picked":["DenO_Ax","FormRidePegasus","Decade_Dash1"],"picked":"SKIP","floor":11},{"not_picked":["Decade_Dash2","Decade_Illusion","Decade_Dash1"],"picked":"SKIP","floor":12},{"not_picked":["Kuuga_Rising","Kiva_Frozen","Blade_Slash"],"picked":"SKIP","floor":12},{"not_picked":["RideBooker","FormRideDragon","DragClaw"],"picked":"SKIP","floor":14},{"not_picked":["Hibiki_Attack2","DenO_Gun","KamenRideDenO"],"picked":"SKIP","floor":14},{"not_picked":["Kuuga_Rising","Kiva_Swallow"],"picked":"DecadeViolentEmotion","floor":16},{"not_picked":["Kiva_Swallow","Kabuto_ClockUp"],"picked":"DenO_Climax","floor":16},{"not_picked":["UnarmedAttack6","UnarmedAttack5"],"picked":"FormRide+1","floor":18},{"not_picked":["Decade_Dash2+1","FormRideTitan"],"picked":"KamenRideRyuki","floor":23},{"not_picked":["Decade_Invisible+1","KamenRideKiva"],"picked":"Kuuga_Rising","floor":28}],"player_experience":205249,"relics_obtained":[{"floor":1,"key":"Baka"},{"floor":2,"key":"Baka2"},{"floor":9,"key":"GodSword3"},{"floor":10,"key":"Thread and Needle"},{"floor":12,"key":"GodSword6"},{"floor":12,"key":"testmod-Justice"},{"floor":23,"key":"Pen Nib"},{"floor":28,"key":"jedi:heavyjacket"}],"event_choices":[],"is_beta":false,"boss_relics":[{"not_picked":["Runic Pyramid","Sozu"],"picked":"Empty Cage"},{"not_picked":[]}],"items_purged_floors":[],"is_endless":false,"potions_floor_spawned":[1,7,12,14,16,21,23],"killed_by":"Gensokyo:Wraith","ascension_level":1}}