{"host":"bp3tm7tvk8nf4kb2","time":1613361717,"event":{"mods":["2.2 Compatiblity","AchievementEnabler","BaseMod","Bestiary","Better Match","Better Third Choice","BetterRewards","Colored Map","Colored Powertips","Curses Come First","DeckTracker","Downfall","Friendly Minions","Googly Eyes","Halation","Highlight Path","Lobotomy","LobotomyExtend","Marisa????????","Minty Spire (QoL Compilation)","Morshu Shopkeeper - ENHANCED","Permanent Neow","Quick Restart","Rare Cards Sparkle","Reorder Act Four","Replay The Spire","Shop Mod","Spicy Shops","StSLib","The Marked","TheBandit","TheSwordswoman","Waifu the Spire","Wide Potions","everything is the same but u backflip on backflip"],"gold_per_floor":[115,190,204,8,8,36,36,36,36],"floor_reached":8,"language":"ENG","playtime":353,"items_purged":[],"score":59,"play_id":"05972f9a-c4d3-4157-a3f9-cd7888ee5b7f","local_time":"20210214200157","is_ascension_mode":true,"campfire_choices":[],"circlet_count":0,"master_deck":["Strike_R+1","Strike_R","Strike_R","Strike_R","Strike_R","Defend_R","Defend_R","Defend_R","Defend_R","Bash","Combust","Murderer","Shrug It Off","Thunderclap","Bloodbath"],"relics":["Burning Blood","CogitoBucket","LetterFromLob","halation:Diary","ReplayFunnel"],"acts_visited":["Exordium"],"potions_floor_usage":[6],"damage_taken":[{"damage":12.0,"enemies":"Jaw Worm","floor":1.0,"turns":3.0},{"damage":9.0,"enemies":"Small Slimes","floor":3.0,"turns":3.0},{"damage":30,"enemies":"3 Sentries","floor":6,"turns":7},{"damage":38,"enemies":"Gremlin Nob","floor":8,"turns":4}],"seed_played":"5524382136163210295","potions_obtained":[{"floor":1.0,"key":"Weak Potion"},{"floor":6,"key":"PowerPotion"}],"is_trial":false,"path_per_floor":["M","?","M","$","?","E","$","E"],"character_chosen":"IRONCLAD","items_purchased":["Shrug It Off","halation:Diary"],"campfire_rested":0,"item_purchase_floors":[4,4],"current_hp_per_floor":[74,63,60,60,60,36,36,0,0],"gold":36,"neow_bonus":"","is_daily":false,"chose_seed":false,"campfire_upgraded":0,"win_rate":0.0,"timestamp":1613361717,"path_taken":["M","?","M","$","?","E","$","E"],"items_purchased_type":["Card","Relic"],"build_version":"2020-12-22","purchased_purges":0,"victory":false,"max_hp_per_floor":[80,80,80,80,80,80,80,80,80],"card_choices":[{"not_picked":["Body Slam","Warcry"],"picked":"Combust","floor":1.0},{"not_picked":["Wellcheers","BeautyBeast"],"picked":"Murderer","floor":3.0},{"not_picked":["True Grit","ReplayTheSpireMod:Limb From Limb","Body Slam"],"picked":"SKIP","floor":3.0},{"not_picked":["ReplayTheSpireMod:Strike From Hell","Dark Embrace"],"picked":"Thunderclap","floor":6},{"not_picked":["BlackSwan","BeautyBeast"],"picked":"Bloodbath","floor":6}],"player_experience":69606,"relics_obtained":[{"floor":1.0,"key":"LetterFromLob"},{"floor":6,"key":"ReplayFunnel"}],"event_choices":[{"damage_healed":0.0,"max_hp_gain":0.0,"max_hp_loss":0.0,"gold_gain":75.0,"event_name":"betterThird:BetterGoop","player_choice":"Gold","floor":2.0,"gold_loss":0.0,"damage_taken":11.0}],"is_beta":false,"boss_relics":[],"items_purged_floors":[],"is_endless":false,"potions_floor_spawned":[1,6],"killed_by":"Gremlin Nob","ascension_level":2}}