{"host":"g7uq9uzahx9e0kti","time":1613396941,"event":{"mods":["AchievementEnabler","BaseMod","CapriCore","Hermit","Koishi","Minty Spire (QoL Compilation)","Permanent Neow","Quick Restart","StSLib","SuperFastMode","The Cursed","The Hierophant","The Immortal","The Runesmith","Together in Spire","WarShipGirlsR/??á´Ò³R mod"],"gold_per_floor":[111,130,80,155,165,200,212,212,212,244,262,1,31,43,43,139,139,157,169,188,205,205,239,239,273,273,293,63,79,79,90,90,90,90,90],"floor_reached":33,"language":"KOR","playtime":2268,"items_purged":["MokouMod:Strike"],"score":336,"play_id":"d11f333f-4334-4ddd-a5ec-6822e2cbc779","local_time":"20210215224901","is_ascension_mode":false,"campfire_choices":[{"data":"MokouMod:FlareStarter","floor":8,"key":"SMITH"},{"floor":15,"key":"REST"},{"data":"MokouMod:Rebirth","floor":24,"key":"SMITH"},{"data":"MokouMod:BurningDraft","floor":30,"key":"SMITH"},{"data":"MokouMod:SubterraneanCore","floor":32,"key":"SMITH"}],"circlet_count":0,"master_deck":["MokouMod:Strike","MokouMod:Strike","MokouMod:Strike","MokouMod:Defend","MokouMod:Defend","MokouMod:HeatSpark","MokouMod:FlareStarter+1","MokouMod:BlazingComet","MokouMod:Sear","MokouMod:ResoluteFlare","MokouMod:Sear","MokouMod:Sear","MokouMod:CrimsonArmoury","MokouMod:Singe","MokouMod:BurningDraft+1","MokouMod:IgneousBlow","MokouMod:Rebirth+1","MokouMod:Fireball","MokouMod:FlareStarter","MokouMod:TemporalFireSeal","MokouMod:IndiscriminateIgnition","MokouMod:ShiftIgnition","MokouMod:Overheat","MokouMod:SubterraneanCore+1","MokouMod:Burn"],"relics":["MokouMod:PhoenixFeather","Nunchaku","Bronze Scales","Sundial","Matryoshka","Mercury Hourglass","Busted Crown","Bag of Preparation","Pear","Happy Flower","Blood Vial"],"acts_visited":["Exordium","TheCity"],"potions_floor_usage":[10,13,13,16,20,23,25,25,29,33],"damage_taken":[{"damage":1,"enemies":"Jaw Worm","floor":1,"turns":6},{"damage":2,"enemies":"Small Slimes","floor":2,"turns":4},{"damage":0,"enemies":"Cultist","floor":5,"turns":3},{"damage":42,"enemies":"3 Sentries","floor":6,"turns":13},{"damage":11,"enemies":"Blue Slaver","floor":7,"turns":3},{"damage":9,"enemies":"Lagavulin","floor":10,"turns":4},{"damage":8,"enemies":"Exordium Thugs","floor":11,"turns":5},{"damage":0,"enemies":"Gremlin Nob","floor":13,"turns":2},{"damage":0,"enemies":"2 Fungi Beasts","floor":14,"turns":2},{"damage":46,"enemies":"The Guardian","floor":16,"turns":7},{"damage":17,"enemies":"Spheric Guardian","floor":18,"turns":4},{"damage":0,"enemies":"Chosen","floor":19,"turns":3},{"damage":15,"enemies":"Snecko","floor":20,"turns":5},{"damage":9,"enemies":"Snake Plant","floor":21,"turns":2},{"damage":13,"enemies":"Slavers","floor":23,"turns":4},{"damage":65,"enemies":"Gremlin Leader","floor":25,"turns":4},{"damage":30,"enemies":"Shelled Parasite and Fungi","floor":27,"turns":5},{"damage":0,"enemies":"Snecko","floor":29,"turns":2},{"damage":0,"enemies":"Snake Plant","floor":31,"turns":2},{"damage":63,"enemies":"Collector","floor":33,"turns":6}],"seed_played":"5516261882880115724","potions_obtained":[{"floor":2,"key":"Explosive Potion"},{"floor":5,"key":"SteroidPotion"},{"floor":7,"key":"Weak Potion"},{"floor":10,"key":"SneckoOil"},{"floor":14,"key":"PowerPotion"},{"floor":16,"key":"Strength Potion"},{"floor":20,"key":"SteroidPotion"},{"floor":21,"key":"Block Potion"},{"floor":25,"key":"FearPotion"},{"floor":27,"key":"GamblersBrew"},{"floor":29,"key":"LiquidMemories"}],"is_trial":false,"path_per_floor":["M","M","?","?","M","E","M","R","T","E","M","$","E","M","R","B",null,"M","M","M","M","?","E","R","E","T","M","$","M","R","M","R","B"],"character_chosen":"MKU","items_purchased":["Matryoshka","Blood Vial"],"campfire_rested":1,"item_purchase_floors":[12,28],"current_hp_per_floor":[74,72,72,61,61,19,8,8,8,17,9,9,9,9,31,3,75,58,58,43,34,34,21,21,28,28,21,21,23,23,25,25,0,0,0],"gold":90,"neow_bonus":"TRANSFORM_CARD","is_daily":false,"chose_seed":false,"campfire_upgraded":4,"win_rate":0.0,"timestamp":1613396941,"path_taken":["M","M","?","?","M","E","M","R","T","E","?","$","E","M","R","BOSS","M","M","M","M","?","E","R","E","T","M","$","?","R","M","R","BOSS"],"items_purchased_type":["Relic","Relic"],"build_version":"2020-12-22","purchased_purges":1,"victory":false,"max_hp_per_floor":[75,75,75,75,75,75,75,75,75,75,75,75,75,75,75,75,75,75,75,75,75,75,75,75,85,85,85,85,85,85,85,85,85,85,85],"card_choices":[{"not_picked":["MokouMod:EternalBurstReactor","MokouMod:PhoenixFeathers"],"picked":"MokouMod:BlazingComet","floor":1},{"not_picked":["MokouMod:BurningDraft","MokouMod:FlareStarter"],"picked":"MokouMod:Sear","floor":2},{"not_picked":["MokouMod:WarmUp","MokouMod:RisingSunBarrier"],"picked":"MokouMod:ResoluteFlare","floor":5},{"not_picked":["MokouMod:CrimsonFlare","MokouMod:SubterraneanCore"],"picked":"MokouMod:Sear","floor":6},{"not_picked":["MokouMod:Refresh","MokouMod:ScorchedEarth"],"picked":"MokouMod:Sear","floor":7},{"not_picked":["MokouMod:ExplosiveFlame","MokouMod:Trailblazer"],"picked":"MokouMod:CrimsonArmoury","floor":10},{"not_picked":["MokouMod:AdaptivePyromancy","MokouMod:ImperishableFlame"],"picked":"MokouMod:Singe","floor":11},{"not_picked":["MokouMod:InfernalWave","MokouMod:FusionFlare"],"picked":"MokouMod:BurningDraft","floor":13},{"not_picked":["MokouMod:FusionFlare","MokouMod:ResonanceReactor"],"picked":"MokouMod:IgneousBlow","floor":14},{"not_picked":["MokouMod:ExplosiveFlame","MokouMod:SacredFire"],"picked":"MokouMod:Rebirth","floor":16},{"not_picked":[],"picked":"MokouMod:Fireball","floor":18},{"not_picked":[],"picked":"MokouMod:FlareStarter","floor":19},{"not_picked":[],"picked":"MokouMod:TemporalFireSeal","floor":20},{"not_picked":[],"picked":"MokouMod:IndiscriminateIgnition","floor":21},{"not_picked":[],"picked":"MokouMod:ShiftIgnition","floor":23},{"not_picked":[],"picked":"MokouMod:Overheat","floor":25},{"not_picked":[],"picked":"MokouMod:SubterraneanCore","floor":27},{"not_picked":[],"picked":"MokouMod:Burn","floor":29},{"not_picked":["MokouMod:ThermalPressure"],"picked":"SKIP","floor":31}],"player_experience":101235,"relics_obtained":[{"floor":6,"key":"Nunchaku"},{"floor":9,"key":"Bronze Scales"},{"floor":10,"key":"Sundial"},{"floor":13,"key":"Mercury Hourglass"},{"floor":23,"key":"Bag of Preparation"},{"floor":25,"key":"Pear"},{"floor":26,"key":"Happy Flower"}],"event_choices":[{"cards_removed":["MokouMod:Defend"],"damage_healed":0,"gold_gain":0,"player_choice":"Card Removal","damage_taken":0,"max_hp_gain":0,"max_hp_loss":0,"event_name":"The Cleric","floor":3,"gold_loss":50},{"damage_healed":0,"gold_gain":75,"player_choice":"Gather Gold","damage_taken":11,"max_hp_gain":0,"max_hp_loss":0,"event_name":"World of Goop","floor":4,"gold_loss":0},{"cards_removed":["MokouMod:Defend"],"damage_healed":0,"gold_gain":0,"player_choice":"Purged","damage_taken":0,"max_hp_gain":0,"max_hp_loss":0,"event_name":"Purifier","floor":22,"gold_loss":0}],"is_beta":false,"boss_relics":[{"not_picked":["Fusion Hammer","Pandora\u0027s Box"],"picked":"Busted Crown"}],"items_purged_floors":[28],"is_endless":false,"potions_floor_spawned":[2,5,7,10,14,16,20,21,25,27,29],"killed_by":"Collector","ascension_level":0}}