{"host":"4gr5irrdjh39ysed","time":1613411497,"event":{"mods":["AchievementEnabler","BaseMod","Colored Map","Downfall","Hermit","Minty Spire (QoL Compilation)","Random Character Button","StSLib","The Construct","The Cursed","The Disciple","The Hierophant","The Mystic","The Necromancer","The Runesmith"],"gold_per_floor":[118,43,43,59,70,103,123,151,151,170,170,181,181,181,181,258,258,278,278,24,39,52,83,83,96,96,96,96,107,68,100,100,173,173,183,200,211,230,255,255,40,40,40,95,95,120,134,166,166,166,166,166,166,16,51,51],"floor_reached":57,"language":"ENG","playtime":2597,"items_purged":["Defend_B","Defend_B","Parasite","Defend_B"],"score":2684,"play_id":"0c9d3045-5869-4c18-bb56-f155b93b28c1","local_time":"20210215105137","is_ascension_mode":true,"campfire_choices":[{"floor":11,"key":"RECALL"},{"data":"Aggregate","floor":15,"key":"SMITH"},{"data":"Electrodynamics","floor":24,"key":"SMITH"},{"data":"Thunder Strike","floor":27,"key":"SMITH"},{"data":"Fusion","floor":32,"key":"SMITH"},{"data":"Biased Cognition","floor":40,"key":"SMITH"},{"data":"Discovery","floor":42,"key":"SMITH"},{"data":"Defragment","floor":49,"key":"SMITH"},{"data":"Streamline","floor":53,"key":"SMITH"}],"circlet_count":0,"master_deck":["AscendersBane","Strike_B","Strike_B","Strike_B","Strike_B","Zap","Dualcast","Chaos","Beam Cell","Redo","Fusion+1","Aggregate+1","Ball Lightning","Thunder Strike+1","Stack+1","Electrodynamics+1","Compile Driver","Beam Cell+1","Compile Driver","Capacitor","Capacitor","Melter","Biased Cognition+1","Defragment+1","Sunder+1","Stack+1","Discovery+1","Ball Lightning+1","Skim","Streamline+1","Chaos+1","Lockon"],"relics":["Cracked Core","Nunchaku","DataDisk","Slimebound:StickyStick","Nuclear Battery","Singing Bowl","Emotion Chip","MutagenicStrength","Red Mask","Sozu","Thread and Needle","Pantograph","Runesmith:Locket","Runesmith:AutoHammer","Regal Pillow","Boot"],"acts_visited":["Exordium","TheCity","TheBeyond","TheEnding"],"potions_floor_usage":[10,16,16,16,21,33,33],"damage_taken":[{"damage":11,"enemies":"Cultist","floor":1,"turns":4},{"damage":7,"enemies":"Small Slimes","floor":4,"turns":3},{"damage":3,"enemies":"2 Louse","floor":5,"turns":3},{"damage":35,"enemies":"Lagavulin","floor":6,"turns":5},{"damage":40,"enemies":"Lots of Slimes","floor":7,"turns":3},{"damage":51,"enemies":"Gremlin Nob","floor":8,"turns":4},{"damage":50,"enemies":"Gremlin Gang","floor":10,"turns":5},{"damage":16,"enemies":"2 Fungi Beasts","floor":12,"turns":3},{"damage":13,"enemies":"Slime Boss","floor":16,"turns":7},{"damage":12,"enemies":"Chosen","floor":18,"turns":3},{"damage":26,"enemies":"2 Thieves","floor":21,"turns":3},{"damage":34,"enemies":"Centurion and Healer","floor":22,"turns":4},{"damage":39,"enemies":"Gremlin Leader","floor":23,"turns":5},{"damage":0,"enemies":"Cultist and Chosen","floor":25,"turns":3},{"damage":6,"enemies":"3 Cultists","floor":29,"turns":3},{"damage":49,"enemies":"Masked Bandits","floor":31,"turns":4},{"damage":40,"enemies":"Automaton","floor":33,"turns":6},{"damage":52,"enemies":"3 Darklings","floor":35,"turns":3},{"damage":8,"enemies":"3 Shapes","floor":36,"turns":2},{"damage":30,"enemies":"Spire Growth","floor":37,"turns":3},{"damage":21,"enemies":"Writhing Mass","floor":38,"turns":4},{"damage":51,"enemies":"Mind Bloom Boss Battle","floor":39,"turns":6},{"damage":46,"enemies":"2 Orb Walkers","floor":44,"turns":4},{"damage":198,"enemies":"Reptomancer","floor":46,"turns":7},{"damage":65,"enemies":"Jaw Worm Horde","floor":47,"turns":4},{"damage":92,"enemies":"Giant Head","floor":48,"turns":6},{"damage":73,"enemies":"Time Eater","floor":50,"turns":6},{"damage":86,"enemies":"Donu and Deca","floor":51,"turns":6},{"damage":187,"enemies":"Shield and Spear","floor":55,"turns":6},{"damage":197,"enemies":"The Heart","floor":56,"turns":7}],"seed_played":"-6627246363031952943","potions_obtained":[{"floor":1,"key":"SteroidPotion"},{"floor":7,"key":"EntropicBrew"},{"floor":10,"key":"sneckomod:MuddlingPotion"},{"floor":16,"key":"AttackPotion"},{"floor":23,"key":"Explosive Potion"}],"is_trial":false,"path_per_floor":["M","$","$","M","M","E","M","E","T","M","R","M","?","?","R","B",null,"M","?","$","M","M","E","R","M","T","R","?","M","$","?","R","B",null,"M","M","M","M","?","R","$","R","T","?","?","E","M","E","R","B","B",null,"R","$","E","B",null],"character_chosen":"DEFECT","items_purchased":["Electrodynamics","Capacitor","Discovery"],"campfire_rested":0,"item_purchase_floors":[20,30,41],"current_hp_per_floor":[2053,2053,2053,2046,2043,2008,1968,1917,1917,1867,1867,1851,1851,1851,1851,1838,2013,2001,2001,2001,1975,1941,1902,1902,1904,1904,1904,1904,1898,1898,1849,1849,1809,2007,1955,1947,1919,1900,1849,1849,1849,1849,1849,1803,1492,1294,1229,1137,1137,1089,1028,1813,1813,1813,1626,1454],"gold":51,"neow_bonus":"RANDOM_COMMON_RELIC","is_daily":false,"chose_seed":false,"campfire_upgraded":8,"win_rate":0.0,"timestamp":1613411497,"path_taken":["M","?","$","M","?","E","M","E","T","M","R","M","?","?","R","BOSS","M","?","$","M","?","E","R","?","T","R","?","M","$","?","R","BOSS","M","M","M","M","?","R","$","R","T","?","?","E","?","E","R","BOSS","BOSS","R","$","E","BOSS"],"items_purchased_type":["Card","Card","Card"],"build_version":"2020-12-22","purchased_purges":4,"victory":true,"max_hp_per_floor":[2071,2071,2071,2071,2071,2071,2071,2071,2071,2071,2071,2071,2071,2071,2071,2071,2071,2071,2071,2071,2071,2071,2071,2071,2073,2073,2073,2073,2073,2073,2073,2073,2073,2073,2073,2073,2075,2077,2077,2077,2074,2074,2074,2074,2074,2074,2074,2074,2074,2074,2074,2074,2074,2074,2074,2074],"card_choices":[{"not_picked":["Barrage","Beam Cell"],"picked":"Chaos","floor":1},{"not_picked":["Rebound","Steam"],"picked":"Beam Cell","floor":4},{"not_picked":["Undo","Rebound"],"picked":"Redo","floor":5},{"not_picked":["Hologram","Buffer"],"picked":"Fusion","floor":6},{"not_picked":["Sweeping Beam","Gash"],"picked":"Aggregate","floor":7},{"not_picked":["Static Discharge","Chill","Force Field"],"picked":"SKIP","floor":8},{"not_picked":["Conserve Battery","Self Repair","Leap"],"picked":"SKIP","floor":10},{"not_picked":["Cold Snap","Conserve Battery"],"picked":"Ball Lightning","floor":12},{"not_picked":["Machine Learning","Hyperbeam"],"picked":"Thunder Strike","floor":16},{"not_picked":["Tempest","Beam Cell"],"picked":"Stack+1","floor":18},{"not_picked":["Coolheaded","Steam"],"picked":"Compile Driver","floor":21},{"not_picked":["Heatsinks","BootSequence"],"picked":"Beam Cell+1","floor":22},{"not_picked":["Leap","Go for the Eyes"],"picked":"Compile Driver","floor":23},{"not_picked":["Leap","Blizzard","Hello World"],"picked":"Singing Bowl","floor":25},{"not_picked":["Beam Cell","Storm"],"picked":"Capacitor","floor":29},{"not_picked":["Rebound","Fusion"],"picked":"Melter","floor":31},{"not_picked":["Rainbow","Hyperbeam"],"picked":"Biased Cognition","floor":33},{"not_picked":["Gash","Glacier"],"picked":"Defragment","floor":35},{"not_picked":["Turbo","Defragment+1"],"picked":"Sunder+1","floor":36},{"not_picked":["Steam","Stack","Go for the Eyes"],"picked":"Singing Bowl","floor":37},{"not_picked":["Steam","Coolheaded","Hologram"],"picked":"Singing Bowl","floor":38},{"not_picked":["Hyperbeam","Turbo+1"],"picked":"Stack+1","floor":39},{"not_picked":["Stack","Leap"],"picked":"Ball Lightning+1","floor":44},{"not_picked":["Turbo","Hyperbeam"],"picked":"Skim","floor":46},{"not_picked":["Tempest","Stack+1"],"picked":"Streamline","floor":47},{"not_picked":["Conserve Battery","Turbo"],"picked":"Chaos+1","floor":48},{"not_picked":["Defragment","Turbo"],"picked":"Lockon","floor":55}],"player_experience":366748,"relics_obtained":[{"floor":6,"key":"DataDisk"},{"floor":8,"key":"Slimebound:StickyStick"},{"floor":23,"key":"Singing Bowl"},{"floor":26,"key":"Emotion Chip"},{"floor":31,"key":"Red Mask"},{"floor":39,"key":"Thread and Needle"},{"floor":43,"key":"Pantograph"},{"floor":44,"key":"Runesmith:Locket"},{"floor":46,"key":"Runesmith:AutoHammer"},{"floor":48,"key":"Regal Pillow"},{"floor":55,"key":"Boot"}],"event_choices":[{"cards_removed":["Defend_B"],"damage_healed":0,"gold_gain":0,"player_choice":"Forget","damage_taken":0,"max_hp_gain":0,"max_hp_loss":0,"event_name":"Living Wall","floor":13,"gold_loss":0},{"damage_healed":0,"gold_gain":0,"player_choice":"Ignored","damage_taken":0,"max_hp_gain":0,"max_hp_loss":0,"event_name":"Liars Game","floor":14,"gold_loss":0},{"damage_healed":0,"gold_gain":0,"player_choice":"Ignored","damage_taken":0,"max_hp_gain":0,"max_hp_loss":0,"event_name":"N\u0027loth","floor":19,"gold_loss":0},{"damage_healed":0,"gold_gain":0,"player_choice":"Inject Mutagens","damage_taken":0,"relics_obtained":["MutagenicStrength"],"max_hp_gain":0,"max_hp_loss":0,"event_name":"Drug Dealer","floor":28,"gold_loss":0},{"damage_healed":0,"gold_gain":0,"player_choice":"Fought Bandits","damage_taken":0,"max_hp_gain":0,"max_hp_loss":0,"event_name":"Masked Bandits","floor":31,"gold_loss":0},{"damage_healed":0,"gold_gain":0,"player_choice":"Fight","damage_taken":0,"max_hp_gain":0,"max_hp_loss":0,"event_name":"MindBloom","floor":39,"gold_loss":0},{"damage_healed":0,"gold_gain":0,"player_choice":"Fight","damage_taken":0,"max_hp_gain":0,"max_hp_loss":0,"event_name":"Mysterious Sphere","floor":44,"gold_loss":0},{"damage_healed":0,"gold_gain":0,"player_choice":"Damaged","damage_taken":311,"max_hp_gain":0,"max_hp_loss":0,"event_name":"Wheel of Change","floor":45,"gold_loss":0}],"is_beta":false,"boss_relics":[{"not_picked":["Calling Bell","Velvet Choker"],"picked":"Nuclear Battery"},{"not_picked":["Tiny House","Snecko Eye"],"picked":"Sozu"}],"items_purged_floors":[2,20,41,54],"is_endless":false,"potions_floor_spawned":[1,7,10,16,23,25,29,31,35,38,39,55],"ascension_level":20}}