{"host":"5inz41fcnifmg6v2","time":1613369275,"event":{"mods":["BaseMod","Downfall","Minty Spire (QoL Compilation)","Reliquary","Replay The Spire","StSLib"],"gold_per_floor":[112,112,112,131,150,183,194,225,293,293,326,286,298,322,322,425,425,444,444,444,456,22,57,57,57,57,83,102,127,232,262,262,359,359,371,391,64,76,93,93,25,51,74,87,0,0,26,26,26,26,26,26,26,59,59],"floor_reached":56,"language":"ZHS","playtime":5129,"items_purged":["ReplayTheSpireMod:Splinters"],"score":1393,"play_id":"52a6f82d-512b-4d7e-9e2b-47cdb351859b","local_time":"20210215140755","is_ascension_mode":true,"campfire_choices":[{"floor":10,"key":"REST"},{"floor":15,"key":"RECALL"},{"floor":25,"key":"REST"},{"floor":32,"key":"REST"},{"data":"Barricade","floor":40,"key":"SMITH"},{"data":"ReplayTheSpireMod:Brewmster","floor":46,"key":"SMITH"},{"data":"ReplayTheSpireMod:Brewmster","floor":49,"key":"SMITH"},{"data":"Bloodletting","floor":52,"key":"SMITH"}],"circlet_count":0,"master_deck":["Strike_R","Strike_R","Strike_R+1","Strike_R","Defend_R+1","Defend_R","Defend_R","Defend_R","Bash","Flame Barrier+1","Feel No Pain","Body Slam","Brutality","Cleave","Sword Boomerang+1","Replay:Undeath\u0027s Touch","Double Tap","Anger","RitualDagger","Body Slam","ReplayTheSpireMod:Brewmster+1","Berserk+1","ReplayTheSpireMod:Brewmster+1","Bloodletting+1","J.A.X.","Offering","Combust","Shrug It Off","Iron Wave","Shrug It Off+1","Twin Strike+1","Immolate","Barricade+1","Replay:Undeath\u0027s Touch+1","Whirlwind+1","Entrench+1","Dual Wield+1","Life Link","Entrench+1","Parasite","ReplayTheSpireMod:Muscle Training+1","Bloodletting+1"],"relics":["Burning Blood","Darkstone Periapt","Calipers","Pen Nib","Replay:Ringing Soul","reliquary:Crutches","Honey Jar","DollysMirror","Whetstone","ReplayTheSpireMod:Ninjato","Bird Faced Urn","reliquary:PartyBalloon","War Paint","SacredBark","Eternal Feather","Meat on the Bone","Blood Vial","Red Mask","Blue Doll","Ring of Searing","Ring of Chaos","Onion Ring"],"acts_visited":["Exordium","TheCity","TheBeyond","TheEnding"],"potions_floor_usage":[6,11,13,18,23,23,23,23,27,27,28,29,29,29,31,31,31,31,31,33,33,33,33,33,33,33,33,33,33,35,35,35,35,35,35,38,38,38,38,38,39,39,39,42,42,42,42,42,42,44,44,44,44,50,50,50,50,50,50,50,50,50,50,50,54,54,54,54,54,54,55,55,55,55,55,55,55,55,55,55],"damage_taken":[{"damage":4,"enemies":"Small Slimes","floor":1,"turns":4},{"damage":4,"enemies":"Jaw Worm","floor":4,"turns":4},{"damage":6,"enemies":"Cultist","floor":5,"turns":3},{"damage":17,"enemies":"3 Sentries","floor":6,"turns":7},{"damage":13,"enemies":"Blue Slaver","floor":7,"turns":4},{"damage":52,"enemies":"Gremlin Nob","floor":8,"turns":6},{"damage":21,"enemies":"3 Sentries","floor":11,"turns":6},{"damage":1,"enemies":"Lots of Slimes","floor":13,"turns":2},{"damage":29,"enemies":"Fading Forest","floor":16,"turns":11},{"damage":16,"enemies":"2 Thieves","floor":18,"turns":4},{"damage":0,"enemies":"Chosen","floor":21,"turns":3},{"damage":61,"enemies":"Book of Stabbing","floor":23,"turns":6},{"damage":13,"enemies":"Slavers","floor":27,"turns":3},{"damage":41,"enemies":"Centurion and Healer","floor":28,"turns":4},{"damage":31,"enemies":"Gremlin Leader","floor":29,"turns":3},{"damage":59,"enemies":"Slavers","floor":31,"turns":4},{"damage":52,"enemies":"Champ","floor":33,"turns":7},{"damage":60,"enemies":"3 Darklings","floor":35,"turns":4},{"damage":39,"enemies":"3 Shapes","floor":36,"turns":3},{"damage":43,"enemies":"3 Darklings","floor":38,"turns":4},{"damage":144,"enemies":"Transient","floor":39,"turns":5},{"damage":34,"enemies":"Giant Head","floor":42,"turns":7},{"damage":44,"enemies":"Writhing Mass","floor":44,"turns":4},{"damage":117,"enemies":"Awakened One","floor":50,"turns":6},{"damage":81,"enemies":"Shield and Spear","floor":54,"turns":4},{"damage":43,"enemies":"The Heart","floor":55,"turns":6}],"seed_played":"-5709059268186701671","potions_obtained":[{"floor":1,"key":"AttackPotion"},{"floor":8,"key":"Explosive Potion"},{"floor":11,"key":"Fire Potion"},{"floor":12,"key":"LiquidMemories"},{"floor":12,"key":"Explosive Potion"},{"floor":13,"key":"Swift Potion"},{"floor":21,"key":"Fire Potion"},{"floor":23,"key":"Cursed Concoction"},{"floor":36,"key":"Block Potion"},{"floor":38,"key":"FairyPotion"},{"floor":42,"key":"Milkshake"}],"is_trial":false,"path_per_floor":["M","?","?","M","M","E","M","E","T","R","E","?","M","T","R","B",null,"M","?","?","M","$","E","?","R","T","E","M","E","?","E","R","B",null,"M","M","$","M","M","R","$","E","T","M","?","R","T","?","R","B",null,"R","$","E","B",null],"character_chosen":"IRONCLAD","items_purchased":["ReplayTheSpireMod:Brewmster","Berserk+1","DollysMirror","Eternal Feather","Life Link"],"campfire_rested":3,"item_purchase_floors":[22,22,22,37,41],"current_hp_per_floor":[88,94,94,94,94,83,76,30,30,58,46,46,54,54,54,44,103,96,93,93,102,105,58,61,97,97,93,67,53,62,23,65,43,145,102,80,80,58,88,109,112,128,128,111,111,135,135,135,159,76,172,172,172,110,97],"gold":59,"neow_bonus":"TEN_PERCENT_HP_BONUS","is_daily":false,"chose_seed":false,"campfire_upgraded":4,"win_rate":0.0,"timestamp":1613369275,"path_taken":["M","?","?","?","M","E","M","E","T","R","E","?","?","?","R","BOSS","M","?","?","?","$","E","?","R","T","E","M","E","?","E","R","BOSS","M","M","$","M","M","R","$","E","T","M","?","R","?","?","R","BOSS","R","$","E","BOSS"],"items_purchased_type":["Card","Card","Relic","Relic","Card"],"build_version":"2020-12-22","purchased_purges":1,"victory":true,"max_hp_per_floor":[88,94,94,94,94,94,94,94,94,94,97,97,100,100,100,103,103,106,109,109,112,115,118,121,121,121,124,127,130,139,142,142,145,145,148,151,151,154,157,157,160,163,163,172,172,172,172,172,172,172,172,172,172,175,175],"card_choices":[{"not_picked":["Clothesline","Clash"],"picked":"Flame Barrier","floor":1},{"not_picked":["Massacre","Sword Boomerang"],"picked":"Feel No Pain","floor":4},{"not_picked":["Sword Boomerang","Power Through"],"picked":"Body Slam","floor":5},{"not_picked":["Whirlwind","Iron Wave"],"picked":"Brutality","floor":6},{"not_picked":["Perfected Strike","Wild Strike","Flex"],"picked":"SKIP","floor":7},{"not_picked":["Anger","Evolve"],"picked":"Cleave","floor":8},{"not_picked":["Clothesline","Havoc"],"picked":"Sword Boomerang","floor":11},{"not_picked":["Run Through","Reckless Charge"],"picked":"Replay:Undeath\u0027s Touch","floor":13},{"not_picked":["Exhume","Replay:Many Hands"],"picked":"Double Tap","floor":16},{"not_picked":["Warcry","Clothesline","Twin Strike"],"picked":"Anger","floor":18},{"not_picked":["Clash","Twin Strike","Warcry"],"picked":"Body Slam","floor":21},{"not_picked":["Perfected Strike+1","Armaments+1","Flex"],"picked":"Bloodletting","floor":23},{"not_picked":["Combust","Sword Boomerang+1","Warcry"],"picked":"Offering","floor":27},{"not_picked":["Perfected Strike+1","Clothesline","Dropkick+1"],"picked":"Combust","floor":28},{"not_picked":["Pommel Strike","Havoc+1","Berserk"],"picked":"Shrug It Off","floor":29},{"not_picked":["Reckless Charge+1","Havoc+1","Clothesline"],"picked":"Iron Wave","floor":30},{"not_picked":["Heavy Blade","Iron Wave","Thunderclap"],"picked":"Shrug It Off+1","floor":30},{"not_picked":["Blood for Blood+1","Hemokinesis+1","Sentinel+1"],"picked":"Twin Strike+1","floor":30},{"not_picked":["Run Through","Wild Strike+1","Havoc"],"picked":"Immolate","floor":31},{"not_picked":["Corruption","Feed","Impervious"],"picked":"Barricade","floor":33},{"not_picked":["Sword Boomerang+1","Clash","Dark Embrace"],"picked":"Replay:Undeath\u0027s Touch+1","floor":35},{"not_picked":["Iron Wave+1","Massacre+1","Perfected Strike+1"],"picked":"Whirlwind+1","floor":36},{"not_picked":["Ghostly Armor+1","Wild Strike+1","Clash+1"],"picked":"Entrench+1","floor":38},{"not_picked":["True Grit","Carnage","Iron Wave+1"],"picked":"Dual Wield+1","floor":39},{"not_picked":["Sever Soul","Body Slam","ReplayTheSpireMod:Stacked+1"],"picked":"Entrench+1","floor":42},{"not_picked":["Wild Strike+1","Headbutt","Dark Embrace"],"picked":"ReplayTheSpireMod:Muscle Training+1","floor":44},{"not_picked":["Fire Breathing","Reckless Charge","Perfected Strike+1"],"picked":"Bloodletting+1","floor":54}],"player_experience":101257,"relics_obtained":[{"floor":6,"key":"Calipers"},{"floor":8,"key":"Pen Nib"},{"floor":9,"key":"Replay:Ringing Soul"},{"floor":11,"key":"reliquary:Crutches"},{"floor":23,"key":"Whetstone"},{"floor":26,"key":"ReplayTheSpireMod:Ninjato"},{"floor":27,"key":"Bird Faced Urn"},{"floor":29,"key":"reliquary:PartyBalloon"},{"floor":31,"key":"War Paint"},{"floor":42,"key":"Meat on the Bone"},{"floor":43,"key":"Blood Vial"},{"floor":47,"key":"Blue Doll"},{"floor":48,"key":"Ring of Searing"},{"floor":48,"key":"Ring of Chaos"},{"floor":54,"key":"Onion Ring"}],"event_choices":[{"damage_healed":0,"gold_gain":0,"player_choice":"Box","damage_taken":0,"relics_obtained":["Darkstone Periapt"],"max_hp_gain":0,"max_hp_loss":0,"event_name":"Big Fish","floor":2,"gold_loss":0,"cards_obtained":["Regret"]},{"cards_removed":["Regret"],"damage_healed":0,"gold_gain":0,"player_choice":"Removed Curses","damage_taken":0,"max_hp_gain":0,"max_hp_loss":0,"event_name":"Fountain of Cleansing","floor":3,"gold_loss":0},{"damage_healed":0,"gold_gain":0,"player_choice":"Bought 3 Potions","damage_taken":0,"max_hp_gain":0,"max_hp_loss":0,"event_name":"The Woman in Blue","floor":12,"gold_loss":0},{"damage_healed":0,"gold_gain":0,"player_choice":"Joined the Cult","damage_taken":6,"max_hp_gain":0,"max_hp_loss":0,"event_name":"Nest","floor":19,"gold_loss":0,"cards_obtained":["RitualDagger"]},{"cards_removed":["Strike_R"],"damage_healed":0,"gold_gain":0,"player_choice":"Offered Basic","damage_taken":0,"max_hp_gain":0,"max_hp_loss":0,"event_name":"Bonfire Elementals","floor":20,"gold_loss":0},{"damage_healed":0,"gold_gain":0,"player_choice":"Obtain J.A.X.","damage_taken":0,"max_hp_gain":0,"max_hp_loss":0,"event_name":"Drug Dealer","floor":24,"gold_loss":0,"cards_obtained":["J.A.X."]},{"damage_healed":0,"gold_gain":0,"player_choice":"Paid","damage_taken":0,"relics_obtained":["Red Mask"],"max_hp_gain":0,"max_hp_loss":0,"event_name":"Tomb of Lord Red Mask","floor":45,"gold_loss":87}],"is_beta":false,"boss_relics":[{"not_picked":["Coffee Dripper","Runic Cube"],"picked":"Honey Jar"},{"not_picked":["ReplayTheSpireMod:DimensionalGlitch","Snecko Eye"],"picked":"SacredBark"}],"items_purged_floors":[37],"is_endless":false,"potions_floor_spawned":[1,8,11,13,21,23,36,38,42],"ascension_level":2}}