{"host":"3c8x8j1h2jyrixpf","time":1613420485,"event":{"mods":["BaseMod","Colored Powertips","Highlight Path","Minty Spire (QoL Compilation)","StSLib"],"gold_per_floor":[113,131,149,162,162,196,196,196,196],"floor_reached":8,"language":"ENG","playtime":254,"items_purged":[],"score":90,"play_id":"d0868471-6f70-47fc-a238-8a7ba603782f","local_time":"20210215142125","is_ascension_mode":true,"campfire_choices":[{"data":"Consume","floor":7,"key":"SMITH"}],"circlet_count":0,"master_deck":["AscendersBane","Strike_B","Strike_B","Strike_B","Defend_B","Defend_B","Defend_B","Defend_B","Zap","Dualcast","Consume+1","Steam","Sunder","Capacitor","Capacitor"],"relics":["Cracked Core","Bottled Lightning"],"acts_visited":["Exordium"],"potions_floor_usage":[],"damage_taken":[{"damage":0,"enemies":"Cultist","floor":1,"turns":3},{"damage":5,"enemies":"Small Slimes","floor":2,"turns":3},{"damage":1,"enemies":"Jaw Worm","floor":3,"turns":4},{"damage":8,"enemies":"Blue Slaver","floor":4,"turns":3},{"damage":25,"enemies":"3 Sentries","floor":6,"turns":6},{"damage":44,"enemies":"Gremlin Nob","floor":8,"turns":4}],"seed_played":"4170093453805655533","potions_obtained":[{"floor":3,"key":"SmokeBomb"}],"is_trial":false,"path_per_floor":["M","M","M","M","?","E","R","E"],"character_chosen":"DEFECT","items_purchased":[],"campfire_rested":0,"item_purchase_floors":[],"current_hp_per_floor":[75,70,69,61,61,36,36,0,0],"gold":196,"neow_bonus":"TEN_PERCENT_HP_BONUS","is_daily":false,"chose_seed":false,"campfire_upgraded":1,"win_rate":0.0,"timestamp":1613420485,"path_taken":["M","M","?","M","?","E","R","E"],"items_purchased_type":[],"build_version":"2020-12-22","purchased_purges":0,"victory":false,"max_hp_per_floor":[82,82,82,82,82,82,82,82,82],"card_choices":[{"not_picked":["Ball Lightning","Rebound"],"picked":"Consume","floor":1},{"not_picked":["Streamline","Hologram"],"picked":"Steam","floor":2},{"not_picked":["Gash","Go for the Eyes"],"picked":"Sunder","floor":3},{"not_picked":["Go for the Eyes","Aggregate"],"picked":"Capacitor","floor":4},{"not_picked":["Hello World","Leap"],"picked":"Capacitor","floor":6}],"player_experience":252035,"relics_obtained":[{"floor":6,"key":"Bottled Lightning"}],"event_choices":[{"cards_removed":["Strike_B"],"damage_healed":0,"gold_gain":0,"player_choice":"Forget","damage_taken":0,"max_hp_gain":0,"max_hp_loss":0,"event_name":"Living Wall","floor":5,"gold_loss":0}],"is_beta":false,"boss_relics":[],"items_purged_floors":[],"is_endless":false,"potions_floor_spawned":[3],"killed_by":"Gremlin Nob","ascension_level":11}}