{"host":"sav7uxregyirlf69","time":1613432380,"event":{"mods":["AchievementEnabler","BaseMod","Colored Map","DeckTracker","Keyboard Shortcuts","Minty Spire (QoL Compilation)","READ ME - Guardian Mod","StSLib","SuperFastMode"],"gold_per_floor":[119,135,147,171,221,221,236,247,247,263,263,292,367,367,367,443,443,458,53,67,82,132,132,152,152,152,152,152,168,168,168],"floor_reached":30,"language":"KOR","playtime":570,"items_purged":["Strike_R"],"score":464,"play_id":"65b4c325-be3b-4f2e-9d4e-caa86c6bc86f","local_time":"20210216083940","is_ascension_mode":true,"campfire_choices":[{"data":"Apotheosis","floor":6,"key":"SMITH"},{"floor":11,"key":"REST"},{"floor":15,"key":"REST"},{"data":"Barricade","floor":23,"key":"SMITH"},{"floor":25,"key":"REST"},{"floor":27,"key":"RECALL"}],"circlet_count":0,"master_deck":["AscendersBane","Strike_R","Strike_R","Strike_R","Defend_R","Defend_R","Defend_R","Defend_R","Bash","Apotheosis+1","Wild Strike","Second Wind","Feel No Pain","Pommel Strike","Disarm+1","Burning Pact+1","Barricade+1","Shrug It Off+1","Shrug It Off+1","Juggernaut"],"relics":["Burning Blood","Ancient Tea Set","Toxic Egg 2","Torii","Philosopher\u0027s Stone","ClockworkSouvenir","Vajra","Self Forming Clay"],"acts_visited":["Exordium","TheCity"],"potions_floor_usage":[16,18,30,30,30],"damage_taken":[{"damage":9,"enemies":"Cultist","floor":1,"turns":4},{"damage":10,"enemies":"Small Slimes","floor":2,"turns":3},{"damage":4,"enemies":"Jaw Worm","floor":3,"turns":3},{"damage":8,"enemies":"Large Slime","floor":7,"turns":4},{"damage":10,"enemies":"Blue Slaver","floor":8,"turns":5},{"damage":22,"enemies":"3 Louse","floor":10,"turns":5},{"damage":13,"enemies":"3 Sentries","floor":12,"turns":9},{"damage":3,"enemies":"The Guardian","floor":16,"turns":12},{"damage":40,"enemies":"3 Byrds","floor":18,"turns":9},{"damage":7,"enemies":"Shell Parasite","floor":20,"turns":7},{"damage":10,"enemies":"Snecko","floor":21,"turns":7},{"damage":0,"enemies":"Snake Plant","floor":24,"turns":5},{"damage":26,"enemies":"3 Cultists","floor":29,"turns":6},{"damage":29,"enemies":"Gremlin Leader","floor":30,"turns":4}],"seed_played":"-5437831661293340437","potions_obtained":[{"floor":3,"key":"SteroidPotion"},{"floor":8,"key":"Swift Potion"},{"floor":16,"key":"Fruit Juice"},{"floor":18,"key":"EntropicBrew"}],"is_trial":false,"path_per_floor":["M","M","M","T","?","R","M","M","T","M","R","E","?","?","R","B",null,"M","$","M","M","?","R","M","R","T","R","?","M","E"],"character_chosen":"IRONCLAD","items_purchased":["ClockworkSouvenir","Vajra"],"campfire_rested":3,"item_purchase_floors":[19,19],"current_hp_per_floor":[47,43,45,45,45,45,43,39,39,23,45,38,27,27,49,52,69,40,40,39,35,35,35,41,65,65,65,42,22,0,0],"gold":168,"neow_bonus":"RANDOM_COLORLESS_2","is_daily":false,"chose_seed":false,"campfire_upgraded":2,"win_rate":0.0,"timestamp":1613432380,"path_taken":["M","M","M","?","?","R","M","?","T","M","R","E","?","?","R","BOSS","M","$","M","M","?","R","M","R","T","R","?","M","E"],"items_purchased_type":["Relic","Relic"],"build_version":"2020-12-22","purchased_purges":1,"victory":false,"max_hp_per_floor":[75,75,75,75,75,75,75,75,75,75,75,75,75,75,75,75,75,80,80,80,80,80,80,80,80,80,80,85,85,85,85],"card_choices":[{"not_picked":["Violence","Mayhem"],"picked":"Apotheosis","floor":0},{"not_picked":["Thunderclap","Pommel Strike"],"picked":"Wild Strike","floor":1},{"not_picked":["Flex","Pommel Strike"],"picked":"Second Wind","floor":2},{"not_picked":["Metallicize","Dual Wield","Heavy Blade"],"picked":"SKIP","floor":3},{"not_picked":["Armaments","True Grit"],"picked":"Feel No Pain","floor":7},{"not_picked":["Anger","Cleave"],"picked":"Pommel Strike","floor":8},{"not_picked":["Combust","Flex+1","Clothesline"],"picked":"SKIP","floor":10},{"not_picked":["Headbutt","Clash"],"picked":"Disarm+1","floor":12},{"not_picked":["Fiend Fire","Immolate"],"picked":"Barricade","floor":16},{"not_picked":["Warcry+1","Cleave"],"picked":"Shrug It Off+1","floor":18},{"not_picked":["Cleave","Perfected Strike","Disarm+1"],"picked":"SKIP","floor":20},{"not_picked":["Armaments+1","True Grit+1"],"picked":"Shrug It Off+1","floor":21},{"not_picked":["Iron Wave+1","Rampage+1"],"picked":"Juggernaut","floor":24},{"not_picked":["Heavy Blade","Flex+1","Clothesline"],"picked":"SKIP","floor":29}],"player_experience":1586119,"relics_obtained":[{"floor":4,"key":"Ancient Tea Set"},{"floor":9,"key":"Toxic Egg 2"},{"floor":12,"key":"Torii"},{"floor":26,"key":"Self Forming Clay"}],"event_choices":[{"damage_healed":0,"gold_gain":50,"player_choice":"Pray","damage_taken":0,"max_hp_gain":0,"max_hp_loss":0,"event_name":"Golden Shrine","floor":5,"gold_loss":0},{"damage_healed":0,"gold_gain":75,"player_choice":"Gather Gold","damage_taken":11,"max_hp_gain":0,"max_hp_loss":0,"event_name":"World of Goop","floor":13,"gold_loss":0},{"damage_healed":0,"gold_gain":0,"cards_transformed":["Strike_R"],"player_choice":"Change","damage_taken":0,"max_hp_gain":0,"max_hp_loss":0,"event_name":"Living Wall","floor":14,"gold_loss":0,"cards_obtained":["Burning Pact"]},{"damage_healed":0,"gold_gain":50,"player_choice":"Stole From Cult","damage_taken":0,"max_hp_gain":0,"max_hp_loss":0,"event_name":"Nest","floor":22,"gold_loss":0},{"damage_healed":0,"gold_gain":0,"player_choice":"Shed Blood","damage_taken":28,"max_hp_gain":5,"max_hp_loss":0,"event_name":"Forgotten Altar","floor":28,"gold_loss":0}],"is_beta":false,"boss_relics":[{"not_picked":["Empty Cage","Tiny House"],"picked":"Philosopher\u0027s Stone"}],"items_purged_floors":[19],"is_endless":false,"potions_floor_spawned":[3,8,12,16,18,29],"killed_by":"Gremlin Leader","ascension_level":20}}