{"host":"6ulps5ednfgqn0to","time":1613367854,"event":{"mods":["AchievementEnabler","BaseMod","Colored Map","Highlight Path","Minty Spire (QoL Compilation)","Relic Sorter","Relic Stats","StSLib"],"gold_per_floor":[117,22,35,35,35,68,68,98,98,98,132,132,132,152,152,252,252,272,288,288,112,128,153,165,165,165,192,192,203,228,244,244,343,343,358,376,276,246,68,68,82,82,82],"floor_reached":42,"language":"ENG","playtime":2886,"items_purged":["Strike_R","Dropkick"],"score":574,"play_id":"0170195f-058c-4bef-b3eb-67c13275757d","local_time":"20210215074414","is_ascension_mode":true,"campfire_choices":[{"data":"Armaments","floor":7,"key":"SMITH"},{"data":"Fire Breathing","floor":10,"key":"SMITH"},{"data":"Bash","floor":13,"key":"SMITH"},{"data":"Rampage","floor":15,"key":"SMITH"},{"floor":28,"key":"REST"},{"data":"True Grit","floor":32,"key":"SMITH"},{"data":"True Grit","floor":40,"key":"SMITH"}],"circlet_count":0,"master_deck":["Strike_R","Strike_R","Strike_R","Defend_R","Defend_R","Defend_R","Defend_R","Bash+1","Headbutt","Fire Breathing+1","Armaments+1","Rage","Burning Pact","Rampage+1","Double Tap","Intimidate+1","Ghostly Armor+1","True Grit+1","Headbutt","Offering","Searing Blow","Shrug It Off+1","Impervious","Flame Barrier","Whirlwind","True Grit+1","Parasite","Sever Soul+1"],"relics":["Burning Blood","NeowsBlessing","Lizard Tail","Centennial Puzzle","Pantograph","Girya","Runic Pyramid","Gremlin Horn","Kunai","Matryoshka","Bottled Flame","Bottled Tornado","Empty Cage","Lee\u0027s Waffle"],"acts_visited":["Exordium","TheCity","TheBeyond"],"potions_floor_usage":[8,23,23,23,23,23,24,31,31],"damage_taken":[{"damage":0,"enemies":"Cultist","floor":1,"turns":1},{"damage":0,"enemies":"Jaw Worm","floor":3,"turns":1},{"damage":0,"enemies":"3 Sentries","floor":6,"turns":2},{"damage":7,"enemies":"Lagavulin","floor":8,"turns":6},{"damage":20,"enemies":"3 Sentries","floor":11,"turns":4},{"damage":1,"enemies":"2 Louse","floor":14,"turns":3},{"damage":50,"enemies":"The Guardian","floor":16,"turns":9},{"damage":15,"enemies":"3 Byrds","floor":18,"turns":6},{"damage":25,"enemies":"2 Thieves","floor":19,"turns":4},{"damage":26,"enemies":"Shelled Parasite and Fungi","floor":22,"turns":6},{"damage":43,"enemies":"Slavers","floor":23,"turns":9},{"damage":4,"enemies":"Cultist and Chosen","floor":24,"turns":5},{"damage":40,"enemies":"Book of Stabbing","floor":27,"turns":6},{"damage":16,"enemies":"Centurion and Healer","floor":29,"turns":5},{"damage":14,"enemies":"Gremlin Leader","floor":30,"turns":9},{"damage":30,"enemies":"Snake Plant","floor":31,"turns":5},{"damage":25,"enemies":"Automaton","floor":33,"turns":10},{"damage":26,"enemies":"3 Shapes","floor":35,"turns":4},{"damage":55,"enemies":"3 Darklings","floor":36,"turns":7},{"damage":90,"enemies":"Writhing Mass","floor":41,"turns":11},{"damage":8,"enemies":"Nemesis","floor":42,"turns":1}],"seed_played":"2799290897132055246","potions_obtained":[{"floor":6,"key":"SteroidPotion"},{"floor":12,"key":"EntropicBrew"},{"floor":12,"key":"DuplicationPotion"},{"floor":12,"key":"Energy Potion"},{"floor":14,"key":"FairyPotion"},{"floor":23,"key":"PowerPotion"},{"floor":27,"key":"Dexterity Potion"},{"floor":30,"key":"Swift Potion"},{"floor":36,"key":"DuplicationPotion"},{"floor":38,"key":"FearPotion"},{"floor":38,"key":"Strength Potion"}],"is_trial":false,"path_per_floor":["M","$","M","$","?","E","R","E","T","R","E","?","R","M","R","B",null,"M","M","?","$","M","E","M","T","T","E","R","M","E","M","R","B",null,"M","M","$","?","$","R","M","E"],"character_chosen":"IRONCLAD","items_purchased":["Fire Breathing","Armaments","True Grit","Headbutt","True Grit","Lee\u0027s Waffle"],"campfire_rested":1,"item_purchase_floors":[2,2,21,21,39,39],"current_hp_per_floor":[80,80,80,80,80,80,80,79,79,79,65,65,65,70,70,36,80,71,52,37,37,17,12,14,14,14,28,53,43,35,11,11,17,85,65,16,16,16,92,92,8,0,0],"gold":82,"neow_bonus":"THREE_ENEMY_KILL","is_daily":false,"chose_seed":false,"campfire_upgraded":6,"win_rate":0.0,"timestamp":1613367854,"path_taken":["M","$","?","$","?","E","R","E","T","R","E","?","R","M","R","BOSS","M","?","?","$","M","E","M","?","T","E","R","M","E","M","R","BOSS","M","M","$","?","$","R","?","E"],"items_purchased_type":["Card","Card","Card","Card","Card","Relic"],"build_version":"2020-12-22","purchased_purges":2,"victory":false,"max_hp_per_floor":[80,80,80,80,80,80,80,80,80,80,80,80,80,80,80,80,80,80,80,85,85,85,85,85,85,85,85,85,85,85,85,85,85,85,85,85,85,85,92,92,92,92,92],"relic_stats":{"Lizard Tail":42,"Centennial Puzzle":[51],"Lee\u0027s Waffle":76,"Gremlin Horn":[13,15],"counters":[21,114],"Pantograph":35,"Kunai":[17],"obtain_stats":[{"Girya":11,"Lee\u0027s Waffle":39,"NeowsBlessing":0,"Gremlin Horn":23,"Bottled Tornado":30,"Empty Cage":34,"Burning Blood":0,"Lizard Tail":6,"Centennial Puzzle":8,"Bottled Flame":27,"Matryoshka":26,"Pantograph":9,"Kunai":25,"Runic Pyramid":17},{"Girya":5,"Lee\u0027s Waffle":19,"NeowsBlessing":0,"Gremlin Horn":11,"Bottled Tornado":15,"Empty Cage":17,"Burning Blood":0,"Lizard Tail":3,"Centennial Puzzle":4,"Bottled Flame":13,"Matryoshka":12,"Pantograph":4,"Kunai":12,"Runic Pyramid":7},{"Girya":14,"Lee\u0027s Waffle":102,"NeowsBlessing":0,"Gremlin Horn":51,"Bottled Tornado":76,"Empty Cage":91,"Burning Blood":0,"Lizard Tail":4,"Centennial Puzzle":10,"Bottled Flame":62,"Matryoshka":56,"Pantograph":10,"Kunai":56,"Runic Pyramid":26}],"Burning Blood":102},"card_choices":[{"not_picked":["Clothesline","Second Wind"],"picked":"Headbutt","floor":1},{"not_picked":["Sword Boomerang","Twin Strike"],"picked":"Rage","floor":3},{"not_picked":["Hemokinesis","Flex"],"picked":"Anger","floor":6},{"not_picked":["Clash","Body Slam"],"picked":"Burning Pact","floor":8},{"not_picked":["Carnage","Infernal Blade"],"picked":"Rampage","floor":11},{"not_picked":["Intimidate","Iron Wave","Clash"],"picked":"SKIP","floor":14},{"not_picked":["Corruption","Bludgeon"],"picked":"Double Tap","floor":16},{"not_picked":["Sever Soul","Iron Wave"],"picked":"Intimidate+1","floor":18},{"not_picked":["Body Slam","Warcry"],"picked":"Ghostly Armor+1","floor":19},{"not_picked":["Dark Embrace","Armaments"],"picked":"Dropkick","floor":22},{"not_picked":["Hemokinesis","Body Slam","Cleave"],"picked":"SKIP","floor":23},{"not_picked":["Rupture","Carnage","Perfected Strike"],"picked":"SKIP","floor":24},{"not_picked":["Body Slam","Pommel Strike+1"],"picked":"Offering","floor":27},{"not_picked":["Rupture","Infernal Blade"],"picked":"Searing Blow","floor":29},{"not_picked":["Seeing Red","Clothesline+1"],"picked":"Shrug It Off+1","floor":30},{"not_picked":["Heavy Blade+1","Rupture+1","Infernal Blade"],"picked":"SKIP","floor":31},{"not_picked":["Feed","Limit Break"],"picked":"Impervious","floor":33},{"not_picked":["Wild Strike","Body Slam+1"],"picked":"Flame Barrier","floor":35},{"not_picked":["Sword Boomerang","Perfected Strike"],"picked":"Whirlwind","floor":36},{"not_picked":["Wild Strike+1","Thunderclap+1"],"picked":"Sever Soul+1","floor":41}],"player_experience":9045,"relics_obtained":[{"floor":6,"key":"Lizard Tail"},{"floor":8,"key":"Centennial Puzzle"},{"floor":9,"key":"Pantograph"},{"floor":11,"key":"Girya"},{"floor":23,"key":"Gremlin Horn"},{"floor":25,"key":"Kunai"},{"floor":26,"key":"Matryoshka"},{"floor":27,"key":"Bottled Flame"},{"floor":30,"key":"Bottled Tornado"}],"event_choices":[{"damage_healed":0,"gold_gain":0,"player_choice":"Leave","damage_taken":0,"max_hp_gain":0,"max_hp_loss":0,"event_name":"The Cleric","floor":5,"gold_loss":0},{"damage_healed":0,"gold_gain":0,"player_choice":"Got Potions","damage_taken":0,"max_hp_gain":0,"max_hp_loss":0,"event_name":"Lab","floor":12,"gold_loss":0},{"damage_healed":0,"gold_gain":0,"player_choice":"Shed Blood","damage_taken":20,"max_hp_gain":5,"max_hp_loss":0,"event_name":"Forgotten Altar","floor":20,"gold_loss":0},{"damage_healed":0,"gold_gain":0,"player_choice":"Bought 2 Potions","damage_taken":0,"max_hp_gain":0,"max_hp_loss":0,"event_name":"The Woman in Blue","floor":38,"gold_loss":0}],"is_beta":false,"boss_relics":[{"not_picked":["Calling Bell","Tiny House"],"picked":"Runic Pyramid"},{"not_picked":["Velvet Choker","Sozu"],"picked":"Empty Cage"}],"items_purged_floors":[21,37],"is_endless":false,"potions_floor_spawned":[6,14,16,19,23,27,30,36,41],"killed_by":"Nemesis","ascension_level":3}}