{"host":"rc0y5s0pznrxft0n","time":1613351689,"event":{"mods":["BaseMod","Hermit","Minty Spire (QoL Compilation)","StSLib"],"gold_per_floor":[119,132,132,132,307,307,348,348,348,348,40,71,85,105,105,236,236,255,271,271,67,67,106,106,150,162,174,186,221,274,81,81,81,81],"floor_reached":33,"language":"ENG","playtime":1616,"items_purged":["hermit:Strike_Hermit","hermit:Strike_Hermit"],"score":371,"play_id":"69aa0316-b217-4fd7-b817-639c0bda53af","local_time":"20210214201449","is_ascension_mode":true,"campfire_choices":[{"data":"hermit:Dive","floor":6,"key":"SMITH"},{"data":"hermit:Snapshot","floor":8,"key":"SMITH"},{"floor":10,"key":"REST"},{"data":"hermit:WideOpen","floor":15,"key":"SMITH"},{"data":"Judgement","floor":24,"key":"SMITH"},{"floor":27,"key":"REST"},{"data":"hermit:Glare","floor":32,"key":"SMITH"}],"circlet_count":0,"master_deck":["hermit:Strike_Hermit","hermit:Strike_Hermit","hermit:Defend_Hermit","hermit:Defend_Hermit","hermit:Defend_Hermit","hermit:Defend_Hermit","hermit:Snapshot+1","hermit:Covet","hermit:Headshot","hermit:Dive+1","Injury","Regret","Doubt","hermit:Quickdraw","hermit:Grudge","hermit:Feint","hermit:WideOpen+1","hermit:TrackingShot","hermit:Reprieve","hermit:Misfire","hermit:FlashPowder","hermit:Misfire","Judgement+1","Deflect","All Out Attack+1","hermit:Glare+1","hermit:Enervate+1"],"relics":["hermit:Momento","Golden Idol","Vajra","Ornamental Fan","Pantograph","ClockworkSouvenir","Blue Candle","Sozu","Bronze Scales","PrismaticShard","HornCleat","MawBank","Molten Egg 2","Happy Flower"],"acts_visited":["Exordium","TheCity"],"potions_floor_usage":[7,16,23],"damage_taken":[{"damage":3,"enemies":"Small Slimes","floor":1,"turns":4},{"damage":2,"enemies":"Jaw Worm","floor":2,"turns":2},{"damage":25,"enemies":"Gremlin Nob","floor":7,"turns":4},{"damage":40,"enemies":"Lagavulin","floor":12,"turns":9},{"damage":0,"enemies":"2 Louse","floor":13,"turns":2},{"damage":1,"enemies":"Red Slaver","floor":14,"turns":2},{"damage":20,"enemies":"The Guardian","floor":16,"turns":11},{"damage":11,"enemies":"Shell Parasite","floor":18,"turns":6},{"damage":0,"enemies":"Chosen","floor":19,"turns":4},{"damage":30,"enemies":"Slavers","floor":23,"turns":5},{"damage":45,"enemies":"Gremlin Leader","floor":25,"turns":7},{"damage":1,"enemies":"3 Cultists","floor":29,"turns":4},{"damage":22,"enemies":"Book of Stabbing","floor":30,"turns":4},{"damage":97,"enemies":"Collector","floor":33,"turns":9}],"seed_played":"-8548876816440212966","potions_obtained":[{"floor":2,"key":"DistilledChaos"},{"floor":12,"key":"BlessingOfTheForge"},{"floor":13,"key":"SpeedPotion"}],"is_trial":false,"path_per_floor":["M","M","?","?","?","R","E","R","T","R","$","E","M","M","R","B",null,"M","M","?","$","?","E","R","E","T","R","$","M","E","$","R","B"],"character_chosen":"HERMIT","items_purchased":["ClockworkSouvenir","hermit:Grudge","PrismaticShard","hermit:Misfire","hermit:Glare","hermit:Enervate+1"],"campfire_rested":2,"item_purchase_floors":[11,11,21,21,31,31],"current_hp_per_floor":[65,63,63,63,63,63,38,38,38,64,64,24,24,23,23,28,89,78,86,86,86,86,72,72,31,31,57,57,56,50,50,50,0,0],"gold":81,"neow_bonus":"TWENTY_PERCENT_HP_BONUS","is_daily":false,"chose_seed":false,"campfire_upgraded":5,"win_rate":0.0,"timestamp":1613351689,"path_taken":["M","M","?","?","?","R","E","R","T","R","$","E","M","M","R","BOSS","M","M","?","$","?","E","R","E","T","R","$","M","E","?","R","BOSS"],"items_purchased_type":["Relic","Card","Relic","Card","Card","Card"],"build_version":"2020-12-22","purchased_purges":2,"victory":false,"max_hp_per_floor":[89,89,89,89,89,89,89,89,89,89,89,89,89,89,89,89,89,89,89,89,89,89,89,89,89,89,89,89,89,89,89,89,89,89],"card_choices":[{"not_picked":["hermit:TrackingShot","hermit:Manifest"],"picked":"hermit:Headshot","floor":1},{"not_picked":["hermit:TakeAim","hermit:Glare"],"picked":"hermit:Dive","floor":2},{"not_picked":["hermit:CalledShot","hermit:LuckOfTheDraw"],"picked":"hermit:Quickdraw","floor":7},{"not_picked":["hermit:TrackingShot","hermit:Gambit"],"picked":"hermit:Feint","floor":12},{"not_picked":["hermit:HighCaliber","hermit:Determination"],"picked":"hermit:WideOpen","floor":13},{"not_picked":["hermit:Deadeye","hermit:Vantage"],"picked":"hermit:TrackingShot","floor":14},{"not_picked":["hermit:Magnum","hermit:OverwhelmingPower"],"picked":"hermit:Reprieve","floor":16},{"not_picked":["hermit:GhostlyPresence","hermit:LoneWolf"],"picked":"hermit:Misfire","floor":18},{"not_picked":["hermit:Ricochet","hermit:Dive"],"picked":"hermit:FlashPowder","floor":19},{"not_picked":["hermit:BodyArmor","hermit:Feint+1"],"picked":"Judgement","floor":23},{"not_picked":["Sword Boomerang","Redo","Quick Slash"],"picked":"SKIP","floor":25},{"not_picked":["Double Energy+1","Setup"],"picked":"Deflect","floor":29},{"not_picked":["Havoc","hermit:Virtue"],"picked":"All Out Attack+1","floor":30}],"player_experience":724520,"relics_obtained":[{"floor":7,"key":"Ornamental Fan"},{"floor":9,"key":"Pantograph"},{"floor":12,"key":"Blue Candle"},{"floor":23,"key":"HornCleat"},{"floor":25,"key":"MawBank"},{"floor":26,"key":"Molten Egg 2"},{"floor":30,"key":"Happy Flower"}],"event_choices":[{"damage_healed":0,"gold_gain":0,"player_choice":"Take Wound","damage_taken":0,"relics_obtained":["Golden Idol"],"max_hp_gain":0,"max_hp_loss":0,"event_name":"Golden Idol","floor":3,"gold_loss":0,"cards_obtained":["Injury"]},{"damage_healed":0,"gold_gain":0,"player_choice":"Box","damage_taken":0,"relics_obtained":["Vajra"],"max_hp_gain":0,"max_hp_loss":0,"event_name":"Big Fish","floor":4,"gold_loss":0,"cards_obtained":["Regret"]},{"damage_healed":0,"gold_gain":175,"player_choice":"AGREE","damage_taken":0,"max_hp_gain":0,"max_hp_loss":0,"event_name":"Liars Game","floor":5,"gold_loss":0,"cards_obtained":["Doubt"]},{"damage_healed":0,"gold_gain":0,"player_choice":"Opened","damage_taken":0,"relics_obtained":["Bronze Scales"],"max_hp_gain":0,"max_hp_loss":0,"event_name":"The Mausoleum","floor":20,"gold_loss":0},{"damage_healed":0,"gold_gain":0,"player_choice":"Ignored","damage_taken":0,"max_hp_gain":0,"max_hp_loss":0,"event_name":"Vampires","floor":22,"gold_loss":0}],"is_beta":false,"boss_relics":[{"not_picked":["Tiny House","Snecko Eye"],"picked":"Sozu"}],"items_purged_floors":[11,31],"is_endless":false,"potions_floor_spawned":[2,12,13,18,23,30],"killed_by":"Collector","ascension_level":4}}