{"host":"5wwct7e0z3l0f094","time":1613360165,"event":{"mods":["AchievementEnabler","BaseMod","Downfall","Highlight Path","Minty Spire (QoL Compilation)","StSLib","SuperFastMode"],"gold_per_floor":[99,114,114,128,128,38,38,54,84,84,104,120,120,138,153,250,250,250,250,264,281,281,281,281,281,291,301,86,103,121,121,136,240,240,40,50,50,67,52,52,76,91,185,199,214,214,114,214,224,224,224,224],"floor_reached":50,"language":"ENG","playtime":3189,"items_purged":["downfall:Malfunctioning","downfall:Bewildered"],"score":500,"play_id":"8e15289c-0326-4bf2-9eaa-ad8d655f9dcb","local_time":"20210214223605","is_ascension_mode":false,"campfire_choices":[{"data":"Slimebound:CorrosiveSpit","floor":1.0,"key":"SMITH"},{"floor":10.0,"key":"REST"},{"data":"Slimebound:FormOfPuddle","floor":13.0,"key":"SMITH"},{"floor":18.0,"key":"RECALL"},{"floor":23.0,"key":"REST"},{"floor":25.0,"key":"REST"},{"floor":35.0,"key":"REST"},{"floor":40.0,"key":"REST"},{"floor":47.0,"key":"REST"}],"circlet_count":0,"master_deck":["Slimebound:Defend_Slimebound","Slimebound:Defend_Slimebound","Slimebound:Defend_Slimebound","Slimebound:Defend_Slimebound","Slimebound:Split+1","Slimebound:CorrosiveSpit+1","Slimebound:SplitMire+1","Slimebound:FormOfPuddle+1","Slimebound:AcidTongue","Slimebound:SplitMire","Slimebound:FirmFortitude","Slimebound:MegaLick","Slimebound:Equalize","Slimebound:ProtectTheBoss","Slimebound:DuplicatedForm","Slimebound:SplitAcid","Slimebound:Prepare+1","Slimebound:Schlurp+1","Slimebound:LevelUp","Slimebound:SplitLeeching","Slimebound:SlimeSlap","Slimebound:SplitAcid","Slimebound:Tackle+1","Slimebound:Tackle+1","Slimebound:Tackle+1","Slimebound:DuplicatedForm","Slimebound:SlimeTap+1","Slimebound:MassRepurpose","Slimebound:Prepare+1","Slimebound:SplitAcid","Slimebound:Equalize","Slimebound:Gluttony+1","Slimebound:SlimeTap+1"],"relics":["Slimebound:AbsorbEndCombat","Gremlin Horn","Calipers","Potion Belt","Fusion Hammer","sneckomod:BabySnecko","Ginger","MealTicket","Sozu","downfall:HeartBlessingGreen","downfall:HeartBlessingRed","Centennial Puzzle","downfall:HeartBlessingBlue"],"acts_visited":["Exordium","TheCity","TheBeyond"],"potions_floor_usage":[50,50],"damage_taken":[{"damage":1.0,"enemies":"Jaw Worm","floor":2.0,"turns":5.0},{"damage":0.0,"enemies":"Cultist","floor":4.0,"turns":4.0},{"damage":8.0,"enemies":"downfall:FleeingMerchant","floor":6.0,"turns":4.0},{"damage":8.0,"enemies":"Small Slimes","floor":8.0,"turns":3.0},{"damage":14.0,"enemies":"Lagavulin","floor":9.0,"turns":7.0},{"damage":1.0,"enemies":"3 Louse","floor":11.0,"turns":3.0},{"damage":16.0,"enemies":"Blue Slaver","floor":12.0,"turns":4.0},{"damage":14.0,"enemies":"2 Fungi Beasts","floor":14.0,"turns":3.0},{"damage":5.0,"enemies":"downfall:LooterAlt","floor":15.0,"turns":2.0},{"damage":7.0,"enemies":"SI_SHIV_ARCHETYPE","floor":16.0,"turns":7.0},{"damage":39.0,"enemies":"downfall:LooterAlt2","floor":20.0,"turns":4.0},{"damage":12.0,"enemies":"Chosen","floor":21.0,"turns":5.0},{"damage":54.0,"enemies":"Centurion and Healer","floor":26.0,"turns":6.0},{"damage":48.0,"enemies":"Chosen and Byrds","floor":27.0,"turns":5.0},{"damage":15.0,"enemies":"downfall:FleeingMerchant","floor":28.0,"turns":4.0},{"damage":18.0,"enemies":"Snake Plant","floor":29.0,"turns":4.0},{"damage":32.0,"enemies":"Centurion and Healer","floor":30.0,"turns":5.0},{"damage":16.0,"enemies":"Snecko","floor":32.0,"turns":5.0},{"damage":66.0,"enemies":"WA_ARCHETYPE_CALM","floor":33.0,"turns":8.0},{"damage":21.0,"enemies":"3 Shapes","floor":36.0,"turns":3.0},{"damage":53.0,"enemies":"3 Darklings","floor":38.0,"turns":4.0},{"damage":28.0,"enemies":"downfall:FleeingMerchant","floor":39.0,"turns":4.0},{"damage":31.0,"enemies":"Writhing Mass","floor":42.0,"turns":4.0},{"damage":12.0,"enemies":"downfall:FleeingMerchant","floor":43.0,"turns":3.0},{"damage":30.0,"enemies":"Maw","floor":44.0,"turns":5.0},{"damage":58.0,"enemies":"3 Darklings","floor":45.0,"turns":5.0},{"damage":18.0,"enemies":"4 Shapes","floor":49.0,"turns":4.0},{"damage":100,"enemies":"DF_ARCHETYPE_ORBS","floor":50,"turns":4}],"seed_played":"6521074994833398711","potions_obtained":[{"floor":4.0,"key":"DistilledChaos"},{"floor":8.0,"key":"Slimebound:SlimyTonguePotion"},{"floor":12.0,"key":"Energy Potion"},{"floor":15.0,"key":"Ancient Potion"},{"floor":26.0,"key":"LiquidBronze"},{"floor":27.0,"key":"Slimebound:SlimyTonguePotion"},{"floor":29.0,"key":"SkillPotion"},{"floor":33.0,"key":"Slimebound:ThreeZeroPotion"}],"is_trial":false,"path_per_floor":["R","M","?","M","?","$","T","M","E","R","M","M","R","M","M","B",null,"R","?","M","M","?","R","T","R","M","M","$","M","M","?","M","B",null,"R","M","?","M","$","R","T","M","$","M","M","?","R","?","M","B"],"character_chosen":"SLIMEBOUND","items_purchased":["MealTicket","Slimebound:SplitLeeching","Centennial Puzzle"],"campfire_rested":6,"item_purchase_floors":[28,28,43],"current_hp_per_floor":[71,71,71,71,53,51,51,45,37,58,63,51,51,47,46,55,71,71,71,57,57,44,66,66,76,49,30,42,49,46,46,55,20,76,76,76,76,40,48,70,70,68,66,74,64,64,86,86,84,0,0,0],"gold":224,"neow_bonus":"TEN_PERCENT_HP_BONUS","is_daily":false,"chose_seed":false,"campfire_upgraded":2,"win_rate":0.0,"timestamp":1613360165,"path_taken":["R","M","?","?","?","$","T","M","E","R","M","M","R","M","M","BOSS","R","?","M","M","?","R","T","R","M","M","$","M","M","?","M","BOSS","R","M","?","M","$","R","T","?","$","M","M","?","R","?","M","BOSS"],"items_purchased_type":["Relic","Card","Relic"],"build_version":"2020-12-22","purchased_purges":2,"victory":false,"max_hp_per_floor":[71,71,71,71,71,71,71,71,71,71,71,71,71,71,71,71,71,71,71,71,71,76,76,76,76,76,76,76,76,76,76,76,76,76,76,76,76,76,76,76,76,76,76,76,76,76,86,86,86,86,86,86],"card_choices":[{"not_picked":["Slimebound:HauntingLick","Slimebound:GoopTackle"],"picked":"Slimebound:SplitMire","floor":2.0},{"not_picked":["Slimebound:LivingWall","Slimebound:RejuvenatingLick"],"picked":"Slimebound:FormOfPuddle","floor":4.0},{"not_picked":["Slimebound:RainOfGoop","Slimebound:SlimeSpikes"],"picked":"Slimebound:AcidTongue","floor":6.0},{"not_picked":["Slimebound:GoopTackle","Slimebound:LeechingTouch"],"picked":"Slimebound:SplitMire","floor":8.0},{"not_picked":["Slimebound:SlimeBrawl","Slimebound:ComboTackle"],"picked":"Slimebound:FirmFortitude","floor":9.0},{"not_picked":["Slimebound:Grow","Slimebound:SplitLeeching"],"picked":"Slimebound:MegaLick","floor":11.0},{"not_picked":["Slimebound:LeechEnergy","Slimebound:Schlurp"],"picked":"Slimebound:Equalize","floor":12.0},{"not_picked":["Slimebound:WasteNot","Slimebound:HauntingLick","Slimebound:LeechingTouch"],"picked":"SKIP","floor":14.0},{"not_picked":["Slimebound:SplitBruiser","Slimebound:ItLooksTasty"],"picked":"Slimebound:ProtectTheBoss","floor":15.0},{"not_picked":["Slimebound:LeechLife","Slimebound:MassFeed"],"picked":"Slimebound:DuplicatedForm","floor":16.0},{"not_picked":["Slimebound:GoopSpray","Slimebound:MegaLick"],"picked":"Slimebound:SplitAcid","floor":20.0},{"not_picked":["Slimebound:TongueLash+1","Slimebound:RejuvenatingLick","Slimebound:Chomp"],"picked":"SKIP","floor":21.0},{"not_picked":["Slimebound:BestDefense","Slimebound:LeechingTouch+1"],"picked":"Slimebound:Prepare+1","floor":26.0},{"not_picked":["Slimebound:SplitAcid","Slimebound:Dissolve"],"picked":"Slimebound:Schlurp+1","floor":27.0},{"not_picked":["Slimebound:Dissolve","Slimebound:LivingWall"],"picked":"Slimebound:LevelUp","floor":28.0},{"not_picked":["Slimebound:DisruptingSlam+1","Slimebound:HauntingLick+1"],"picked":"Slimebound:SlimeSlap","floor":29.0},{"not_picked":["Slimebound:GoopSpray","Slimebound:Chomp"],"picked":"Slimebound:SplitAcid","floor":30.0},{"not_picked":["Slimebound:RollThrough","Slimebound:LeechingTouch","Slimebound:ViciousTackle"],"picked":"SKIP","floor":32.0},{"not_picked":["Slimebound:Overexert","Slimebound:DouseInSlime"],"picked":"Slimebound:DuplicatedForm","floor":33.0},{"not_picked":["Slimebound:FinishingTackle+1","Slimebound:Grow","Slimebound:SlimeSpikes+1"],"picked":"SKIP","floor":36.0},{"not_picked":["Slimebound:DisruptingSlam+1","Slimebound:Dissolve"],"picked":"Slimebound:SlimeTap+1","floor":38.0},{"not_picked":["Slimebound:Chomp","Slimebound:Grow"],"picked":"Slimebound:MassRepurpose","floor":39.0},{"not_picked":["Slimebound:Schlurp+1","Slimebound:SlimeBarrage"],"picked":"Slimebound:Prepare+1","floor":42.0},{"not_picked":["Slimebound:GoopTackle+1","Slimebound:SlimeBarrage"],"picked":"Slimebound:SplitAcid","floor":43.0},{"not_picked":["Slimebound:ProtectTheBoss+1","Slimebound:Dissolve"],"picked":"Slimebound:Equalize","floor":44.0},{"not_picked":["Slimebound:GrowthPunch","Slimebound:LeechingTouch+1"],"picked":"Slimebound:Gluttony+1","floor":45.0},{"not_picked":["Slimebound:FinishingTackle","Slimebound:SplitLeeching"],"picked":"Slimebound:SlimeTap+1","floor":49.0}],"player_experience":311562,"relics_obtained":[{"floor":7.0,"key":"Calipers"},{"floor":9.0,"key":"Potion Belt"},{"floor":24.0,"key":"Ginger"}],"event_choices":[{"damage_healed":0.0,"max_hp_gain":0.0,"max_hp_loss":0.0,"gold_gain":0.0,"event_name":"Scrap Ooze","player_choice":"Success","floor":5.0,"gold_loss":0.0,"damage_taken":18.0,"relics_obtained":["Gremlin Horn"]},{"damage_healed":0.0,"max_hp_gain":0.0,"max_hp_loss":0.0,"gold_gain":0.0,"event_name":"NoteForYourself","player_choice":"Ignored","floor":37.0,"gold_loss":0.0,"damage_taken":0.0},{"cards_removed":["Slimebound:Tackle"],"damage_healed":0.0,"max_hp_gain":0.0,"max_hp_loss":0.0,"gold_gain":0.0,"event_name":"Falling","player_choice":"Removed Attack","floor":46.0,"gold_loss":0.0,"damage_taken":0.0}],"is_beta":false,"boss_relics":[{"not_picked":["Astrolabe","Runic Dome"],"picked":"Fusion Hammer"},{"not_picked":["SlaversCollar","Busted Crown"],"picked":"Sozu"}],"items_purged_floors":[6,43],"is_endless":false,"potions_floor_spawned":[4,8,12,15,26,27,29,32,33,38,42,49],"killed_by":"DF_ARCHETYPE_ORBS","ascension_level":0}}