{"host":"gtoa8h4im74f14p0","time":1613359071,"event":{"mods":["AchievementEnabler","BaseMod","Better Silent Start","Block Reminder","Colored Powertips","Custom Start","Downfall","Hermit","Minty Spire (QoL Compilation)","Reliquary","Shop Mod","StSLib","Swap Starting Deck Mod","The Cursed","The Marked"],"gold_per_floor":[115,115,115,130,146,146,160,160,160,180,180,193,13,27,27,27,27],"floor_reached":16,"language":"ENG","playtime":954,"items_purged":[],"score":94,"play_id":"f0f64624-3704-4cef-ba91-21979e833d8d","local_time":"20210214221751","is_ascension_mode":false,"campfire_choices":[{"data":"Forethought","floor":6,"key":"SMITH"},{"floor":11,"key":"REST"},{"data":"hermit:Snapshot","floor":15,"key":"SMITH"}],"circlet_count":0,"master_deck":["hermit:Strike_Hermit+1","hermit:Strike_Hermit","hermit:Strike_Hermit","hermit:Strike_Hermit","hermit:Defend_Hermit","hermit:Defend_Hermit","hermit:Defend_Hermit+1","hermit:Defend_Hermit","hermit:Snapshot+1","hermit:Covet","Forethought+1","hermit:Quickdraw","hermit:HighCaliber","hermit:Malice","hermit:Snipe","hermit:Combo","hermit:TrackingShot","hermit:CursedWeapon","hermit:Scavenge"],"relics":["hermit:Momento","Golden Idol","reliquary:Firecrackers","MerchantsRug"],"acts_visited":["Exordium"],"potions_floor_usage":[16,16],"damage_taken":[{"damage":3,"enemies":"Jaw Worm","floor":1,"turns":5},{"damage":0,"enemies":"Small Slimes","floor":4,"turns":2},{"damage":0,"enemies":"Cultist","floor":5,"turns":3},{"damage":0,"enemies":"Large Slime","floor":7,"turns":5},{"damage":13,"enemies":"2 Fungi Beasts","floor":10,"turns":3},{"damage":9,"enemies":"Blue Slaver","floor":12,"turns":3},{"damage":2,"enemies":"Looter","floor":14,"turns":3},{"damage":71,"enemies":"Hexaghost","floor":16,"turns":10}],"seed_played":"-3744717516544199288","potions_obtained":[{"floor":1,"key":"PowerPotion"},{"floor":5,"key":"Regen Potion"},{"floor":12,"key":"LiquidMemories"},{"floor":14,"key":"Regen Potion"}],"is_trial":false,"path_per_floor":["M","?","?","M","M","R","M","?","T","M","R","M","$","M","R","B"],"character_chosen":"HERMIT","items_purchased":["MerchantsRug","hermit:CursedWeapon"],"campfire_rested":1,"item_purchase_floors":[13,13],"current_hp_per_floor":[72,57,57,57,57,57,57,57,57,44,66,57,57,55,55,0,0],"gold":27,"neow_bonus":"RANDOM_COLORLESS","is_daily":false,"chose_seed":false,"campfire_upgraded":2,"win_rate":0.0,"timestamp":1613359071,"path_taken":["M","?","?","M","M","R","M","?","T","M","R","M","$","M","R","BOSS"],"items_purchased_type":["Relic","Card"],"build_version":"2020-12-22","purchased_purges":0,"victory":false,"max_hp_per_floor":[75,75,75,75,75,75,75,75,75,75,75,75,75,75,75,75,75],"card_choices":[{"not_picked":["Finesse","Panacea"],"picked":"Forethought","floor":0},{"not_picked":["hermit:Virtue","hermit:CalledShot"],"picked":"hermit:Quickdraw","floor":1},{"not_picked":["hermit:CalledShot","hermit:Coalescence"],"picked":"hermit:HighCaliber","floor":4},{"not_picked":["hermit:HighCaliber","hermit:Headshot"],"picked":"hermit:Malice","floor":5},{"not_picked":["hermit:Vantage","hermit:Headshot"],"picked":"hermit:Snipe","floor":7},{"not_picked":["hermit:HighCaliber","hermit:Feint"],"picked":"hermit:Combo","floor":10},{"not_picked":["hermit:LowProfile","hermit:LoneWolf"],"picked":"hermit:TrackingShot","floor":12},{"not_picked":["hermit:EyeOfTheStorm","hermit:LowProfile"],"picked":"hermit:Scavenge","floor":14}],"player_experience":38222,"relics_obtained":[{"floor":9,"key":"reliquary:Firecrackers"}],"event_choices":[{"damage_healed":0,"gold_gain":0,"player_choice":"Entered Light","damage_taken":15,"max_hp_gain":0,"max_hp_loss":0,"event_name":"Shining Light","floor":2,"gold_loss":0,"cards_upgraded":["hermit:Strike_Hermit","hermit:Defend_Hermit"]},{"damage_healed":0,"gold_gain":0,"player_choice":"Take Wound","damage_taken":0,"relics_obtained":["Golden Idol"],"max_hp_gain":0,"max_hp_loss":0,"event_name":"Golden Idol","floor":3,"gold_loss":0,"cards_obtained":["Injury"]},{"cards_removed":["Injury"],"damage_healed":0,"gold_gain":0,"player_choice":"Purged","damage_taken":0,"max_hp_gain":0,"max_hp_loss":0,"event_name":"Purifier","floor":8,"gold_loss":0}],"is_beta":false,"boss_relics":[],"items_purged_floors":[],"is_endless":false,"potions_floor_spawned":[1,5,12,14],"killed_by":"Hexaghost","ascension_level":0}}