{"host":"c35j6tsoy7cxzn43","time":1613395007,"event":{"mods":["BaseMod","Better Third Choice","BetterRewards","Colored Map","Colored Powertips","Conspire","Highlight Path","Hubris","Infinite Spire","Minty Spire (QoL Compilation)","Quick Restart","Replay The Spire","Shop Mod","StSLib"],"gold_per_floor":[211,221,146,163,163,163,195,195,220,230,258,258,270,19,19,116,116,133,153,8,8,8,36,48,82,82,101,111,111,34,34,34],"floor_reached":31,"language":"ENG","playtime":1758,"items_purged":["Defend_B"],"score":285,"play_id":"d2cebdf8-2e9e-469e-9b3a-bcd4dbf3c73d","local_time":"20210215141647","is_ascension_mode":false,"campfire_choices":[{"data":"Capacitor","floor":6,"key":"SMITH"},{"data":"Zap","floor":8,"key":"SMITH"},{"data":"Buffer","floor":15,"key":"SMITH"},{"floor":29,"key":"REST"}],"circlet_count":0,"master_deck":["Strike_B","Strike_B","Defend_B","Defend_B","Zap+1","Dualcast","Ball Lightning","Capacitor+1","Pot Of Greed","Fusion+1","Pot Of Greed","Buffer+1","Mirror Shield","BasicCrystalCard+1","Hologram+1","Thunder Strike","Redo+1","Static Discharge"],"relics":["Cracked Core","ReplayTheSpireMod:TigerMarble","Grinning Jar","Omamori","infinitespire:Broken Mirror","Empty Cage","infinitespire:Freezer","Mercury Hourglass","Potion Belt","Blue Candle"],"acts_visited":["Exordium","TheCity"],"potions_floor_usage":[16,16,25,25],"damage_taken":[{"damage":2,"enemies":"Small Slimes","floor":1,"turns":4},{"damage":6,"enemies":"Jaw Worm","floor":2,"turns":2},{"damage":0,"enemies":"2 Louse","floor":4,"turns":2},{"damage":31,"enemies":"Gremlin Nob","floor":7,"turns":4},{"damage":5,"enemies":"Looter","floor":10,"turns":3},{"damage":16,"enemies":"Lagavulin","floor":11,"turns":6},{"damage":0,"enemies":"Gremlin Gang","floor":13,"turns":4},{"damage":16,"enemies":"Fading Forest","floor":16,"turns":11},{"damage":0,"enemies":"Chosen","floor":18,"turns":4},{"damage":16,"enemies":"Shell Parasite","floor":19,"turns":8},{"damage":14,"enemies":"Book of Stabbing","floor":23,"turns":5},{"damage":7,"enemies":"Snake Plant","floor":24,"turns":3},{"damage":31,"enemies":"Slavers","floor":25,"turns":5},{"damage":5,"enemies":"Centurion and Healer","floor":27,"turns":8},{"damage":0,"enemies":"Sentry and Sphere","floor":28,"turns":4},{"damage":25,"enemies":"3 Cultists","floor":31,"turns":4}],"seed_played":"-5344338428422755053","potions_obtained":[{"floor":4,"key":"SteroidPotion"},{"floor":7,"key":"SkillPotion"},{"floor":10,"key":"PotionOfCapacity"},{"floor":11,"key":"DistilledChaos"},{"floor":18,"key":"Fire Potion"},{"floor":19,"key":"GamblersBrew"},{"floor":24,"key":"PotionOfCapacity"}],"is_trial":false,"path_per_floor":["M","M","$","M","?","R","E","R","T","M","E","?","M","$","R","B",null,"M","M","$","?","?","E","M","E","T","M","M","R","$","M"],"character_chosen":"DEFECT","items_purchased":["infinitespire:Broken Mirror","infinitespire:Freezer","Static Discharge"],"campfire_rested":1,"item_purchase_floors":[14,20,30],"current_hp_per_floor":[73,67,67,67,60,60,29,29,29,24,8,8,8,8,8,2,75,75,59,59,59,59,45,38,7,7,2,2,24,24,0,0],"gold":34,"neow_bonus":"HUNDRED_GOLD","is_daily":false,"chose_seed":false,"campfire_upgraded":3,"win_rate":0.0,"timestamp":1613395007,"path_taken":["M","M","$","M","?","R","E","R","T","M","E","?","?","$","R","BOSS","M","M","$","?","?","E","M","E","T","M","M","R","$","M"],"items_purchased_type":["Relic","Relic","Card"],"build_version":"2020-12-22","purchased_purges":1,"victory":false,"max_hp_per_floor":[75,75,75,75,75,75,75,75,75,75,75,75,75,75,75,75,75,75,75,75,75,75,75,75,75,75,75,75,75,75,75,75],"card_choices":[{"not_picked":["Ball Lightning","Go for the Eyes","Stack"],"picked":"SKIP","floor":1},{"not_picked":["Go for the Eyes","Stack"],"picked":"Ball Lightning","floor":1},{"not_picked":["Heatsinks","Steam","Rebound"],"picked":"SKIP","floor":2},{"not_picked":["ReplayTheSpireMod:System Scan","Chill"],"picked":"Capacitor","floor":4},{"not_picked":["Compile Driver","Melter","Gash"],"picked":"SKIP","floor":7},{"not_picked":["Rebound","Go for the Eyes","Sweeping Beam"],"picked":"SKIP","floor":10},{"not_picked":["Chaos","Heatsinks"],"picked":"Fusion","floor":11},{"not_picked":["Turbo","Leap"],"picked":"Buffer","floor":13},{"not_picked":["Creative AI","hubris:DoWhile"],"picked":"Mirror Shield","floor":16},{"not_picked":["Barrage","Gash"],"picked":"BasicCrystalCard+1","floor":18},{"not_picked":["ReplayTheSpireMod:Repulse","hubris:Ukulele"],"picked":"Hologram+1","floor":19},{"not_picked":["Redo","Gash","Hologram+1"],"picked":"SKIP","floor":23},{"not_picked":["Panic Button+1","Barrage"],"picked":"Thunder Strike","floor":24},{"not_picked":["FTL","Glacier"],"picked":"Redo+1","floor":25},{"not_picked":["Compile Driver+1","Coolheaded","Scrape"],"picked":"SKIP","floor":27},{"not_picked":["Gash","Panic Button","ReplayTheSpireMod:System Scan"],"picked":"SKIP","floor":28}],"player_experience":475982,"relics_obtained":[{"floor":7,"key":"Grinning Jar"},{"floor":11,"key":"Omamori"},{"floor":23,"key":"Mercury Hourglass"},{"floor":25,"key":"Potion Belt"},{"floor":26,"key":"Blue Candle"}],"event_choices":[{"damage_healed":0,"gold_gain":0,"player_choice":"Relic ","damage_taken":7,"max_hp_gain":0,"max_hp_loss":0,"event_name":"betterThird:BetterScrap","floor":5,"gold_loss":0,"cards_obtained":["Abandon"]},{"damage_healed":0,"gold_gain":0,"player_choice":"Ignored","damage_taken":0,"max_hp_gain":0,"max_hp_loss":0,"event_name":"Vampires","floor":21,"gold_loss":0},{"cards_removed":["Defend_B"],"damage_healed":0,"gold_gain":0,"player_choice":"Purged","damage_taken":0,"max_hp_gain":0,"max_hp_loss":0,"event_name":"Purifier","floor":22,"gold_loss":0}],"is_beta":false,"boss_relics":[{"not_picked":["Ectoplasm","ReplayTheSpireMod:DimensionalGlitch"],"picked":"Empty Cage"}],"items_purged_floors":[3],"is_endless":false,"potions_floor_spawned":[4,7,10,11,18,19,23,24],"killed_by":"3 Cultists","ascension_level":0}}