{"host":"6xghz2lkudss8si6","time":1613400221,"event":{"mods":["AchievementEnabler","BaseMod","Colored Map","DeckTracker","Minty Spire (QoL Compilation)","Quick Restart","StSLib","SuperFastMode"],"gold_per_floor":[218,230,246,87,107,107,139,151,175,350,350,361,361,361,361,464,464,483,483,408,421,432,467,467,467],"floor_reached":24,"language":"KOR","playtime":9018,"items_purged":["Strike_B"],"score":283,"play_id":"7456f902-2129-4d2c-b5a3-bf72f2da8a30","local_time":"20210215234341","is_ascension_mode":true,"campfire_choices":[{"data":"Sweeping Beam","floor":6.0,"key":"SMITH"},{"data":"Cold Snap","floor":11.0,"key":"SMITH"},{"data":"Rebound","floor":13.0,"key":"SMITH"},{"data":"Good Instincts","floor":15.0,"key":"SMITH"}],"circlet_count":0,"master_deck":["Cold Snap+1","Sweeping Beam+1","Rebound+1","Good Instincts+1","Chill","Core Surge","Leap","Seek","Fission","Melter","Machine Learning","Static Discharge","Biased Cognition","Genetic Algorithm","Creative AI","Steam","Reboot","Glacier","Ball Lightning","Conserve Battery","Chill"],"relics":["Cracked Core","Ancient Tea Set","Pen Nib","Pandora\u0027s Box","Lantern"],"acts_visited":["TheCity"],"potions_floor_usage":[23],"damage_taken":[{"damage":1.0,"enemies":"Cultist","floor":1.0,"turns":3.0},{"damage":11.0,"enemies":"2 Louse","floor":2.0,"turns":2.0},{"damage":8.0,"enemies":"Small Slimes","floor":3.0,"turns":3.0},{"damage":6.0,"enemies":"Exordium Wildlife","floor":5.0,"turns":3.0},{"damage":15.0,"enemies":"Lagavulin","floor":7.0,"turns":8.0},{"damage":3.0,"enemies":"Exordium Thugs","floor":8.0,"turns":3.0},{"damage":3.0,"enemies":"Looter","floor":12.0,"turns":3.0},{"damage":13.0,"enemies":"Slime Boss","floor":16.0,"turns":11.0},{"damage":25,"enemies":"2 Thieves","floor":18,"turns":3},{"damage":1,"enemies":"Chosen","floor":21,"turns":8},{"damage":26,"enemies":"Snake Plant","floor":22,"turns":5},{"damage":8,"enemies":"Slavers","floor":23,"turns":5},{"damage":4,"enemies":"Centurion and Healer","floor":24,"turns":4}],"seed_played":"-7958264937575916030","potions_obtained":[{"floor":5.0,"key":"Strength Potion"},{"floor":7.0,"key":"Weak Potion"},{"floor":8.0,"key":"SpeedPotion"},{"floor":12.0,"key":"Fire Potion"},{"floor":22,"key":"PowerPotion"}],"is_trial":false,"path_per_floor":["M","M","M","$","M","R","E","M","T","?","R","M","R","?","R","B",null,"M","?","?","M","M","E","M"],"character_chosen":"DEFECT","items_purchased":["Good Instincts"],"campfire_rested":0,"item_purchase_floors":[4],"current_hp_per_floor":[67,56,48,48,42,42,27,24,24,24,24,21,21,26,26,13,63,38,38,38,37,11,3,0,0],"gold":467,"neow_bonus":"HUNDRED_GOLD","is_daily":false,"chose_seed":false,"campfire_upgraded":4,"win_rate":0.0,"timestamp":1613400221,"path_taken":["M","M","M","$","M","R","E","M","T","?","R","M","R","?","R","BOSS","M","?","?","M","M","E","M"],"items_purchased_type":["Card"],"build_version":"2020-12-22","purchased_purges":1,"victory":false,"max_hp_per_floor":[75,75,75,75,75,75,75,75,75,75,75,75,75,80,80,80,80,80,80,80,80,80,80,80,80],"card_choices":[{"not_picked":["Gash","Barrage"],"picked":"Cold Snap","floor":1.0},{"not_picked":["FTL","Rebound"],"picked":"Sweeping Beam","floor":2.0},{"not_picked":["Force Field","Scrape"],"picked":"Rebound","floor":3.0},{"not_picked":["Compile Driver","Force Field"],"picked":"Chill","floor":5.0},{"not_picked":["Lockon","Auto Shields"],"picked":"Core Surge","floor":7.0},{"not_picked":["Streamline","Beam Cell","Hello World"],"picked":"SKIP","floor":8.0},{"not_picked":["Streamline","Heatsinks"],"picked":"Leap","floor":12.0},{"not_picked":["Reboot","Biased Cognition"],"picked":"Seek","floor":16.0},{"not_picked":["Sweeping Beam","Rip and Tear"],"picked":"Steam","floor":18},{"not_picked":["Tempest","Reinforced Body"],"picked":"Ball Lightning","floor":21},{"not_picked":["Consume","Streamline+1"],"picked":"Conserve Battery","floor":22},{"not_picked":["Sunder","Reprogram"],"picked":"Chill","floor":23}],"player_experience":226995,"relics_obtained":[{"floor":7.0,"key":"Ancient Tea Set"},{"floor":9.0,"key":"Pen Nib"},{"floor":23,"key":"Lantern"}],"event_choices":[{"damage_healed":0.0,"max_hp_gain":0.0,"max_hp_loss":0.0,"gold_gain":175.0,"event_name":"Liars Game","player_choice":"AGREE","floor":10.0,"gold_loss":0.0,"damage_taken":0.0,"cards_obtained":["Doubt"]},{"damage_healed":0.0,"max_hp_gain":5.0,"max_hp_loss":0.0,"gold_gain":0.0,"event_name":"Big Fish","player_choice":"Donut","floor":14.0,"gold_loss":0.0,"damage_taken":0.0},{"damage_healed":0,"gold_gain":0,"cards_transformed":["Zap","Dualcast"],"player_choice":"Became Test Subject","damage_taken":0,"max_hp_gain":0,"max_hp_loss":0,"event_name":"Drug Dealer","floor":19,"gold_loss":0,"cards_obtained":["Reboot","Glacier"]},{"cards_removed":["Doubt"],"damage_healed":0,"gold_gain":0,"player_choice":"Gave Gold","damage_taken":0,"max_hp_gain":0,"max_hp_loss":0,"event_name":"Beggar","floor":20,"gold_loss":75}],"is_beta":false,"boss_relics":[{"not_picked":["Black Star","Snecko Eye"],"picked":"Pandora\u0027s Box"}],"items_purged_floors":[4],"is_endless":false,"potions_floor_spawned":[5,7,8,12,22],"killed_by":"Centurion and Healer","ascension_level":6}}