{"host":"166mvycy0az0i7z6","time":1613390184,"event":{"mods":["AchievementEnabler","Aspiration","Astrologer","Bard","BaseMod","Beaked The Cultist","Bestiary","Better Altar","Better Third Choice","BetterRewards","Bossed Relics","Challenge The Spire","Conspire","DeckTracker","Downfall","Fox Events","Halation","Hermit","Hubris","Minty Spire (QoL Compilation)","Relic Filter","Relic Stats","Reliquary","Replay The Spire","Shop Mod","StSLib","The Problem Sleuth","The Sage","TheVacant"],"gold_per_floor":[113,127,140,140,140,165,165,210,210,237,252,269,285,152,152,255,255,272,272,286,288,288],"floor_reached":21,"language":"ENG","playtime":2318,"items_purged":[],"score":181,"play_id":"8fca2e37-77f8-446d-90e3-a20e27931797","local_time":"20210215225624","is_ascension_mode":false,"campfire_choices":[{"data":"Cleave","floor":7,"key":"SMITH"},{"floor":15,"key":"REST"}],"circlet_count":0,"master_deck":["Strike_R+1","Strike_R+1","Strike_R+1","Strike_R+1","Defend_R","Defend_R","Defend_R","Defend_R","Bash+1","Run Through","Disarm","Cleave+1","Dropkick","ReplayTheSpireMod:Splinters","Hemogenesis","Iron Wave","Sword Boomerang","Flex","ReplayTheSpireMod:Private Reserves","Replay:Undeath\u0027s Touch","Feed","Armaments","hubris:NaturalOne","Anger"],"relics":["Burning Blood","hubris:Icosahedron","ReplayTheSpireMod:TigerMarble","reliquary:ExpiredCoupon","Replay:Bottled Eggs","Ancient Tea Set","aspiration:PoetsPen","hubris:Towel"],"acts_visited":["Exordium","TheCity"],"potions_floor_usage":[6,16,16,16,21,21],"damage_taken":[{"damage":10,"enemies":"Jaw Worm","floor":1,"turns":4},{"damage":0,"enemies":"Small Slimes","floor":2,"turns":3},{"damage":0,"enemies":"2 Louse","floor":3,"turns":2},{"damage":43,"enemies":"3 Sentries","floor":6,"turns":10},{"damage":20,"enemies":"Exordium Thugs","floor":11,"turns":5},{"damage":2,"enemies":"Gremlin Gang","floor":12,"turns":4},{"damage":1,"enemies":"3 Louse","floor":13,"turns":2},{"damage":40,"enemies":"Hexaghost","floor":16,"turns":8},{"damage":1,"enemies":"Chosen","floor":18,"turns":3},{"damage":56,"enemies":"2 Thieves","floor":20,"turns":4},{"damage":44,"enemies":"conspire:MimicChest","floor":21,"turns":4}],"seed_played":"-6420798277502894862","potions_obtained":[{"floor":3,"key":"Adrenaline Potion"},{"floor":8,"key":"DuplicationPotion"},{"floor":8,"key":"SpeedPotion"},{"floor":11,"key":"DuplicationPotion"},{"floor":16,"key":"Elixir"},{"floor":18,"key":"Languid Potion"}],"is_trial":false,"path_per_floor":["M","M","M","?","?","E","R","?","T","T","M","M","M","$","R","B",null,"M","?","M","?"],"character_chosen":"IRONCLAD","items_purchased":["ReplayTheSpireMod:Private Reserves","Replay:Undeath\u0027s Touch"],"campfire_rested":1,"item_purchase_floors":[14,14],"current_hp_per_floor":[76,80,80,80,85,48,48,48,48,48,41,48,53,53,79,45,88,88,88,41,0,0],"gold":288,"neow_bonus":"UPGRADE_CARD","is_daily":false,"chose_seed":false,"campfire_upgraded":1,"win_rate":0.0,"timestamp":1613390184,"path_taken":["M","M","M","?","?","E","R","?","T","?","?","?","M","$","R","BOSS","M","?","M","?"],"items_purchased_type":["Card","Card"],"build_version":"2020-12-22","purchased_purges":0,"victory":false,"max_hp_per_floor":[80,80,80,80,85,85,85,85,85,85,85,88,88,88,88,88,88,88,88,91,91,91],"relic_stats":{"counters":[11,49],"obtain_stats":[{"Du-Vu Doll":0,"reliquary:ExpiredCoupon":8,"hubris:Icosahedron":4,"aspiration:PoetsPen":17,"Honey Jar":0,"halation:CatFaceCupcake":0,"ReplayTheSpireMod:TigerMarble":6,"Replay:Bottled Eggs":9,"hubris:Towel":19,"Ancient Tea Set":10,"Burning Blood":0,"replay:Trail_Library":0},{"Du-Vu Doll":0,"reliquary:ExpiredCoupon":4,"hubris:Icosahedron":3,"aspiration:PoetsPen":8,"Honey Jar":0,"halation:CatFaceCupcake":0,"ReplayTheSpireMod:TigerMarble":4,"Replay:Bottled Eggs":4,"hubris:Towel":9,"Ancient Tea Set":4,"Burning Blood":0,"replay:Trail_Library":0},{"Du-Vu Doll":0,"reliquary:ExpiredCoupon":19,"hubris:Icosahedron":9,"aspiration:PoetsPen":38,"Honey Jar":0,"halation:CatFaceCupcake":0,"ReplayTheSpireMod:TigerMarble":19,"Replay:Bottled Eggs":19,"hubris:Towel":41,"Ancient Tea Set":19,"Burning Blood":0,"replay:Trail_Library":0}],"Burning Blood":46},"card_choices":[{"not_picked":["Body Slam","Power Through"],"picked":"Run Through","floor":1},{"not_picked":["Entrench","ReplayTheSpireMod:Limb From Limb"],"picked":"Disarm","floor":2},{"not_picked":["ReplayTheSpireMod:Limb From Limb","Clothesline"],"picked":"Cleave","floor":3},{"not_picked":["Rupture","Shrug It Off"],"picked":"Dropkick","floor":6},{"not_picked":["Iron Wave","Run Through"],"picked":"Hemogenesis","floor":8},{"not_picked":["Wild Strike","Clothesline"],"picked":"Iron Wave","floor":11},{"not_picked":["Armaments","Burning Pact"],"picked":"Sword Boomerang","floor":12},{"not_picked":["Armaments","Fiend Fire"],"picked":"Flex","floor":13},{"not_picked":["Demonic Infusion","Exhume"],"picked":"Feed","floor":16},{"not_picked":["Iron Wave+1","Clash"],"picked":"Armaments","floor":18},{"not_picked":["Twin Strike","Sword Boomerang"],"picked":"Anger","floor":20}],"player_experience":129871,"relics_obtained":[{"floor":6,"key":"ReplayTheSpireMod:TigerMarble"},{"floor":8,"key":"reliquary:ExpiredCoupon"},{"floor":9,"key":"Replay:Bottled Eggs"},{"floor":10,"key":"Ancient Tea Set"}],"event_choices":[{"damage_healed":0,"gold_gain":0,"player_choice":"Donut","damage_taken":0,"max_hp_gain":5,"max_hp_loss":0,"event_name":"Big Fish","floor":5,"gold_loss":0}],"is_beta":false,"boss_relics":[{"not_picked":["hubris:CrackedHourglass","Black Blood"],"picked":"aspiration:PoetsPen"}],"items_purged_floors":[],"is_endless":false,"potions_floor_spawned":[3,11,16,18],"killed_by":"conspire:MimicChest","ascension_level":0}}