{"host":"prxrhpgaxnj4om9r","time":1613401193,"event":{"mods":["AchievementEnabler","BaseMod","Colored Map","DeckTracker","Minty Spire (QoL Compilation)"],"gold_per_floor":[109,173,173,149,162,195,207,238,263,72,94,94,112,35,35,140,140,151,168,218,87,97,97,97,97,97,73,101,174,184,18,18,115,115,132,132,151,1,20,20,20],"floor_reached":40,"language":"KOR","playtime":1705,"items_purged":[],"score":549,"play_id":"01b1cb92-a9b5-49e6-bbc7-8f797e3ca542","local_time":"20210215235953","is_ascension_mode":true,"campfire_choices":[{"floor":12,"key":"REST"},{"data":"Fire Breathing","floor":15,"key":"SMITH"},{"data":"Shrug It Off","floor":23,"key":"SMITH"},{"data":"Bite","floor":25,"key":"SMITH"},{"floor":32,"key":"REST"}],"circlet_count":0,"master_deck":["Defend_R","Defend_R+1","Defend_R+1","Bash","Wild Strike","Sword Boomerang","Shrug It Off+1","Evolve","Flex","Flex","Fire Breathing+1","Rampage","Intimidate","Body Slam","Reaper","CurseOfTheBell","Clothesline+1","Perfected Strike+1","Reckless Charge","Inflame","Finisher+1","Bite+1","Bite","Bite","Bite","Bite","Trip","Adrenaline","Good Instincts","Fire Breathing","Poisoned Stab+1"],"relics":["Black Blood","NeowsBlessing","War Paint","Akabeko","Red Skull","Membership Card","Odd Mushroom","Toy Ornithopter","Calling Bell","Question Card","Gambling Chip","PrismaticShard","Ancient Tea Set","Juzu Bracelet","Darkstone Periapt","Self Forming Clay","Eternal Feather"],"acts_visited":["Exordium","TheCity","TheBeyond"],"potions_floor_usage":[8,16,16,22,28,33,33,35],"damage_taken":[{"damage":0,"enemies":"Jaw Worm","floor":1,"turns":1},{"damage":0,"enemies":"2 Louse","floor":5,"turns":1},{"damage":0,"enemies":"Gremlin Nob","floor":6,"turns":1},{"damage":6,"enemies":"Cultist","floor":7,"turns":3},{"damage":52,"enemies":"Lagavulin","floor":8,"turns":6},{"damage":0,"enemies":"The Mushroom Lair","floor":11,"turns":3},{"damage":9,"enemies":"Blue Slaver","floor":13,"turns":3},{"damage":38,"enemies":"The Guardian","floor":16,"turns":9},{"damage":37,"enemies":"Shell Parasite","floor":18,"turns":5},{"damage":22,"enemies":"Spheric Guardian","floor":19,"turns":4},{"damage":12,"enemies":"Chosen and Byrds","floor":22,"turns":4},{"damage":61,"enemies":"Gremlin Leader","floor":28,"turns":7},{"damage":21,"enemies":"Snake Plant","floor":30,"turns":4},{"damage":102,"enemies":"Champ","floor":33,"turns":11},{"damage":12,"enemies":"3 Shapes","floor":35,"turns":4},{"damage":8,"enemies":"Orb Walker","floor":37,"turns":2},{"damage":38,"enemies":"4 Shapes","floor":39,"turns":5},{"damage":66,"enemies":"Reptomancer","floor":40,"turns":2}],"seed_played":"8683887502508089591","potions_obtained":[{"floor":5,"key":"GamblersBrew"},{"floor":8,"key":"SmokeBomb"},{"floor":13,"key":"DistilledChaos"},{"floor":22,"key":"BloodPotion"},{"floor":30,"key":"PowerPotion"},{"floor":33,"key":"Energy Potion"},{"floor":37,"key":"Block Potion"}],"is_trial":false,"path_per_floor":["M","?","?","$","M","E","M","E","T","$","?","R","M","$","R","B",null,"M","M","?","$","M","R","?","R","T","$","E","T","M","$","R","B",null,"M","?","M","$","M","E"],"character_chosen":"IRONCLAD","items_purchased":["Shrug It Off","Membership Card","Rampage","Block Potion","Toy Ornithopter","PrismaticShard","Reckless Charge","Inflame","Fire Potion","Self Forming Clay","Regen Potion","Eternal Feather","Fire Breathing"],"campfire_rested":2,"item_purchase_floors":[4,10,10,10,14,21,21,21,27,31,31,38,38],"current_hp_per_floor":[80,80,80,80,80,80,80,34,34,34,40,64,61,61,61,39,80,49,35,35,35,52,52,52,52,52,52,39,39,38,38,62,14,80,80,80,80,80,58,0,0],"gold":20,"neow_bonus":"THREE_ENEMY_KILL","is_daily":false,"chose_seed":false,"campfire_upgraded":3,"win_rate":0.0,"timestamp":1613401193,"path_taken":["M","?","?","?","M","E","M","E","T","$","?","R","M","$","R","BOSS","M","M","?","?","M","R","?","R","T","$","E","?","M","?","R","BOSS","M","?","M","$","M","E"],"items_purchased_type":["Card","Relic","Card","Potion","Relic","Relic","Card","Card","Potion","Relic","Potion","Relic","Card"],"build_version":"2020-12-22","purchased_purges":0,"victory":false,"max_hp_per_floor":[80,80,80,80,80,80,80,80,80,80,80,80,80,80,80,80,80,80,80,80,80,80,80,80,80,80,80,80,80,80,80,80,80,80,80,80,80,80,80,80,80],"card_choices":[{"not_picked":["Perfected Strike","Shockwave"],"picked":"Wild Strike","floor":1},{"not_picked":["Headbutt","Perfected Strike"],"picked":"Evolve","floor":5},{"not_picked":["Sword Boomerang","Reckless Charge"],"picked":"Flex","floor":6},{"not_picked":["Shockwave","Armaments"],"picked":"Flex","floor":7},{"not_picked":["Headbutt","Infernal Blade"],"picked":"Fire Breathing","floor":8},{"not_picked":["Seeing Red","Warcry"],"picked":"Intimidate","floor":11},{"not_picked":["Iron Wave","Whirlwind"],"picked":"Body Slam","floor":13},{"not_picked":["Demon Form","Offering"],"picked":"Reaper","floor":16},{"not_picked":["Uppercut","Body Slam","Rampage"],"picked":"Clothesline+1","floor":18},{"not_picked":["Feel No Pain","Rage","Armaments"],"picked":"Perfected Strike+1","floor":19},{"not_picked":["Entrench","Heavy Blade","Turbo"],"picked":"Finisher+1","floor":22},{"not_picked":["Doom and Gloom","Wireheading","Storm of Steel"],"picked":"Trip","floor":28},{"not_picked":["Redo+1","FlyingSleeves","Havoc","Clothesline+1"],"picked":"SKIP","floor":30},{"not_picked":["Alpha","Grand Finale","Ragnarok"],"picked":"Adrenaline","floor":33},{"not_picked":["Underhanded Strike","Scrape+1","SashWhip+1"],"picked":"Good Instincts","floor":35},{"not_picked":["Slice+1","FollowUp","Tactician+1","Sweeping Beam+1"],"picked":"SKIP","floor":37},{"not_picked":["CrushJoints","FlurryOfBlows","Slice"],"picked":"Poisoned Stab+1","floor":39}],"player_experience":468355,"relics_obtained":[{"floor":6,"key":"War Paint"},{"floor":8,"key":"Akabeko"},{"floor":9,"key":"Red Skull"},{"floor":11,"key":"Odd Mushroom"},{"floor":17,"key":"Blood Vial"},{"floor":17,"key":"Question Card"},{"floor":17,"key":"Gambling Chip"},{"floor":26,"key":"Ancient Tea Set"},{"floor":28,"key":"Juzu Bracelet"},{"floor":29,"key":"Darkstone Periapt"}],"event_choices":[{"damage_healed":0,"gold_gain":64,"player_choice":"Gained Gold","damage_taken":0,"max_hp_gain":0,"max_hp_loss":0,"event_name":"Golden Wing","floor":2,"gold_loss":0},{"damage_healed":0,"gold_gain":0,"cards_transformed":["Defend_R"],"player_choice":"Change","damage_taken":0,"max_hp_gain":0,"max_hp_loss":0,"event_name":"Living Wall","floor":3,"gold_loss":0,"cards_obtained":["Sword Boomerang"]},{"damage_healed":0,"gold_gain":0,"player_choice":"Fought Mushrooms","damage_taken":0,"max_hp_gain":0,"max_hp_loss":0,"event_name":"Mushrooms","floor":11,"gold_loss":0},{"damage_healed":0,"gold_gain":100,"player_choice":"Bet on Murderer","damage_taken":0,"max_hp_gain":0,"max_hp_loss":0,"event_name":"The Joust","floor":20,"gold_loss":50},{"damage_healed":0,"gold_gain":0,"player_choice":"Became a vampire (Vial)","damage_taken":0,"max_hp_gain":0,"max_hp_loss":0,"event_name":"Vampires","floor":24,"relics_lost":["Blood Vial"],"gold_loss":0,"cards_obtained":["Bite","Bite","Bite","Bite","Bite"]},{"damage_healed":0,"gold_gain":0,"player_choice":"Ignored","damage_taken":0,"max_hp_gain":0,"max_hp_loss":0,"event_name":"SecretPortal","floor":36,"gold_loss":0}],"is_beta":false,"boss_relics":[{"not_picked":["Black Star","Cursed Key"],"picked":"Calling Bell"},{"not_picked":["Runic Pyramid","SlaversCollar"],"picked":"Black Blood"}],"items_purged_floors":[],"is_endless":false,"potions_floor_spawned":[5,8,13,22,30,33,37],"killed_by":"Reptomancer","ascension_level":4}}