{"host":"ooy9sn8qgs7oliwr","time":1613405237,"event":{"mods":["100% Spire Juice","ATMod(°¢èªMod)","Act Like it!","Arknights","BaseMod","BetterRewards","CapriCore","Minty Spire (QoL Compilation)","Pale of the Ancients","Reliquary","Replay The Spire","RumiaBox-Â¶Ã×æ«µÄÉñÃØºÐ×Ó","StSLib","The Immortal","The Jungle","Yakumo Yukari mod","¡¾ÒÅÎï¿¨ÅÆ¡¿REMEMod"],"gold_per_floor":[362,5,19,19,19,54,66,78,103,103,131,150,150,164,164,164,164],"floor_reached":16,"language":"ZHS","playtime":725,"items_purged":[],"score":112,"play_id":"b7da586f-686f-4e9d-906b-0776b8f78b6f","local_time":"20210216000717","is_ascension_mode":false,"campfire_choices":[{"floor":10,"key":"REST"},{"floor":15,"key":"REST"}],"circlet_count":0,"master_deck":["ats:Strike C","ats:Strike G","ats:Strike S","ats:Strike V","ats:Armor Crushing Shot","ats:Defend","ats:Defend","ats:Defend","ats:Defend","ats:Emotion Absorption","ats:Revitalization","ats:Red Shift","ats:Shell Defense+1","ats:Sunburst","ats:Shadow Raid","ats:Ignite","ats:Magnetic Hammer","ats:Revitalization","ats:Flame Of Heaven","ats:Ignite"],"relics":["ats:Sanity","AT_ATBox","REME_ComplimentaryCards","Replay:WaspNest","ats:Originium","reliquary:FerryPass","Simple Rune","Pen Nib"],"acts_visited":["Exordium"],"potions_floor_usage":[6,12],"damage_taken":[{"damage":10,"enemies":"Cultist","floor":1,"turns":4},{"damage":5,"enemies":"2 Louse","floor":3,"turns":2},{"damage":18,"enemies":"3 Sentries","floor":6,"turns":6},{"damage":7,"enemies":"Small Slimes","floor":7,"turns":5},{"damage":4,"enemies":"Exordium Wildlife","floor":8,"turns":3},{"damage":24,"enemies":"Gremlin Nob","floor":11,"turns":4},{"damage":0,"enemies":"Gremlin Gang","floor":12,"turns":5},{"damage":0,"enemies":"Blue Slaver","floor":14,"turns":3},{"damage":74,"enemies":"Fading Forest","floor":16,"turns":10}],"seed_played":"1382414222513154279","potions_obtained":[{"floor":1,"key":"Adrenaline Potion"},{"floor":6,"key":"ColorlessPotion"},{"floor":8,"key":"ats:Emergency Sanity Potion"}],"is_trial":false,"path_per_floor":["M","$","M","?","$","E","M","M","T","R","E","M","?","M","R","B"],"character_chosen":"DOCTOR_CLASS","items_purchased":["Replay:WaspNest","ats:Red Shift","ats:Shell Defense"],"campfire_rested":2,"item_purchase_floors":[2,2,2],"current_hp_per_floor":[41,41,36,36,36,21,17,15,15,36,12,17,17,20,41,0,0],"gold":164,"neow_bonus":"TWO_FIFTY_GOLD","is_daily":false,"chose_seed":false,"campfire_upgraded":0,"win_rate":0.0,"timestamp":1613405237,"path_taken":["M","$","M","?","$","E","M","M","T","R","E","M","?","?","R","BOSS"],"items_purchased_type":["Relic","Card","Card"],"build_version":"2020-12-22","purchased_purges":0,"victory":false,"max_hp_per_floor":[72,72,72,72,72,72,72,72,72,72,72,72,72,72,72,72,72],"card_choices":[{"not_picked":["ats:Sashimi Platter","ats:Part Time Job"],"picked":"ats:Revitalization","floor":1},{"not_picked":["ats:Poison Spread","ats:Serious Mode"],"picked":"ats:Sunburst","floor":3},{"not_picked":["ats:Hammer On","ats:Wolf Pack"],"picked":"ats:Shadow Raid","floor":6},{"not_picked":["ats:Closed Bolt Burst Fire","ats:Part Time Job"],"picked":"ats:Ignite","floor":7},{"not_picked":["ats:Guard Mode","ats:Defend Order"],"picked":"ats:Magnetic Hammer","floor":8},{"not_picked":["ats:Hammer On","ats:Assault Order"],"picked":"ats:Revitalization","floor":11},{"not_picked":["ats:Leaping Hammer","ats:Guard Mode"],"picked":"ats:Flame Of Heaven","floor":12},{"not_picked":["ats:Charging Defense","ats:Guard Mode"],"picked":"ats:Ignite","floor":14}],"player_experience":36493,"relics_obtained":[{"floor":6,"key":"ats:Originium"},{"floor":6,"key":"reliquary:FerryPass"},{"floor":9,"key":"Simple Rune"},{"floor":11,"key":"ats:Originium"},{"floor":11,"key":"Pen Nib"}],"event_choices":[{"damage_healed":0,"gold_gain":0,"player_choice":"Ignored","damage_taken":0,"max_hp_gain":0,"max_hp_loss":0,"event_name":"NoteForYourself","floor":13,"gold_loss":0}],"is_beta":false,"boss_relics":[],"items_purged_floors":[],"is_endless":false,"potions_floor_spawned":[1,6,8],"killed_by":"Fading Forest","ascension_level":0}}