{"host":"dl909bjyolgrn2uw","time":1613361247,"event":{"mods":["2.2 Compatiblity","BaseMod","Bestiary","Better Altar","Better Note","Better Sensory Stone","Better Skull","Better Third Choice","Better Vampires","Better-Laid Plans","BetterRewards","Colored Powertips","Curses Come First","Disable Question Mark Monsters","Displayed Cursed Tome","Emptier Cage","Minty Spire (QoL Compilation)","Morshu Shopkeeper","Permanent Neow","Rare Cards Sparkle","Relic Stats","Shop Mod","Spicy Shops","StSLib","SuperFastMode","Transform Curses"],"gold_per_floor":[125,143,143,168,327,662,681,725,725,725,762,762,215,239,239,323,332,373,385,423,509,186,223,223,260,260,260,299,299,310,322,322,407,407,434,488,506,524,549,590,590,631,631,631,631,673,688,723,723,723,723,723,723,91,127,127],"floor_reached":57,"language":"ENG","playtime":2992,"items_purged":["Strike_G","Strike_G","Strike_G","Strike_G","Strike_G"],"score":4542,"play_id":"27a52074-49d8-4022-9459-921c44ea1e88","local_time":"20210214215407","is_ascension_mode":true,"campfire_choices":[{"data":"Well Laid Plans","floor":15,"key":"SMITH"},{"data":"Accuracy","floor":24,"key":"SMITH"},{"data":"Backflip","floor":27,"key":"SMITH"},{"data":"Cloak And Dagger","floor":29,"key":"SMITH"},{"data":"Cloak And Dagger","floor":32,"key":"SMITH"},{"data":"Storm of Steel","floor":41,"key":"SMITH"},{"floor":45,"key":"RECALL"},{"data":"Malaise","floor":49,"key":"SMITH"},{"data":"Doppelganger","floor":53,"key":"SMITH"}],"circlet_count":0,"master_deck":["AscendersBane","Defend_G+1","Defend_G","Defend_G","Defend_G","Survivor","Neutralize","Cloak And Dagger+1","Well Laid Plans+1","Accuracy+1","Blade Dance+1","Accuracy+1","Accuracy+1","Infinite Blades+1","Blade Dance+1","Calculated Gamble","Footwork+1","PiercingWail+1","Predator","Malaise+1","Footwork+1","Slice+1","Envenom+1","CurseOfTheBell","Cloak And Dagger+1","Skewer+1","Footwork+1","After Image+1","Backflip+1","Sucker Punch+1","Storm of Steel+1","Deflect+1","Sadistic Nature+1","Secret Technique","Distraction+1","Dodge and Roll","Infinite Blades+1","Doppelganger+1","After Image+1","Accuracy+1","Panacea","Sadistic Nature+1","Wraith Form v2+1"],"relics":["Ring of the Snake","Bag of Marbles","Gremlin Horn","Bag of Preparation","Frozen Egg 2","Membership Card","Happy Flower","HornCleat","Sling","Anchor","Pen Nib","CeramicFish","ClockworkSouvenir","Vajra","War Paint","Ornamental Fan","Ice Cream","Toy Ornithopter","Old Coin","Question Card","Mummified Hand","StrikeDummy","Molten Egg 2","OrangePellets","MealTicket","FossilizedHelix","Calling Bell","MawBank","Blue Candle","Torii","MutagenicStrength","Mercury Hourglass","Ninja Scroll","TwistedFunnel","Potion Belt","Tiny Chest","PreservedInsect","Shuriken","Black Star","Du-Vu Doll","Gambling Chip","Regal Pillow","Centennial Puzzle","Juzu Bracelet","InkBottle","Nunchaku","Strawberry","White Beast Statue","Sundial","DollysMirror","Snake Skull","Kunai","Art of War","Pear","Lantern"],"acts_visited":["Exordium","TheCity","TheBeyond","TheEnding"],"potions_floor_usage":[56,56,56,56],"damage_taken":[{"damage":0,"enemies":"Cultist","floor":1,"turns":2},{"damage":0,"enemies":"Small Slimes","floor":2,"turns":1},{"damage":0,"enemies":"Jaw Worm","floor":4,"turns":1},{"damage":0,"enemies":"3 Sentries","floor":6,"turns":2},{"damage":0,"enemies":"Large Slime","floor":7,"turns":2},{"damage":0,"enemies":"Lagavulin","floor":8,"turns":3},{"damage":0,"enemies":"3 Sentries","floor":11,"turns":4},{"damage":0,"enemies":"Blue Slaver","floor":14,"turns":2},{"damage":0,"enemies":"Slime Boss","floor":16,"turns":3},{"damage":0,"enemies":"2 Thieves","floor":18,"turns":2},{"damage":0,"enemies":"Chosen","floor":20,"turns":3},{"damage":0,"enemies":"Slavers","floor":23,"turns":2},{"damage":0,"enemies":"Gremlin Leader","floor":25,"turns":3},{"damage":0,"enemies":"Slavers","floor":28,"turns":1},{"damage":0,"enemies":"Snecko","floor":30,"turns":1},{"damage":0,"enemies":"Centurion and Healer","floor":31,"turns":2},{"damage":0,"enemies":"Champ","floor":33,"turns":5},{"damage":0,"enemies":"3 Darklings","floor":35,"turns":1},{"damage":0,"enemies":"2 Orb Walkers","floor":36,"turns":3},{"damage":0,"enemies":"3 Shapes","floor":37,"turns":1},{"damage":0,"enemies":"Sphere and 2 Shapes","floor":39,"turns":1},{"damage":0,"enemies":"Giant Head","floor":40,"turns":2},{"damage":0,"enemies":"Nemesis","floor":42,"turns":1},{"damage":0,"enemies":"Giant Head","floor":46,"turns":1},{"damage":0,"enemies":"Maw","floor":47,"turns":2},{"damage":0,"enemies":"Reptomancer","floor":48,"turns":1},{"damage":0,"enemies":"Awakened One","floor":50,"turns":5},{"damage":0,"enemies":"Donu and Deca","floor":51,"turns":4},{"damage":0,"enemies":"Shield and Spear","floor":55,"turns":4},{"damage":0,"enemies":"The Heart","floor":56,"turns":5}],"seed_played":"3019610912162855410","potions_obtained":[{"floor":6,"key":"DuplicationPotion"},{"floor":23,"key":"BlessingOfTheForge"},{"floor":28,"key":"SteroidPotion"},{"floor":31,"key":"AttackPotion"},{"floor":46,"key":"DuplicationPotion"},{"floor":55,"key":"SteroidPotion"}],"is_trial":false,"path_per_floor":["M","M","?","M","?","E","M","E","T","?","E","?","$","M","R","B",null,"M","?","M","T","$","E","R","E","T","R","E","R","M","M","R","B",null,"M","?","M","?","M","E","R","E","T","?","R","E","M","E","R","B","B",null,"R","$","E","B",null],"character_chosen":"THE_SILENT","items_purchased":["Cloak And Dagger","Well Laid Plans","Bag of Marbles","Gremlin Horn","Accuracy","Blade Dance","Bag of Preparation","Frozen Egg 2","Membership Card","Accuracy+1","Happy Flower","Fire Potion","HornCleat","Sling","Anchor","Pen Nib","CeramicFish","ClockworkSouvenir","Accuracy+1","Vajra","War Paint","Ornamental Fan","Ice Cream","Infinite Blades+1","Molten Egg 2","OrangePellets","Malaise","Footwork+1","MealTicket","FossilizedHelix","Ninja Scroll","Footwork+1","TwistedFunnel","Potion Belt","DollysMirror","Snake Skull","Kunai","Accuracy+1","Art of War","Panacea","Sadistic Nature+1"],"campfire_rested":0,"item_purchase_floors":[0,0,0,0,0,0,0,0,0,0,0,0,0,0,0,0,0,0,0,0,0,0,0,0,13,13,13,13,13,13,22,22,22,22,54,54,54,54,54,54,54],"current_hp_per_floor":[59,59,41,41,41,41,41,41,41,34,34,14,14,14,14,14,53,53,53,53,53,66,66,66,66,66,66,66,66,66,66,66,66,66,66,66,66,66,66,66,66,66,66,66,66,73,73,73,73,73,73,73,73,73,83,83],"gold":127,"neow_bonus":"","is_daily":false,"chose_seed":false,"campfire_upgraded":8,"win_rate":0.0,"timestamp":1613361247,"path_taken":["M","M","?","M","?","E","M","E","T","?","E","?","$","M","R","BOSS","M","?","M","?","$","E","R","E","T","R","E","R","M","M","R","BOSS","M","?","M","?","M","E","R","E","T","?","R","E","M","E","R","BOSS","BOSS","R","$","E","BOSS"],"items_purchased_type":["Card","Card","Relic","Relic","Card","Card","Relic","Relic","Relic","Card","Relic","Potion","Relic","Relic","Relic","Relic","Relic","Relic","Card","Relic","Relic","Relic","Relic","Card","Relic","Relic","Card","Card","Relic","Relic","Relic","Card","Relic","Relic","Relic","Relic","Relic","Card","Relic","Card","Card"],"build_version":"2020-12-22","purchased_purges":5,"victory":true,"max_hp_per_floor":[66,66,66,66,66,66,66,66,66,66,66,66,66,66,66,66,66,66,66,66,66,66,66,66,66,66,66,66,66,66,66,66,66,66,66,66,66,66,66,66,66,66,66,66,66,73,73,73,73,73,73,73,73,73,83,83],"relic_stats":{"Regal Pillow":0,"Gremlin Horn":[29,29],"Torii":0,"CeramicFish":288,"Snake Skull":[29],"Bag of Preparation":[92],"Juzu Bracelet":0,"Centennial Puzzle":[6],"Nunchaku":[12],"Mummified Hand":[184],"Sundial":[0],"Gambling Chip":[404],"MealTicket":13,"Tiny Chest":0,"Kunai":[84],"InkBottle":[22],"Ring of the Snake":[782],"Happy Flower":[77],"counters":[425,1487],"Blue Candle":[2],"Pen Nib":[28],"PreservedInsect":1368,"War Paint":["Defend_B","Defend_B","Survivor","Dodge and Roll","Defend_G","Blade Dance"],"Question Card":73,"MawBank":60,"Mercury Hourglass":[186],"OrangePellets":[88],"Ornamental Fan":[292],"Shuriken":[53],"Black Star":5,"Art of War":[1],"obtain_stats":[{"TwistedFunnel":0,"Whetstone":46,"Ginger":45,"Bottled Tornado":54,"Boot":48,"Sling":37,"Old Coin":40,"Blood Vial":9,"Sundial":7,"MealTicket":7,"Necronomicon":20,"Kunai":48,"Pear":9,"Blue Candle":53,"Tingsha":8,"Eternal Feather":9,"Pen Nib":24,"Paper Crane":12,"Akabeko":42,"Runic Dome":0,"SlaversCollar":34,"MutagenicStrength":22,"Bird Faced Urn":6,"Snecko Eye":17,"Pandora\u0027s Box":17,"StrikeDummy":31,"Regal Pillow":11,"Lantern":0,"Singing Bowl":9,"Torii":0,"StoneCalendar":28,"Bag of Preparation":46,"Ancient Tea Set":0,"Cursed Key":34,"Smiling Mask":7,"Shovel":45,"Matryoshka":0,"WristBlade":34,"Ninja Scroll":25,"WingedGreaves":36,"Chemical X":0,"InkBottle":43,"Ring of the Snake":0,"Potion Belt":26,"Inserter":17,"The Specimen":31,"Golden Idol":3,"Thread and Needle":43,"PreservedInsect":0,"The Courier":14,"Omamori":23,"Frozen Egg 2":29,"MawBank":12,"Busted Crown":34,"Ornamental Fan":47,"Bloody Idol":19,"Orrery":0,"Turnip":40,"Art of War":27,"Bottled Lightning":25,"Toy Ornithopter":48,"Ice Cream":19,"Mark of the Bloom":37,"Calipers":0,"Gremlin Horn":9,"CeramicFish":25,"Vajra":6,"HoveringKite":34,"EVO:Axolotl":0,"Sozu":17,"Centennial Puzzle":43,"Lizard Tail":45,"HornCleat":29,"DollysMirror":47,"Strawberry":27,"Prayer Wheel":0,"Philosopher\u0027s Stone":17,"Toxic Egg 2":37,"Girya":36,"Happy Flower":36,"Astrolabe":17,"Dead Branch":27,"Oddly Smooth Stone":0,"Letter Opener":26,"War Paint":12,"Question Card":12,"Du-Vu Doll":12,"OrangePellets":0,"Bottled Flame":47,"Shuriken":46,"Bronze Scales":26,"Molten Egg 2":43,"Black Star":34,"Meat on the Bone":47,"Pocketwatch":13,"Darkstone Periapt":24,"Mango":14,"Snake Skull":19,"Juzu Bracelet":8,"Incense Burner":41,"PrismaticShard":54,"ClockworkSouvenir":47,"Dream Catcher":12,"Nunchaku":37,"Tough Bandages":54,"TheAbacus":36,"Mummified Hand":6,"Pantograph":6,"Gambling Chip":0,"Tiny Chest":27,"Red Mask":30,"Cracked Core":0,"Runic Pyramid":17,"Orichalcum":31,"Medical Kit":48,"White Beast Statue":40,"Mercury Hourglass":31,"Peace Pipe":44,"Calling Bell":17,"Strange Spoon":54,"CaptainsWheel":42,"Anchor":26,"Coffee Dripper":0,"Bag of Marbles":0,"Membership Card":19,"FossilizedHelix":37,"TungstenRod":54},{"TwistedFunnel":143,"Whetstone":86,"Ginger":201,"Bottled Tornado":295,"Boot":87,"Sling":106,"Old Coin":138,"Blood Vial":148,"Sundial":208,"MealTicket":6,"Necronomicon":12,"Kunai":142,"Pear":302,"Blue Candle":359,"Tingsha":118,"Eternal Feather":209,"Pen Nib":14,"Paper Crane":68,"Akabeko":85,"Runic Dome":1,"SlaversCollar":224,"MutagenicStrength":156,"Bird Faced Urn":301,"Snecko Eye":305,"Pandora\u0027s Box":97,"StrikeDummy":79,"Regal Pillow":95,"Lantern":265,"Singing Bowl":6,"Torii":265,"StoneCalendar":78,"Bag of Preparation":202,"Ancient Tea Set":18,"Cursed Key":163,"Smiling Mask":177,"Shovel":110,"Matryoshka":328,"WristBlade":285,"Ninja Scroll":49,"WingedGreaves":82,"Chemical X":297,"InkBottle":139,"Ring of the Snake":0,"Potion Belt":49,"Inserter":28,"The Specimen":284,"Golden Idol":62,"Thread and Needle":108,"PreservedInsect":33,"The Courier":272,"Omamori":47,"Frozen Egg 2":192,"MawBank":181,"Busted Crown":52,"Ornamental Fan":59,"Bloody Idol":125,"Orrery":60,"Turnip":228,"Art of War":15,"Bottled Lightning":77,"Toy Ornithopter":142,"Ice Cream":12,"Mark of the Bloom":225,"Calipers":265,"Gremlin Horn":24,"CeramicFish":248,"Vajra":65,"HoveringKite":195,"EVO:Axolotl":0,"Sozu":372,"Centennial Puzzle":57,"Lizard Tail":292,"HornCleat":102,"DollysMirror":59,"Strawberry":101,"Prayer Wheel":88,"Philosopher\u0027s Stone":273,"Toxic Egg 2":165,"Girya":287,"Happy Flower":196,"Astrolabe":70,"Dead Branch":129,"Oddly Smooth Stone":60,"Letter Opener":14,"War Paint":41,"Question Card":211,"Du-Vu Doll":8,"OrangePellets":33,"Bottled Flame":202,"Shuriken":86,"Bronze Scales":219,"Molten Egg 2":85,"Black Star":412,"Meat on the Bone":59,"Pocketwatch":304,"Darkstone Periapt":128,"Mango":27,"Snake Skull":98,"Juzu Bracelet":24,"Incense Burner":386,"PrismaticShard":393,"ClockworkSouvenir":59,"Dream Catcher":26,"Nunchaku":82,"Tough Bandages":263,"TheAbacus":196,"Mummified Hand":239,"Pantograph":38,"Gambling Chip":88,"Tiny Chest":159,"Red Mask":50,"Cracked Core":0,"Runic Pyramid":43,"Orichalcum":17,"Medical Kit":142,"White Beast Statue":56,"Mercury Hourglass":51,"Peace Pipe":58,"Calling Bell":404,"Strange Spoon":393,"CaptainsWheel":57,"Anchor":77,"Coffee Dripper":0,"Bag of Marbles":173,"Membership Card":12,"FossilizedHelix":106,"TungstenRod":326},{"TwistedFunnel":611,"Whetstone":410,"Ginger":815,"Bottled Tornado":1108,"Boot":415,"Sling":499,"Old Coin":596,"Blood Vial":628,"Sundial":838,"MealTicket":19,"Necronomicon":38,"Kunai":608,"Pear":1126,"Blue Candle":1323,"Tingsha":545,"Eternal Feather":841,"Pen Nib":45,"Paper Crane":298,"Akabeko":405,"Runic Dome":1,"SlaversCollar":902,"MutagenicStrength":656,"Bird Faced Urn":1123,"Snecko Eye":1136,"Pandora\u0027s Box":462,"StrikeDummy":361,"Regal Pillow":453,"Lantern":1049,"Singing Bowl":19,"Torii":1049,"StoneCalendar":352,"Bag of Preparation":818,"Ancient Tea Set":58,"Cursed Key":683,"Smiling Mask":743,"Shovel":515,"Matryoshka":1215,"WristBlade":1089,"Ninja Scroll":216,"WingedGreaves":386,"Chemical X":1115,"InkBottle":601,"Ring of the Snake":0,"Potion Belt":216,"Inserter":101,"The Specimen":1085,"Golden Idol":283,"Thread and Needle":503,"PreservedInsect":129,"The Courier":1062,"Omamori":203,"Frozen Egg 2":789,"MawBank":755,"Busted Crown":236,"Ornamental Fan":275,"Bloody Idol":561,"Orrery":280,"Turnip":926,"Art of War":48,"Bottled Lightning":347,"Toy Ornithopter":608,"Ice Cream":38,"Mark of the Bloom":913,"Calipers":1049,"Gremlin Horn":75,"CeramicFish":996,"Vajra":292,"HoveringKite":801,"EVO:Axolotl":0,"Sozu":1360,"Centennial Puzzle":264,"Lizard Tail":1100,"HornCleat":482,"DollysMirror":275,"Strawberry":479,"Prayer Wheel":422,"Philosopher\u0027s Stone":1067,"Toxic Egg 2":689,"Girya":1092,"Happy Flower":802,"Astrolabe":312,"Dead Branch":574,"Oddly Smooth Stone":280,"Letter Opener":45,"War Paint":165,"Question Card":848,"Du-Vu Doll":23,"OrangePellets":129,"Bottled Flame":818,"Shuriken":410,"Bronze Scales":878,"Molten Egg 2":405,"Black Star":1456,"Meat on the Bone":275,"Pocketwatch":1132,"Darkstone Periapt":568,"Mango":90,"Snake Skull":468,"Juzu Bracelet":75,"Incense Burner":1389,"PrismaticShard":1411,"ClockworkSouvenir":275,"Dream Catcher":86,"Nunchaku":386,"Tough Bandages":1040,"TheAbacus":802,"Mummified Hand":971,"Pantograph":148,"Gambling Chip":422,"Tiny Chest":665,"Red Mask":221,"Cracked Core":0,"Runic Pyramid":178,"Orichalcum":55,"Medical Kit":608,"White Beast Statue":258,"Mercury Hourglass":229,"Peace Pipe":270,"Calling Bell":1437,"Strange Spoon":1411,"CaptainsWheel":264,"Anchor":347,"Coffee Dripper":0,"Bag of Marbles":735,"Membership Card":38,"FossilizedHelix":499,"TungstenRod":1205}],"Toy Ornithopter":0},"card_choices":[{"not_picked":["Outmaneuver","Acrobatics"],"picked":"Blade Dance","floor":1},{"not_picked":["PiercingWail","Slice","Outmaneuver"],"picked":"SKIP","floor":2},{"not_picked":["Quick Slash","Eviscerate"],"picked":"Calculated Gamble","floor":4},{"not_picked":["Backstab","Slice"],"picked":"Footwork+1","floor":6},{"not_picked":["Flechettes","Noxious Fumes+1","Crippling Poison"],"picked":"SKIP","floor":7},{"not_picked":["Predator","Setup"],"picked":"PiercingWail","floor":8},{"not_picked":["Distraction","Poisoned Stab","Unload"],"picked":"Predator","floor":11},{"not_picked":["Bane+1","Predator+1","Sucker Punch+1"],"picked":"Slice+1","floor":14},{"not_picked":["Burst","Corpse Explosion","Glass Knife+1"],"picked":"Envenom+1","floor":16},{"not_picked":["Outmaneuver","Concentrate","Dagger Throw+1"],"picked":"Cloak And Dagger","floor":18},{"not_picked":["Prepared","Outmaneuver","Tactician"],"picked":"Skewer+1","floor":20},{"not_picked":["Dagger Throw+1","Prepared","Predator+1"],"picked":"After Image+1","floor":23},{"not_picked":["Underhanded Strike+1","Concentrate","Dodge and Roll"],"picked":"Backflip","floor":25},{"not_picked":["Quick Slash+1","Bane+1","Deadly Poison"],"picked":"Sucker Punch+1","floor":28},{"not_picked":["Flying Knee+1","Deflect","Reflex","Escape Plan"],"picked":"SKIP","floor":30},{"not_picked":["Expertise","Eviscerate+1","Acrobatics","Riddle With Holes+1"],"picked":"SKIP","floor":31},{"not_picked":["Adrenaline","Tools of the Trade+1","Bullet Time"],"picked":"Storm of Steel","floor":33},{"not_picked":["Poisoned Stab+1","Deadly Poison","Dagger Spray+1"],"picked":"Deflect+1","floor":35},{"not_picked":["Sucker Punch+1","Masterful Stab+1","Quick Slash+1","Setup"],"picked":"SKIP","floor":37},{"not_picked":["Deep Breath","Discovery","Chrysalis"],"picked":"Sadistic Nature+1","floor":38},{"not_picked":["Mayhem+1","Forethought","Impatience"],"picked":"Secret Technique","floor":38},{"not_picked":["Dodge and Roll","Bane+1","Finisher+1"],"picked":"Distraction+1","floor":39},{"not_picked":["Dagger Spray+1","Distraction","Reflex"],"picked":"Dodge and Roll","floor":40},{"not_picked":["All Out Attack+1","Quick Slash+1","Crippling Poison"],"picked":"Infinite Blades+1","floor":42},{"not_picked":["Poisoned Stab+1","Flying Knee+1","Blade Dance"],"picked":"Doppelganger","floor":46},{"not_picked":["Cloak And Dagger","Heel Hook+1","Crippling Poison","Dodge and Roll"],"picked":"SKIP","floor":47},{"not_picked":["Masterful Stab+1","Backstab+1","All Out Attack+1","Skewer+1"],"picked":"SKIP","floor":48},{"not_picked":["Poisoned Stab+1","Deadly Poison","Escape Plan+1"],"picked":"Wraith Form v2+1","floor":55}],"player_experience":434136,"relics_obtained":[{"floor":6,"key":"Old Coin"},{"floor":8,"key":"Question Card"},{"floor":9,"key":"Mummified Hand"},{"floor":11,"key":"StrikeDummy"},{"floor":17,"key":"MawBank"},{"floor":17,"key":"Blue Candle"},{"floor":17,"key":"Torii"},{"floor":21,"key":"Mercury Hourglass"},{"floor":23,"key":"Tiny Chest"},{"floor":25,"key":"PreservedInsect"},{"floor":28,"key":"Shuriken"},{"floor":36,"key":"Du-Vu Doll"},{"floor":40,"key":"Gambling Chip"},{"floor":40,"key":"Regal Pillow"},{"floor":42,"key":"Centennial Puzzle"},{"floor":42,"key":"Juzu Bracelet"},{"floor":43,"key":"InkBottle"},{"floor":46,"key":"Nunchaku"},{"floor":46,"key":"Strawberry"},{"floor":48,"key":"White Beast Statue"},{"floor":48,"key":"Sundial"},{"floor":55,"key":"Pear"},{"floor":55,"key":"Lantern"}],"event_choices":[{"damage_healed":0,"gold_gain":0,"player_choice":"Relic ","damage_taken":18,"max_hp_gain":0,"max_hp_loss":0,"event_name":"betterThird:BetterScrap","floor":3,"gold_loss":0,"cards_obtained":["Darkness"]},{"damage_healed":0,"gold_gain":150,"player_choice":"AGREE","damage_taken":168,"max_hp_gain":0,"max_hp_loss":0,"event_name":"betterThird:BetterSerpent","floor":5,"gold_loss":0},{"cards_removed":["Doubt"],"damage_healed":0,"gold_gain":0,"player_choice":"Card Removal","damage_taken":7,"max_hp_gain":0,"max_hp_loss":0,"event_name":"Golden Wing","floor":10,"gold_loss":0},{"damage_healed":34,"gold_gain":0,"player_choice":"Upgrade","damage_taken":20,"max_hp_gain":0,"max_hp_loss":66,"event_name":"betterThird:BetterShining","floor":12,"gold_loss":0,"cards_upgraded":["Blade Dance","PiercingWail"]},{"damage_healed":0,"gold_gain":0,"player_choice":"Inject Mutagens","damage_taken":0,"relics_obtained":["MutagenicStrength"],"max_hp_gain":0,"max_hp_loss":0,"event_name":"Drug Dealer","floor":19,"gold_loss":0},{"damage_healed":0,"gold_gain":0,"player_choice":"Fight","damage_taken":0,"max_hp_gain":0,"max_hp_loss":0,"event_name":"Mysterious Sphere","floor":36,"gold_loss":0},{"damage_healed":0,"gold_gain":3,"player_choice":"1","damage_taken":0,"max_hp_gain":0,"max_hp_loss":0,"event_name":"betterStone:BetterStone","floor":38,"gold_loss":0},{"cards_removed":["Defend_G"],"damage_healed":0,"gold_gain":0,"player_choice":"Removed Skill","damage_taken":0,"max_hp_gain":0,"max_hp_loss":0,"event_name":"Falling","floor":44,"gold_loss":0}],"is_beta":false,"boss_relics":[{"not_picked":["Ectoplasm","Snecko Eye"],"picked":"Calling Bell"},{"not_picked":["SacredBark","WristBlade"],"picked":"Black Star"}],"items_purged_floors":[0,0,0,0,0],"is_endless":false,"potions_floor_spawned":[6,7,8,14,23,28,31,33,36,39,40,46,47,55],"ascension_level":20}}