{"host":"d76q0rb9a0s9bgr5","time":1613398827,"event":{"mods":["BaseMod","Downfall","Hubris","Minty Spire (QoL Compilation)","StSLib"],"gold_per_floor":[113,128,158,158,168,268,320,65,65,85,104,254,254,254,254,352,352,362,362,362,377,388,420,420,420,431,366,144,144,159,171,171,273,273,284,300,318,333,333,170,217,251,261,276,290,290,290,290],"floor_reached":46,"language":"ENG","playtime":4571,"items_purged":["Pain","downfall:Icky"],"score":491,"play_id":"fee66978-4814-4ffc-9909-46c51a406767","local_time":"20210215152027","is_ascension_mode":false,"campfire_choices":[{"data":"sneckomod:QuickBite","floor":9,"key":"SMITH"},{"data":"sneckomod:UnknownUncommonPower","floor":13,"key":"SMITH"},{"data":"sneckomod:QuickMove","floor":15,"key":"SMITH"},{"data":"sneckomod:SerpentIdol","floor":25,"key":"SMITH"},{"data":"sneckomod:Unknown3Cost","floor":29,"key":"SMITH"},{"data":"sneckomod:UnknownX","floor":32,"key":"SMITH"}],"circlet_count":0,"master_deck":["sneckomod:Strike","sneckomod:Defend+1","sneckomod:Defend+1","sneckomod:TailWhip","sneckomod:SnekBite","sneckomod:Unknown","sneckomod:Unknown","sneckomod:SerpentIdol+1","sneckomod:QuickMove+1","sneckomod:SoulCleanse","sneckomod:SerpentIdol+1","sneckomod:QuickMove+1","sneckomod:QuickBite+1","sneckomod:UnknownUncommonPower+1","sneckomod:UnknownClassSLIMEBOUND","sneckomod:Unknown3Cost+1","sneckomod:UnknownX+1","sneckomod:UnknownBoss","bronze:FunctionCard","sneckomod:QuickBite","sneckomod:UnknownClassSLIMEBOUND+1","sneckomod:QuickBite","sneckomod:QuickBite+1"],"relics":["sneckomod:SuperSneckoSoul","hubris:MedicalManual","hubris:Towel","Ancient Tea Set","HornCleat","hubris:Backtick","Ice Cream","Blue Candle","Gremlin Horn","Smiling Mask","Vajra","Chemical X","War Paint","Pen Nib","Bronze Scales"],"acts_visited":["Exordium","TheCity","TheBeyond"],"potions_floor_usage":[6,16,16,23,28,31,33,42,44,45],"damage_taken":[{"damage":0,"enemies":"Small Slimes","floor":1,"turns":3},{"damage":10,"enemies":"Jaw Worm","floor":2,"turns":4},{"damage":2,"enemies":"2 Louse","floor":5,"turns":3},{"damage":11,"enemies":"downfall:Heads","floor":6,"turns":6},{"damage":4,"enemies":"downfall:FleeingMerchant","floor":8,"turns":4},{"damage":0,"enemies":"downfall:LooterAlt","floor":10,"turns":2},{"damage":11,"enemies":"Large Slime","floor":11,"turns":7},{"damage":44,"enemies":"DF_ARCHETYPE_STREAMLINE","floor":16,"turns":9},{"damage":14,"enemies":"Spheric Guardian","floor":18,"turns":6},{"damage":8,"enemies":"downfall:LooterAlt2","floor":21,"turns":3},{"damage":3,"enemies":"Cultist and Chosen","floor":22,"turns":6},{"damage":20,"enemies":"Slavers","floor":23,"turns":3},{"damage":9,"enemies":"Centurion and Healer","floor":26,"turns":6},{"damage":2,"enemies":"downfall:FleeingMerchant","floor":27,"turns":4},{"damage":0,"enemies":"downfall:FleeingMerchant","floor":28,"turns":4},{"damage":0,"enemies":"3 Cultists","floor":30,"turns":5},{"damage":0,"enemies":"Snecko","floor":31,"turns":5},{"damage":11,"enemies":"WA_ARCHETYPE_CALM","floor":33,"turns":9},{"damage":1,"enemies":"Orb Walker","floor":35,"turns":5},{"damage":18,"enemies":"3 Shapes","floor":36,"turns":4},{"damage":0,"enemies":"Jaw Worm Horde","floor":37,"turns":3},{"damage":15,"enemies":"Sphere and 2 Shapes","floor":38,"turns":3},{"damage":0,"enemies":"downfall:FleeingMerchant","floor":40,"turns":4},{"damage":48,"enemies":"Nemesis","floor":42,"turns":9},{"damage":3,"enemies":"Maw","floor":43,"turns":5},{"damage":15,"enemies":"Writhing Mass","floor":44,"turns":4},{"damage":12,"enemies":"Spire Growth","floor":45,"turns":4},{"damage":14,"enemies":"Maw","floor":46,"turns":6}],"seed_played":"2951602833248695917","potions_obtained":[{"floor":1,"key":"DuplicationPotion"},{"floor":5,"key":"PowerPotion"},{"floor":10,"key":"Energy Potion"},{"floor":11,"key":"sneckomod:DiceRollPotion"},{"floor":22,"key":"ColorlessPotion"},{"floor":23,"key":"SpeedPotion"},{"floor":26,"key":"hexamod:SoulburnPotion"},{"floor":31,"key":"Block Potion"},{"floor":38,"key":"champ:CounterPotion"},{"floor":42,"key":"AttackPotion"},{"floor":43,"key":"GamblersBrew"},{"floor":44,"key":"PowerPotion"}],"is_trial":false,"path_per_floor":["M","M","?","?","M","?","T","$","R","M","M","?","R","?","R","B",null,"M","?","?","M","M","E","T","R","M","$","$","R","M","M","R","B",null,"M","M","M","M","?","$","T","E","M","M","M","M"],"character_chosen":"THE_SNECKO","items_purchased":["HornCleat","Chemical X","War Paint"],"campfire_rested":0,"item_purchase_floors":[8,28,40],"current_hp_per_floor":[90,80,80,80,78,67,67,63,63,63,52,52,52,52,52,8,90,76,71,71,63,60,40,40,40,31,29,29,29,29,29,29,18,90,89,71,71,71,71,71,71,23,20,20,8,0,0,0],"gold":290,"neow_bonus":"REMOVE_CARD","is_daily":false,"chose_seed":false,"campfire_upgraded":6,"win_rate":0.0,"timestamp":1613398827,"path_taken":["M","M","?","?","M","?","T","$","R","?","M","?","R","?","R","BOSS","M","?","?","?","M","E","T","R","M","?","$","R","M","M","R","BOSS","M","M","M","M","?","$","T","E","M","M","M","M"],"items_purchased_type":["Relic","Relic","Relic"],"build_version":"2020-12-22","purchased_purges":2,"victory":false,"max_hp_per_floor":[90,90,90,90,90,90,90,90,90,90,90,90,90,90,90,90,90,90,90,90,90,90,90,90,90,90,90,90,90,90,90,90,90,90,90,90,90,90,90,90,90,90,90,90,90,90,90,90],"card_choices":[{"not_picked":["sneckomod:SoulRoll","sneckomod:UnknownUncommonPower"],"picked":"sneckomod:SerpentIdol","floor":1},{"not_picked":["sneckomod:DiceCrush","sneckomod:SoulRoll"],"picked":"sneckomod:QuickMove","floor":2},{"not_picked":["sneckomod:RainOfDice","sneckomod:MasterEye"],"picked":"sneckomod:SoulCleanse","floor":5},{"not_picked":["sneckomod:UnknownDraw","sneckomod:UnknownUncommonAttack"],"picked":"sneckomod:QuickMove","floor":6},{"not_picked":["sneckomod:SoulRoll","sneckomod:PureSnecko"],"picked":"sneckomod:QuickBite","floor":8},{"not_picked":["sneckomod:SnakeSap","sneckomod:Nope"],"picked":"sneckomod:UnknownUncommonPower","floor":10},{"not_picked":["sneckomod:TrashToTreasure","sneckomod:DiceBlock","sneckomod:UnknownUncommonAttack"],"picked":"SKIP","floor":11},{"not_picked":["sneckomod:SerpentIdol","sneckomod:QuickMove+1","sneckomod:IronFang"],"picked":"SKIP","floor":18},{"not_picked":["sneckomod:QuickBite","sneckomod:UnknownExhaust","sneckomod:UnknownStrike"],"picked":"SKIP","floor":21},{"not_picked":["sneckomod:SoulRoll","sneckomod:SerpentMind","sneckomod:UnknownBlock+1"],"picked":"SKIP","floor":22},{"not_picked":["sneckomod:UnknownDraw","sneckomod:WideSting"],"picked":"sneckomod:UnknownClassSLIMEBOUND","floor":23},{"not_picked":["sneckomod:DiceBoulder","sneckomod:UnknownWeak","sneckomod:SoulRoll+1"],"picked":"SKIP","floor":26},{"not_picked":["sneckomod:UnknownCommonAttack+1","sneckomod:DiceBoulder"],"picked":"sneckomod:Unknown3Cost","floor":27},{"not_picked":["sneckomod:UnknownExhaust","sneckomod:SoulRoll","sneckomod:Unknown0Cost"],"picked":"SKIP","floor":28},{"not_picked":["sneckomod:SoulRoll","sneckomod:UnknownClassTHE_BRONZE_AUTOMATON","sneckomod:RainOfDice+1"],"picked":"SKIP","floor":30},{"not_picked":["sneckomod:DiceCrush","sneckomod:UnknownCommonAttack"],"picked":"sneckomod:UnknownX","floor":31},{"not_picked":["sneckomod:Cheat","sneckomod:UnlimitedRolls"],"picked":"sneckomod:UnknownBoss","floor":33},{"not_picked":["sneckomod:QuickMove+1","sneckomod:PureSnecko","sneckomod:UnknownCommonAttack"],"picked":"SKIP","floor":35},{"not_picked":["sneckomod:WideSting+1","sneckomod:SnakeSap"],"picked":"sneckomod:QuickBite","floor":36},{"not_picked":["sneckomod:SlitherStrike","sneckomod:UnknownUncommonPower+1","sneckomod:DiceBlock+1"],"picked":"SKIP","floor":37},{"not_picked":["sneckomod:WideSting","sneckomod:UnknownCommonAttack+1"],"picked":"sneckomod:UnknownClassSLIMEBOUND+1","floor":38},{"not_picked":["sneckomod:Nope+1","sneckomod:UnknownClassSLIMEBOUND"],"picked":"sneckomod:QuickBite","floor":40},{"not_picked":["sneckomod:UnknownCommonSkill","sneckomod:Unknown0Cost+1"],"picked":"sneckomod:QuickBite+1","floor":42},{"not_picked":["sneckomod:QuickMove+1","sneckomod:RainOfDice+1","sneckomod:UnknownCommonAttack+1"],"picked":"SKIP","floor":43},{"not_picked":["sneckomod:UnknownCommonSkill","sneckomod:SoulDraw","sneckomod:Nope"],"picked":"SKIP","floor":44},{"not_picked":["sneckomod:UnknownBlock+1","sneckomod:SoulRoll","sneckomod:DiceBlock"],"picked":"SKIP","floor":45}],"player_experience":144422,"relics_obtained":[{"floor":7,"key":"Ancient Tea Set"},{"floor":23,"key":"Smiling Mask"},{"floor":24,"key":"Vajra"},{"floor":41,"key":"Pen Nib"},{"floor":42,"key":"Bronze Scales"}],"event_choices":[],"is_beta":false,"boss_relics":[{"not_picked":["Velvet Choker","sneckomod:SneckoBoss"],"picked":"hubris:Backtick"},{"not_picked":["bronze:MakeshiftBattery","Runic Dome"],"picked":"sneckomod:SuperSneckoSoul"}],"items_purged_floors":[27,28],"is_endless":false,"potions_floor_spawned":[1,5,10,11,22,23,26,31,38,42,43,44],"killed_by":"Maw","ascension_level":0}}