{"host":"8anmd7ibyxevnonj","time":1613422340,"event":{"mods":["BaseMod","Curses Come First","Glutton Mod","Marisa????????","Minty Spire (QoL Compilation)","Reliquary","StSLib","The Bug Knight","The Cursed","The Marked","The Necromancer"],"gold_per_floor":[111,111,128,128,128,162,162,162,162,177,192,192,217,227,227,227,227],"floor_reached":16,"language":"ENG","playtime":2179,"items_purged":[],"score":110,"play_id":"027a52bb-c5f1-4b0c-8d71-3c9c1e410ad9","local_time":"20210215215220","is_ascension_mode":false,"campfire_choices":[{"data":"HollowMod:Hiveblood","floor":12.0,"key":"SMITH"},{"data":"HollowMod:PureNailStrike","floor":15,"key":"SMITH"}],"circlet_count":0,"master_deck":["HollowMod:NailStrikeStart","HollowMod:NailStrikeStart","HollowMod:NailStrikeStart","HollowMod:QuickDashStart","HollowMod:QuickDashStart","HollowMod:QuickDashStart","HollowMod:FocusHealStart+1","HollowMod:PogoStrike","Panacea","HollowMod:VengefulVoid","HollowMod:Hiveblood+1","HollowMod:NewGlowingWomb","HollowMod:PureNailStrike+1","HollowMod:NewGlowingWomb","HollowMod:InfectionAssault"],"relics":["HollowMod:VesselMask","CaptainsWheel","reliquary:FeatherDuster","reliquary:TridentHead","reliquary:IridiumChain"],"acts_visited":["Exordium"],"potions_floor_usage":[16],"damage_taken":[{"damage":1.0,"enemies":"Jaw Worm","floor":1.0,"turns":5.0},{"damage":0.0,"enemies":"2 Louse","floor":3.0,"turns":3.0},{"damage":23.0,"enemies":"Lagavulin","floor":6.0,"turns":5.0},{"damage":12.0,"enemies":"Small Slimes","floor":10.0,"turns":6.0},{"damage":11.0,"enemies":"2 Fungi Beasts","floor":11.0,"turns":4.0},{"damage":48.0,"enemies":"HollowMod:MossKnight","floor":13.0,"turns":10.0},{"damage":29.0,"enemies":"Lots of Slimes","floor":14.0,"turns":4.0},{"damage":88,"enemies":"HollowMod:FalseKnight","floor":16,"turns":10}],"seed_played":"-8154313213108296363","potions_obtained":[{"floor":1.0,"key":"Fire Potion"},{"floor":6.0,"key":"Block Potion"},{"floor":13.0,"key":"ColorlessPotion"}],"is_trial":false,"path_per_floor":["M","?","M","?","T","E","?","?","T","M","M","R","E","M","R","B"],"character_chosen":"THE_BUGKNIGHT","items_purchased":[],"campfire_rested":0,"item_purchase_floors":[],"current_hp_per_floor":[74,74,75,75,75,58,51,51,51,63,67,67,55,45,45,0,0],"gold":227,"neow_bonus":"RANDOM_COLORLESS","is_daily":false,"chose_seed":false,"campfire_upgraded":2,"win_rate":0.0,"timestamp":1613422340,"path_taken":["M","?","M","?","?","E","?","?","T","?","M","R","E","M","R","BOSS"],"items_purchased_type":[],"build_version":"2020-12-13","purchased_purges":0,"victory":false,"max_hp_per_floor":[75,75,75,75,75,75,75,75,75,75,75,75,75,75,75,75,75],"card_choices":[{"not_picked":["Blind","Discovery"],"picked":"Panacea","floor":0.0},{"not_picked":["HollowMod:SharpenedNail","HollowMod:NewJinnsSoul"],"picked":"HollowMod:VengefulVoid","floor":1.0},{"not_picked":["HollowMod:PerfectDash","HollowMod:SharpenedNail"],"picked":"HollowMod:HowlingWraiths","floor":3.0},{"not_picked":["HollowMod:PureNailStrike","HollowMod:NewJinnsSoul"],"picked":"HollowMod:Hiveblood","floor":6.0},{"not_picked":["HollowMod:AbyssShriek","HollowMod:HeavyBlow"],"picked":"HollowMod:NewGlowingWomb","floor":10.0},{"not_picked":["HollowMod:VengefulVoid","HollowMod:SoulSplash"],"picked":"HollowMod:PureNailStrike","floor":11.0},{"not_picked":["HollowMod:DescendingDark","HollowMod:FallenFury"],"picked":"HollowMod:NewGlowingWomb","floor":13.0},{"not_picked":["HollowMod:Grubsong","HollowMod:DreamGate"],"picked":"HollowMod:InfectionAssault","floor":14.0}],"player_experience":24361,"relics_obtained":[{"floor":5.0,"key":"CaptainsWheel"},{"floor":6.0,"key":"reliquary:FeatherDuster"},{"floor":9.0,"key":"reliquary:TridentHead"},{"floor":13.0,"key":"reliquary:IridiumChain"}],"event_choices":[{"damage_healed":0.0,"max_hp_gain":0.0,"max_hp_loss":0.0,"gold_gain":0.0,"event_name":"Living Wall","player_choice":"Grow","floor":2.0,"gold_loss":0.0,"damage_taken":0.0,"cards_upgraded":["HollowMod:FocusHealStart"]},{"damage_healed":0.0,"max_hp_gain":0.0,"max_hp_loss":0.0,"gold_gain":0.0,"event_name":"Liars Game","player_choice":"Ignored","floor":4.0,"gold_loss":0.0,"damage_taken":0.0},{"cards_removed":["HollowMod:NailStrikeStart"],"damage_healed":0.0,"max_hp_gain":0.0,"max_hp_loss":0.0,"gold_gain":0.0,"event_name":"Golden Wing","player_choice":"Card Removal","floor":7.0,"gold_loss":0.0,"damage_taken":7.0},{"cards_removed":["HollowMod:QuickDashStart"],"damage_healed":0.0,"max_hp_gain":0.0,"max_hp_loss":0.0,"gold_gain":0.0,"event_name":"Purifier","player_choice":"Purged","floor":8.0,"gold_loss":0.0,"damage_taken":0.0}],"is_beta":false,"boss_relics":[],"items_purged_floors":[],"is_endless":false,"potions_floor_spawned":[1,6,13],"killed_by":"HollowMod:FalseKnight","ascension_level":0}}