{"host":"tom9euzqew4po1rs","time":1613416582,"event":{"mods":["BaseMod","Curses Come First","Downfall","Minty Spire (QoL Compilation)","Quick Restart","Rare Cards Sparkle","Replay The Spire","StSLib"],"gold_per_floor":[117,26,44,44,56,56,56,56,84,84,84,104,104,118,129,129,129,129,129,129],"floor_reached":18,"language":"ENG","playtime":1091,"items_purged":[],"score":112,"play_id":"94e3f3a5-17ab-4278-b01d-d34be6c7abb4","local_time":"20210215141622","is_ascension_mode":false,"campfire_choices":[{"floor":6,"key":"RECALL"},{"floor":10,"key":"REST"},{"data":"bronze:BuggyMess","floor":13,"key":"SMITH"},{"floor":17,"key":"REST"}],"circlet_count":0,"master_deck":["bronze:Strike","bronze:Strike","bronze:Strike","bronze:Strike","bronze:Defend","bronze:Defend","bronze:Defend","bronze:Replicate","bronze:Goto","bronze:ForLoop","bronze:Return","bronze:DelayedSlice","bronze:BuggyMess+1","bronze:DelayedGuard","bronze:HardenedForm","bronze:OilSpill","bronze:ClassDefault","bronze:DigitalCarnage+1"],"relics":["bronze:BronzeCore","Thread and Needle"],"acts_visited":["Exordium"],"potions_floor_usage":[9],"damage_taken":[{"damage":1,"enemies":"Cultist","floor":1,"turns":4},{"damage":11,"enemies":"2 Louse","floor":3,"turns":3},{"damage":0,"enemies":"Small Slimes","floor":5,"turns":2},{"damage":18,"enemies":"3 Sentries","floor":9,"turns":8},{"damage":12,"enemies":"Looter","floor":12,"turns":4},{"damage":11,"enemies":"Exordium Wildlife","floor":14,"turns":3},{"damage":19,"enemies":"Large Slime","floor":15,"turns":6},{"damage":59,"enemies":"Slime Boss","floor":18,"turns":11}],"seed_played":"2507896553211145457","potions_obtained":[{"floor":1,"key":"BlessingOfTheForge"}],"is_trial":false,"path_per_floor":["M","$","M","$","M","R","PTL","PTL","E","R","T","M","R","M","M","?","R","B"],"character_chosen":"THE_AUTOMATON","items_purchased":["bronze:Return","bronze:DelayedSlice"],"campfire_rested":2,"item_purchase_floors":[2,2],"current_hp_per_floor":[76,76,65,65,65,65,65,65,47,70,70,58,58,47,28,28,51,0,0,0],"gold":129,"neow_bonus":"TEN_PERCENT_HP_BONUS","is_daily":false,"chose_seed":false,"campfire_upgraded":1,"win_rate":0.0,"timestamp":1613416582,"path_taken":["M","?","M","$","M","R","PTL","PTL","E","R","T","M","R","M","M","?","R","BOSS"],"items_purchased_type":["Card","Card"],"build_version":"2020-12-22","purchased_purges":0,"victory":false,"max_hp_per_floor":[77,77,77,77,77,77,77,77,77,77,77,77,77,77,77,77,77,77,77,77],"card_choices":[{"not_picked":["bronze:CloningBeam","bronze:CutThrough"],"picked":"bronze:ForLoop","floor":1},{"not_picked":["bronze:BugBarrage","bronze:Deprecate"],"picked":"bronze:BuggyMess","floor":3},{"not_picked":["bronze:NullPointer","bronze:FineTuning"],"picked":"bronze:DelayedGuard","floor":5},{"not_picked":["bronze:Return","bronze:Backtrace"],"picked":"bronze:HardenedForm","floor":9},{"not_picked":["bronze:DarkDash","bronze:Overheat"],"picked":"bronze:OilSpill","floor":12},{"not_picked":["bronze:WhirlingStrike","bronze:NullPointer"],"picked":"bronze:ClassDefault","floor":14},{"not_picked":["bronze:Frontload","bronze:Invalidate","bronze:Deprecate"],"picked":"SKIP","floor":15}],"player_experience":155260,"relics_obtained":[{"floor":9,"key":"Thread and Needle"}],"event_choices":[],"is_beta":false,"boss_relics":[],"items_purged_floors":[],"is_endless":false,"potions_floor_spawned":[1],"killed_by":"Slime Boss","ascension_level":0}}