{"host":"czzthkrvfe6r7fjf","time":1613375756,"event":{"mods":["ATMod(∞¢Ë™Mod)","Act Like it!","BaseMod","Downfall","GungeonMod","Marisa£®ÏF”Í°°ƒß¿Ì…≥£©","Minty Spire (QoL Compilation)","Quick Restart","StSLib","The Servant 0.9.4","Waifu the Spire","°æπ¶ƒ‹Mod°øªÏ„Á÷Æª∑–ﬁ∏¥≤π∂°"],"gold_per_floor":[118,118,118,137,62,96,96,96,121,138,153,153,153,153,153],"floor_reached":14,"language":"ZHS","playtime":235,"items_purged":["Strike_R"],"score":215,"play_id":"1cbec2a9-3fbf-450e-b332-c6300500af2f","local_time":"20210215155556","is_ascension_mode":true,"campfire_choices":[{"data":"Armaments","floor":8,"key":"SMITH"}],"circlet_count":0,"master_deck":["AscendersBane","Strike_R","Strike_R","Strike_R","Defend_R","Defend_R","Defend_R","Defend_R","Bash","AT_BodySlamDance","Armaments+1","Iron Wave","Inflame"],"relics":["Burning Blood","AT_ATBox","NeowsBlessing","DemoMod:MemoryAlloy","Regal Pillow","InkBottle","Golden Idol"],"acts_visited":["Exordium"],"potions_floor_usage":[],"damage_taken":[{"damage":0.0,"enemies":"Jaw Worm","floor":1.0,"turns":1.0},{"damage":0,"enemies":"2 Louse","floor":4,"turns":1},{"damage":0,"enemies":"Lagavulin","floor":6,"turns":2},{"damage":0,"enemies":"Cultist","floor":10,"turns":4},{"damage":20,"enemies":"Exordium Wildlife","floor":11,"turns":6},{"damage":10,"enemies":"3 Sentries","floor":14,"turns":7}],"seed_played":"1853692739533977365","potions_obtained":[{"floor":1.0,"key":"PowerPotion"},{"floor":10,"key":"Fire Potion"}],"is_trial":false,"path_per_floor":["M","?","?","M","$","E","?","R","T","M","M","T","?","E"],"character_chosen":"IRONCLAD","items_purchased":[],"campfire_rested":0,"item_purchase_floors":[],"current_hp_per_floor":[74,74,67,73,73,75,71,71,71,75,61,61,35,25,25],"gold":153,"neow_bonus":"THREE_ENEMY_KILL","is_daily":false,"chose_seed":false,"campfire_upgraded":1,"win_rate":0.0,"timestamp":1613375756,"path_taken":["M","?","?","M","$","E","?","R","T","?","M","?","?","E"],"items_purchased_type":[],"build_version":"2020-12-22","purchased_purges":1,"victory":false,"max_hp_per_floor":[75,75,75,75,75,75,75,75,75,75,75,75,75,75,75],"card_choices":[{"not_picked":["True Grit","Pommel Strike"],"picked":"Armaments","floor":1.0},{"not_picked":["Headbutt","Wild Strike"],"picked":"Iron Wave","floor":4},{"not_picked":["Pummel","Brutality"],"picked":"Inflame","floor":6},{"not_picked":["Clothesline","Thunderclap","Perfected Strike"],"picked":"SKIP","floor":10},{"not_picked":["Feel No Pain","Pommel Strike","Clash"],"picked":"SKIP","floor":11}],"player_experience":228149,"relics_obtained":[{"floor":6,"key":"DemoMod:MemoryAlloy"},{"floor":9,"key":"Regal Pillow"},{"floor":12,"key":"InkBottle"}],"event_choices":[{"damage_healed":0,"gold_gain":0,"player_choice":"Fled","damage_taken":0,"max_hp_gain":0,"max_hp_loss":0,"event_name":"Scrap Ooze","floor":2,"gold_loss":0},{"cards_removed":["Strike_R"],"damage_healed":0,"gold_gain":0,"player_choice":"Card Removal","damage_taken":7,"max_hp_gain":0,"max_hp_loss":0,"event_name":"Golden Wing","floor":3,"gold_loss":0},{"damage_healed":0,"gold_gain":0,"player_choice":"Bought 0 Potions","damage_taken":0,"max_hp_gain":0,"max_hp_loss":0,"event_name":"The Woman in Blue","floor":7,"gold_loss":0},{"damage_healed":0,"gold_gain":0,"player_choice":"Take Damage","damage_taken":26,"relics_obtained":["Golden Idol"],"max_hp_gain":0,"max_hp_loss":0,"event_name":"Golden Idol","floor":13,"gold_loss":0}],"is_beta":false,"boss_relics":[],"items_purged_floors":[5],"is_endless":false,"potions_floor_spawned":[1,10],"killed_by":"3 Sentries","ascension_level":18}}