{"host":"cqp8djd9d6qkqkjg","time":1613409844,"event":{"mods":["Act Like it!","BaseMod","Downfall","Hermit","Marisa£®ÏF”Í°°ƒß¿Ì…≥£©","Minty Spire (QoL Compilation)","READ ME - Guardian Mod","Reimu£®≤©¿ˆ¡È√Œ£©","Reliquary","Replay The Spire","StSLib","Yakumo Yukari mod"],"gold_per_floor":[99,116,116,134,134,147,174,174,200,200,228,51,51,51,76,187,187,187,216,225,29,48,66,90,116,116,126,126,126,161,180,191,191,191,191],"floor_reached":33,"language":"ZHS","playtime":2879,"items_purged":["Slimebound:Defend_Slimebound"],"score":279,"play_id":"a0c69446-00d7-439d-b66e-41149c697aec","local_time":"20210216012404","is_ascension_mode":false,"campfire_choices":[{"data":"Slimebound:CorrosiveSpit","floor":1.0,"key":"SMITH"},{"data":"Slimebound:Gluttony","floor":8,"key":"SMITH"},{"data":"Slimebound:PressTheAttack","floor":10,"key":"SMITH"},{"data":"Slimebound:MassRepurpose","floor":13,"key":"SMITH"},{"data":"Slimebound:MassRepurpose","floor":18,"key":"SMITH"},{"data":"Slimebound:OneTwoCombo","floor":26,"key":"SMITH"},{"data":"Slimebound:Split","floor":29,"key":"SMITH"}],"circlet_count":0,"master_deck":["Slimebound:Strike_Slimebound","Slimebound:Strike_Slimebound","Slimebound:Tackle","Slimebound:Defend_Slimebound+1","Slimebound:Defend_Slimebound+1","Slimebound:Defend_Slimebound+1","Slimebound:Split+1","Slimebound:CorrosiveSpit+1","Slimebound:ProtectTheBoss","Slimebound:PressTheAttack+1","Slimebound:Prepare","Slimebound:Gluttony+1","Slimebound:Dissolve","Slimebound:AcidTongue","Slimebound:SplitAcid","Slimebound:MassRepurpose+1","Slimebound:MassRepurpose+1","Slimebound:Repurpose","Slimebound:OneTwoCombo+1","Slimebound:TongueLash+1","Slimebound:LeechEnergy+1","Slimebound:FirmFortitude","Slimebound:SplitBruiser","Slimebound:RainOfGoop","Slimebound:SlimeBrawl+1"],"relics":["Slimebound:AbsorbEndCombat","CeramicFish","Replay:Bottled Eggs","Calling Bell","Molten Egg 2","TungstenRod","reliquary:Aerogel","reliquary:Bookmark","Centennial Puzzle","reliquary:TuningFork","reliquary:IridiumChain"],"acts_visited":["Exordium","TheCity"],"potions_floor_usage":[12,15,25,25,25,30,31,32],"damage_taken":[{"damage":8,"enemies":"Small Slimes","floor":2,"turns":3},{"damage":6,"enemies":"2 Louse","floor":4,"turns":4},{"damage":0,"enemies":"Cultist","floor":5,"turns":1},{"damage":12,"enemies":"Exordium Wildlife","floor":6,"turns":4},{"damage":2,"enemies":"2 Fungi Beasts","floor":9,"turns":4},{"damage":9,"enemies":"Blue Slaver","floor":11,"turns":3},{"damage":5,"enemies":"downfall:FleeingMerchant","floor":12,"turns":4},{"damage":8,"enemies":"Exordium Wildlife","floor":15,"turns":3},{"damage":26,"enemies":"WA_ARCHETYPE_RETAIN","floor":16,"turns":9},{"damage":12,"enemies":"Shell Parasite","floor":19,"turns":5},{"damage":5,"enemies":"downfall:FleeingMerchant","floor":21,"turns":4},{"damage":20,"enemies":"downfall:LooterAlt2","floor":22,"turns":3},{"damage":8,"enemies":"Cultist and Chosen","floor":23,"turns":4},{"damage":3,"enemies":"Gremlin Leader","floor":25,"turns":4},{"damage":12,"enemies":"Snake Plant","floor":27,"turns":3},{"damage":18,"enemies":"Book of Stabbing","floor":30,"turns":4},{"damage":3,"enemies":"3 Cultists","floor":31,"turns":4},{"damage":18,"enemies":"Centurion and Healer","floor":32,"turns":2},{"damage":32,"enemies":"SI_MIRROR_ARCHETYPE","floor":33,"turns":4}],"seed_played":"-5356097606720121842","potions_obtained":[{"floor":2,"key":"SpeedPotion"},{"floor":4,"key":"ZuzhouPotion:ReiMu"},{"floor":6,"key":"Fire Potion"},{"floor":16,"key":"Weak Potion"},{"floor":23,"key":"Fire Potion"},{"floor":27,"key":"Strength Potion"},{"floor":30,"key":"Fire Potion"},{"floor":31,"key":"Fire Potion"}],"is_trial":false,"path_per_floor":["R","M","?","M","M","M","T","R","M","R","M","$","R","?","M","B",null,"R","M","?","$","M","M","T","E","R","M","?","R","E","M","M","B"],"character_chosen":"SLIMEBOUND","items_purchased":["Slimebound:MassRepurpose","reliquary:Bookmark","Slimebound:SplitBruiser"],"campfire_rested":0,"item_purchase_floors":[12,21,21],"current_hp_per_floor":[71,63,63,59,59,51,51,51,57,57,54,55,55,22,20,2,71,71,62,62,63,47,47,47,52,52,46,46,46,36,37,23,0,0,0],"gold":191,"neow_bonus":"TEN_PERCENT_HP_BONUS","is_daily":false,"chose_seed":false,"campfire_upgraded":7,"win_rate":0.0,"timestamp":1613409844,"path_taken":["R","M","?","M","M","M","T","R","M","R","M","$","R","?","M","BOSS","R","M","?","$","M","M","T","E","R","?","?","R","E","M","M","BOSS"],"items_purchased_type":["Card","Relic","Card"],"build_version":"2020-12-22","purchased_purges":1,"victory":false,"max_hp_per_floor":[71,71,71,71,71,71,71,71,71,71,71,71,71,71,71,71,71,71,71,71,71,71,71,71,71,71,71,71,71,71,71,71,71,71,71],"card_choices":[{"not_picked":["Slimebound:Replication","Slimebound:FlameTackle"],"picked":"Slimebound:ProtectTheBoss","floor":2},{"not_picked":["Slimebound:LivingWall","Slimebound:FormOfPuddle"],"picked":"Slimebound:PressTheAttack","floor":4},{"not_picked":["Slimebound:FinishingTackle","Slimebound:ComboTackle"],"picked":"Slimebound:Prepare","floor":5},{"not_picked":["Slimebound:RainOfGoop","Slimebound:HauntingLick"],"picked":"Slimebound:Gluttony","floor":6},{"not_picked":["Slimebound:RejuvenatingLick","Slimebound:SplitBruiser"],"picked":"Slimebound:Dissolve","floor":9},{"not_picked":["Slimebound:FinishingTackle","Slimebound:GrowthPunch"],"picked":"Slimebound:AcidTongue","floor":11},{"not_picked":["Slimebound:HauntingLick","Slimebound:ComboTackle"],"picked":"Slimebound:SplitAcid","floor":12},{"not_picked":["Slimebound:SplitAcid","Slimebound:GoopSpray"],"picked":"Slimebound:Repurpose","floor":15},{"not_picked":["Slimebound:LeechLife","Slimebound:DouseInSlime"],"picked":"Slimebound:OneTwoCombo","floor":16},{"not_picked":["Slimebound:LeechingTouch+1","Slimebound:HauntingLick"],"picked":"Slimebound:TongueLash+1","floor":19},{"not_picked":["Slimebound:LeechEnergy+1","Slimebound:ItLooksTasty+1"],"picked":"Slimebound:FirmFortitude","floor":21},{"not_picked":["Slimebound:FormOfPuddle","Slimebound:TongueLash+1"],"picked":"Slimebound:RainOfGoop","floor":22},{"not_picked":["Slimebound:FinishingTackle+1","Slimebound:SlimeSpikes+1","Slimebound:LivingWall"],"picked":"SKIP","floor":23},{"not_picked":["Slimebound:FinishingTackle+1","Slimebound:ItLooksTasty+1","Slimebound:ForwardTackle+1"],"picked":"SKIP","floor":25},{"not_picked":["Slimebound:Chomp+1","Slimebound:GoopTackle+1","Slimebound:SplitBruiser"],"picked":"SKIP","floor":27},{"not_picked":["Slimebound:Schlurp","Slimebound:SplitLeeching"],"picked":"Slimebound:SlimeBrawl+1","floor":30},{"not_picked":["Slimebound:GoopTackle+1","Slimebound:FlameTackle+1","Slimebound:Grow+1"],"picked":"SKIP","floor":31},{"not_picked":["Slimebound:HauntingLick","Slimebound:AcidTongue+1","Slimebound:SplitMire+1"],"picked":"SKIP","floor":32}],"player_experience":291591,"relics_obtained":[{"floor":7,"key":"CeramicFish"},{"floor":17,"key":"Molten Egg 2"},{"floor":17,"key":"TungstenRod"},{"floor":17,"key":"reliquary:Aerogel"},{"floor":24,"key":"Centennial Puzzle"},{"floor":25,"key":"reliquary:TuningFork"},{"floor":30,"key":"reliquary:IridiumChain"}],"event_choices":[{"damage_healed":0,"gold_gain":0,"player_choice":"Success","damage_taken":33,"relics_obtained":["Replay:Bottled Eggs"],"max_hp_gain":0,"max_hp_loss":0,"event_name":"Scrap Ooze","floor":14,"gold_loss":0}],"is_beta":false,"boss_relics":[{"not_picked":["Sozu","Slimebound:AbsorbEndCombatUpgraded"],"picked":"Calling Bell"}],"items_purged_floors":[12],"is_endless":false,"potions_floor_spawned":[2,4,6,16,23,27,30,31],"killed_by":"SI_MIRROR_ARCHETYPE","ascension_level":0}}