{"host":"gbgc43u9lfev3bcz","time":1613376566,"event":{"mods":["BaseMod","Better Note","Challenge The Spire","Colored Map","Downfall","Minty Spire (QoL Compilation)","StSLib"],"gold_per_floor":[116,116,266,282,282,282,317,317,317,317,347,347,373,385,385,385,385],"floor_reached":16,"language":"ENG","playtime":375,"items_purged":[],"score":268,"play_id":"04c28403-97e4-4627-9739-cc2fd5859be7","local_time":"20210215020926","is_ascension_mode":true,"campfire_choices":[{"data":"Dagger Spray","floor":6,"key":"SMITH"},{"data":"Neutralize","floor":8,"key":"SMITH"},{"data":"Survivor","floor":10,"key":"SMITH"},{"data":"Backflip","floor":12,"key":"SMITH"},{"data":"Caltrops","floor":15,"key":"SMITH"}],"circlet_count":0,"master_deck":["AscendersBane","Strike_G","Strike_G","Strike_G","Strike_G","Strike_G","Defend_G","Defend_G","Defend_G","Defend_G","Defend_G","Survivor+1","Neutralize+1","Doubt","Dagger Spray+1","Slice+1","Backflip+1","Caltrops+1","Footwork"],"relics":["Ring of the Snake","NeowsBlessing","Juzu Bracelet","Molten Egg 2","PreservedInsect","Centennial Puzzle","Turnip"],"acts_visited":["Exordium"],"potions_floor_usage":[11,11],"damage_taken":[{"damage":0,"enemies":"Jaw Worm","floor":1,"turns":1},{"damage":0,"enemies":"Cultist","floor":4,"turns":1},{"damage":0,"enemies":"Gremlin Nob","floor":7,"turns":1},{"damage":5,"enemies":"3 Sentries","floor":11,"turns":6},{"damage":31,"enemies":"Gremlin Nob","floor":13,"turns":4},{"damage":0,"enemies":"Small Slimes","floor":14,"turns":1},{"damage":70,"enemies":"Slime Boss","floor":16,"turns":13}],"seed_played":"1713390523895563143","potions_obtained":[{"floor":4,"key":"LiquidMemories"},{"floor":5,"key":"SmokeBomb"},{"floor":5,"key":"SteroidPotion"},{"floor":11,"key":"FairyPotion"},{"floor":14,"key":"FairyPotion"}],"is_trial":false,"path_per_floor":["M","?","?","M","?","R","E","R","T","R","E","R","E","M","R","B"],"character_chosen":"THE_SILENT","items_purchased":[],"campfire_rested":0,"item_purchase_floors":[],"current_hp_per_floor":[59,59,59,59,59,59,59,59,59,59,54,54,23,23,23,0,0],"gold":385,"neow_bonus":"THREE_ENEMY_KILL","is_daily":false,"chose_seed":false,"campfire_upgraded":5,"win_rate":0.0,"timestamp":1613376566,"path_taken":["M","?","?","M","?","R","E","R","T","R","E","R","E","M","R","BOSS"],"items_purchased_type":[],"build_version":"2020-12-22","purchased_purges":0,"victory":false,"max_hp_per_floor":[66,66,66,66,66,66,66,66,66,66,66,66,66,66,66,66,66],"card_choices":[{"not_picked":["Acrobatics","Deflect"],"picked":"Backflip","floor":1},{"not_picked":["Deflect","Blade Dance"],"picked":"Dagger Spray","floor":4},{"not_picked":["Envenom","Outmaneuver"],"picked":"Slice+1","floor":7},{"not_picked":["Accuracy","Dodge and Roll"],"picked":"Backflip","floor":11},{"not_picked":["Bane+1","Deadly Poison"],"picked":"Caltrops","floor":13},{"not_picked":["Blade Dance","Poisoned Stab+1"],"picked":"Footwork","floor":14}],"player_experience":580141,"relics_obtained":[{"floor":7,"key":"Molten Egg 2"},{"floor":9,"key":"PreservedInsect"},{"floor":11,"key":"Centennial Puzzle"},{"floor":13,"key":"Turnip"}],"event_choices":[{"cards_removed":["Backflip"],"damage_healed":0,"gold_gain":0,"player_choice":"Gave Card","damage_taken":0,"relics_obtained":["Juzu Bracelet"],"max_hp_gain":0,"max_hp_loss":0,"event_name":"WeMeetAgain","floor":2,"gold_loss":0},{"damage_healed":0,"gold_gain":150,"player_choice":"AGREE","damage_taken":0,"max_hp_gain":0,"max_hp_loss":0,"event_name":"Liars Game","floor":3,"gold_loss":0,"cards_obtained":["Doubt"]},{"damage_healed":0,"gold_gain":0,"player_choice":"Got Potions","damage_taken":0,"max_hp_gain":0,"max_hp_loss":0,"event_name":"Lab","floor":5,"gold_loss":0}],"is_beta":false,"boss_relics":[],"items_purged_floors":[],"is_endless":false,"potions_floor_spawned":[4,11,14],"killed_by":"Slime Boss","ascension_level":18}}