{"host":"06gxn1c1bsk424jw","time":1613375065,"event":{"mods":["BaseMod","DeckTracker","Minty Spire (QoL Compilation)","SuperFastMode"],"gold_per_floor":[112,132,207,217,232,232,250,250,250,400,419,419,480,490,490,490,490],"floor_reached":16,"language":"KOR","playtime":830,"items_purged":[],"score":173,"play_id":"3e5232dc-3830-44e1-909f-cdf0e399134c","local_time":"20210215164425","is_ascension_mode":true,"campfire_choices":[{"data":"Doubt","floor":6,"key":"PURGE"},{"data":"Neutralize","floor":8,"key":"SMITH"},{"floor":15,"key":"REST"}],"circlet_count":0,"master_deck":["AscendersBane","Strike_G","Strike_G","Strike_G","Strike_G","Strike_G","Defend_G","Defend_G","Defend_G","Defend_G","Defend_G","Survivor","Neutralize+1","Dash","Dagger Spray","Blur","Riddle With Holes","Doubt"],"relics":["Ring of the Snake","Peace Pipe","Incense Burner","SsserpentHead"],"acts_visited":["Exordium"],"potions_floor_usage":[16,16],"damage_taken":[{"damage":2,"enemies":"Jaw Worm","floor":1,"turns":6},{"damage":4,"enemies":"Small Slimes","floor":2,"turns":5},{"damage":0,"enemies":"2 Louse","floor":4,"turns":4},{"damage":15,"enemies":"Gremlin Gang","floor":5,"turns":5},{"damage":2,"enemies":"Lots of Slimes","floor":7,"turns":3},{"damage":2,"enemies":"3 Louse","floor":11,"turns":3},{"damage":0,"enemies":"Blue Slaver","floor":13,"turns":5},{"damage":6,"enemies":"Exordium Thugs","floor":14,"turns":7},{"damage":39,"enemies":"The Guardian","floor":16,"turns":19}],"seed_played":"4511148662394581803","potions_obtained":[{"floor":1,"key":"SteroidPotion"},{"floor":2,"key":"Swift Potion"},{"floor":7,"key":"Fire Potion"}],"is_trial":false,"path_per_floor":["M","M","?","M","M","R","M","R","T","?","M","?","M","M","R","B"],"character_chosen":"THE_SILENT","items_purchased":[],"campfire_rested":1,"item_purchase_floors":[],"current_hp_per_floor":[57,53,42,42,27,27,25,25,25,25,23,23,23,17,36,0,0],"gold":490,"neow_bonus":"ONE_RARE_RELIC","is_daily":false,"chose_seed":false,"campfire_upgraded":1,"win_rate":0.0,"timestamp":1613375065,"path_taken":["M","M","?","M","M","R","M","R","T","?","M","?","?","M","R","BOSS"],"items_purchased_type":[],"build_version":"2020-12-22","purchased_purges":0,"victory":false,"max_hp_per_floor":[66,66,66,66,66,66,66,66,66,66,66,66,66,66,66,66,66],"card_choices":[{"not_picked":["Quick Slash","Deflect"],"picked":"Dash","floor":1},{"not_picked":["Predator","Prepared","Poisoned Stab"],"picked":"SKIP","floor":2},{"not_picked":["Dodge and Roll","Acrobatics"],"picked":"Dagger Spray","floor":4},{"not_picked":["Deadly Poison","Blur","Slice"],"picked":"SKIP","floor":5},{"not_picked":["Deadly Poison","Slice"],"picked":"Blur","floor":5},{"not_picked":["Outmaneuver","Dodge and Roll"],"picked":"Riddle With Holes","floor":7},{"not_picked":["Dagger Spray","Crippling Poison","Flying Knee"],"picked":"SKIP","floor":11},{"not_picked":["Dash","Cloak And Dagger","Accuracy"],"picked":"SKIP","floor":13},{"not_picked":["Concentrate","PiercingWail","Flying Knee"],"picked":"SKIP","floor":14}],"player_experience":841090,"relics_obtained":[{"floor":9,"key":"Incense Burner"}],"event_choices":[{"damage_healed":0,"gold_gain":75,"player_choice":"Gather Gold","damage_taken":11,"max_hp_gain":0,"max_hp_loss":0,"event_name":"World of Goop","floor":3,"gold_loss":0},{"damage_healed":0,"gold_gain":150,"player_choice":"AGREE","damage_taken":0,"max_hp_gain":0,"max_hp_loss":0,"event_name":"Liars Game","floor":10,"gold_loss":0,"cards_obtained":["Doubt"]},{"damage_healed":0,"gold_gain":0,"player_choice":"Trade","damage_taken":0,"relics_obtained":["SsserpentHead"],"max_hp_gain":0,"max_hp_loss":0,"event_name":"FaceTrader","floor":12,"gold_loss":0}],"is_beta":false,"boss_relics":[],"items_purged_floors":[],"is_endless":false,"potions_floor_spawned":[1,2,5,7],"killed_by":"The Guardian","ascension_level":16}}