{"host":"gjbmv0wqve0qfw94","time":1613349058,"event":{"mods":["BaseMod","Colored Map","Colored Powertips","DeckTracker","Googly Eyes","Minty Spire (QoL Compilation)","StSLib"],"gold_per_floor":[117,117,132,150,168,168,443,443,491,491,525,21,55,71,71,148,148,161,171,190,190,206,235,235,260,260,289,289,289,322,332,332,405,405,423,423,423,423,434,464,464,498,498,95,112,112,186,197,197,197,197],"floor_reached":50,"language":"ENG","playtime":1894,"items_purged":["Regret"],"score":1551,"play_id":"c67b51e2-81aa-473a-831f-60e47438ab91","local_time":"20210215013058","daily_mods":["SealedDeck"],"is_ascension_mode":true,"campfire_choices":[{"data":"Defragment","floor":6,"key":"SMITH"},{"data":"Coolheaded","floor":8,"key":"SMITH"},{"data":"Chaos","floor":10,"key":"SMITH"},{"data":"Defragment","floor":15,"key":"SMITH"},{"data":"Defragment","floor":24,"key":"SMITH"},{"data":"Compile Driver","floor":32,"key":"SMITH"},{"floor":41,"key":"REST"},{"floor":46,"key":"REST"},{"floor":49,"key":"RECALL"}],"circlet_count":0,"master_deck":["AscendersBane","Chaos+1","Leap+1","Ball Lightning+1","Compile Driver+1","Coolheaded+1","Doom and Gloom+1","Defragment+1","Defragment+1","Defragment+1","Magnetism"],"relics":["Cracked Core","Happy Flower","War Paint","DataDisk","Whetstone","StrikeDummy","Velvet Choker","HornCleat","Tiny Chest","FossilizedHelix","Centennial Puzzle","Omamori","Empty Cage","InkBottle","Calipers","Nunchaku","Art of War","Medical Kit","Bottled Lightning"],"acts_visited":["Exordium","TheCity","TheBeyond"],"potions_floor_usage":[13,23,31,35,48,50],"damage_taken":[{"damage":1,"enemies":"Jaw Worm","floor":1,"turns":3},{"damage":0,"enemies":"Cultist","floor":3,"turns":2},{"damage":0,"enemies":"Small Slimes","floor":4,"turns":2},{"damage":2,"enemies":"Blue Slaver","floor":5,"turns":4},{"damage":4,"enemies":"Lagavulin","floor":11,"turns":4},{"damage":0,"enemies":"Gremlin Nob","floor":13,"turns":3},{"damage":1,"enemies":"Exordium Wildlife","floor":14,"turns":3},{"damage":0,"enemies":"The Guardian","floor":16,"turns":7},{"damage":0,"enemies":"Spheric Guardian","floor":18,"turns":2},{"damage":1,"enemies":"3 Byrds","floor":19,"turns":3},{"damage":0,"enemies":"Cultist and Chosen","floor":20,"turns":3},{"damage":0,"enemies":"3 Cultists","floor":22,"turns":3},{"damage":4,"enemies":"Slavers","floor":23,"turns":5},{"damage":5,"enemies":"Book of Stabbing","floor":25,"turns":4},{"damage":21,"enemies":"Slavers","floor":27,"turns":5},{"damage":0,"enemies":"Book of Stabbing","floor":30,"turns":4},{"damage":0,"enemies":"Centurion and Healer","floor":31,"turns":6},{"damage":0,"enemies":"Collector","floor":33,"turns":6},{"damage":11,"enemies":"3 Darklings","floor":35,"turns":3},{"damage":0,"enemies":"3 Shapes","floor":39,"turns":3},{"damage":37,"enemies":"Nemesis","floor":40,"turns":11},{"damage":25,"enemies":"Reptomancer","floor":42,"turns":5},{"damage":0,"enemies":"3 Darklings","floor":45,"turns":4},{"damage":17,"enemies":"Jaw Worm Horde","floor":48,"turns":3},{"damage":23,"enemies":"Donu and Deca","floor":50,"turns":4}],"seed_played":"1185805076007077026","potions_obtained":[{"floor":4,"key":"AttackPotion"},{"floor":5,"key":"Ancient Potion"},{"floor":11,"key":"Block Potion"},{"floor":19,"key":"Fire Potion"},{"floor":27,"key":"Energy Potion"},{"floor":30,"key":"Regen Potion"},{"floor":39,"key":"Strength Potion"},{"floor":45,"key":"DuplicationPotion"}],"is_trial":true,"path_per_floor":["M","?","M","M","M","R","?","R","T","R","E","$","E","M","R","B",null,"M","M","M","?","M","E","R","E","T","E","?","T","E","M","R","B",null,"M","T","?","?","M","E","R","E","T","$","M","R","T","M","R","B"],"character_chosen":"DEFECT","items_purchased":["DataDisk","Defragment","Whetstone","Medical Kit","FocusPotion","Magnetism"],"campfire_rested":2,"item_purchase_floors":[12,12,12,44,44,44],"current_hp_per_floor":[63,71,71,71,69,69,69,69,69,69,65,65,65,64,64,64,69,69,68,68,68,68,64,64,59,59,38,38,38,38,53,53,53,67,56,56,56,56,56,19,40,15,15,15,15,36,36,19,19,0,0],"gold":197,"neow_bonus":"","is_daily":false,"chose_seed":false,"campfire_upgraded":6,"win_rate":0.0,"timestamp":1613349058,"path_taken":["M","?","M","?","M","R","?","R","T","R","E","$","E","M","R","BOSS","M","M","M","?","M","E","R","E","T","E","?","?","E","?","R","BOSS","M","?","?","?","M","E","R","E","T","$","?","R","?","?","R","BOSS"],"items_purchased_type":["Relic","Card","Relic","Relic","Potion","Card"],"build_version":"2020-12-22","purchased_purges":1,"victory":false,"max_hp_per_floor":[71,71,71,71,71,71,71,71,71,71,71,71,71,71,71,71,71,71,71,71,71,71,71,71,71,71,71,71,71,71,71,71,71,71,71,71,71,71,71,71,71,71,71,71,71,71,71,71,71,71,71],"card_choices":[{"not_picked":["Redo","Beam Cell","Ball Lightning"],"picked":"SKIP","floor":1},{"not_picked":["Sunder","Coolheaded","FTL"],"picked":"SKIP","floor":3},{"not_picked":["Sweeping Beam","Sunder","Coolheaded"],"picked":"SKIP","floor":4},{"not_picked":["Undo","Gash","Streamline"],"picked":"SKIP","floor":5},{"not_picked":["Chaos","Biased Cognition","Rainbow"],"picked":"SKIP","floor":11},{"not_picked":["Double Energy","Auto Shields","Coolheaded"],"picked":"SKIP","floor":13},{"not_picked":["Tempest","Skim","Loop"],"picked":"SKIP","floor":14},{"not_picked":["Capacitor","Turbo","Streamline"],"picked":"SKIP","floor":18},{"not_picked":["Go for the Eyes","Ball Lightning","Beam Cell"],"picked":"SKIP","floor":19},{"not_picked":["Redo","Gash","Steam"],"picked":"SKIP","floor":20},{"not_picked":["Electrodynamics","Blizzard","Gash"],"picked":"SKIP","floor":22},{"not_picked":["Rebound+1","Conserve Battery","Chill"],"picked":"SKIP","floor":23},{"not_picked":["Redo","Gash+1","Turbo"],"picked":"SKIP","floor":25},{"not_picked":["Cold Snap","Blizzard","Stack"],"picked":"SKIP","floor":27},{"not_picked":["Consume+1","Streamline","Glacier"],"picked":"SKIP","floor":30},{"not_picked":["Streamline","Blizzard","Gash"],"picked":"SKIP","floor":31},{"not_picked":["Self Repair","Steam","Coolheaded+1"],"picked":"SKIP","floor":35},{"not_picked":["Hologram","Go for the Eyes","Compile Driver"],"picked":"SKIP","floor":39},{"not_picked":["Leap+1","Defragment","Ball Lightning"],"picked":"SKIP","floor":40},{"not_picked":["Hologram+1","Static Discharge+1","Fission"],"picked":"SKIP","floor":42},{"not_picked":["Reinforced Body","Coolheaded+1","Sweeping Beam"],"picked":"SKIP","floor":45},{"not_picked":["Steam+1","FTL","Sweeping Beam"],"picked":"SKIP","floor":48}],"player_experience":1229435,"relics_obtained":[{"floor":9,"key":"Happy Flower"},{"floor":11,"key":"War Paint"},{"floor":13,"key":"StrikeDummy"},{"floor":23,"key":"HornCleat"},{"floor":25,"key":"Tiny Chest"},{"floor":26,"key":"FossilizedHelix"},{"floor":27,"key":"Centennial Puzzle"},{"floor":30,"key":"Omamori"},{"floor":36,"key":"InkBottle"},{"floor":40,"key":"Calipers"},{"floor":42,"key":"Nunchaku"},{"floor":43,"key":"Art of War"},{"floor":47,"key":"Bottled Lightning"}],"event_choices":[{"damage_healed":8,"gold_gain":0,"player_choice":"Full Heal","damage_taken":0,"max_hp_gain":0,"max_hp_loss":0,"event_name":"Wheel of Change","floor":2,"gold_loss":0},{"damage_healed":0,"gold_gain":275,"player_choice":"Desecrate","damage_taken":0,"max_hp_gain":0,"max_hp_loss":0,"event_name":"Golden Shrine","floor":7,"gold_loss":0,"cards_obtained":["Regret"]},{"damage_healed":0,"gold_gain":0,"player_choice":"Read","damage_taken":0,"max_hp_gain":0,"max_hp_loss":0,"event_name":"The Library","floor":21,"gold_loss":0,"cards_obtained":["Defragment"]},{"damage_healed":0,"gold_gain":0,"player_choice":"Ignored","damage_taken":0,"max_hp_gain":0,"max_hp_loss":0,"event_name":"Ghosts","floor":28,"gold_loss":0},{"cards_removed":["Leap"],"damage_healed":0,"gold_gain":0,"player_choice":"Removed Skill","damage_taken":0,"max_hp_gain":0,"max_hp_loss":0,"event_name":"Falling","floor":37,"gold_loss":0},{"damage_healed":0,"gold_gain":0,"player_choice":"Ignored","damage_taken":0,"max_hp_gain":0,"max_hp_loss":0,"event_name":"Tomb of Lord Red Mask","floor":38,"gold_loss":0}],"is_beta":false,"boss_relics":[{"not_picked":["Fusion Hammer","Black Star"],"picked":"Velvet Choker"},{"not_picked":["Nuclear Battery","Sozu"],"picked":"Empty Cage"}],"items_purged_floors":[12],"is_endless":false,"potions_floor_spawned":[4,5,11,19,22,27,30,39,45],"killed_by":"Donu and Deca","ascension_level":20}}