{"host":"x7xd4wkamhrqrrvw","time":1613359853,"event":{"mods":["AchievementEnabler","BaseMod","Minty Spire (QoL Compilation)","Relic Stats","StSLib"],"gold_per_floor":[109,209,20,36,49,49,75,75,99,132,132,52,82,43,43,117,117,137,152,202,218,118,118,133,161,187,199,226,238,250,289,301,390,402,433,445,474,286,286,315,330,340,340,190,215,215,234,267,267,267,267,267,53,81,81],"floor_reached":56,"language":"ENG","playtime":3328,"items_purged":["Strike_G","Strike_G","Strike_G","Strike_G"],"score":2050,"play_id":"b9576ffa-bf44-4b22-b8e3-f4946bd6122c","local_time":"20210215013053","is_ascension_mode":true,"campfire_choices":[{"data":"Dagger Spray","floor":6.0,"key":"SMITH"},{"data":"Terror","floor":8.0,"key":"SMITH"},{"data":"Phantasmal Killer","floor":11.0,"key":"SMITH"},{"data":"Bouncing Flask","floor":15.0,"key":"SMITH"},{"data":"Leg Sweep","floor":23.0,"key":"SMITH"},{"floor":27.0,"key":"REST"},{"data":"Crippling Poison","floor":29.0,"key":"SMITH"},{"data":"Survivor","floor":32.0,"key":"SMITH"},{"floor":49.0,"key":"RECALL"},{"data":"Crippling Poison","floor":52,"key":"SMITH"}],"circlet_count":0,"master_deck":["AscendersBane","Strike_G","Defend_G","Defend_G","Defend_G","Defend_G","Defend_G","Survivor+1","Neutralize","Leg Sweep+1","Terror+1","Masterful Stab","Quick Slash","Dagger Spray+1","Phantasmal Killer+1","Crippling Poison+1","Bouncing Flask+1","Burst+1","Dash+1","Leg Sweep","Bullet Time","Noxious Fumes+1","Crippling Poison+1","Apotheosis"],"relics":["Ring of the Snake","NeowsBlessing","Oddly Smooth Stone","Art of War","Pocketwatch","Snecko Eye","Pantograph","MawBank","Shuriken","WristBlade","Gremlin Horn","Question Card","Torii","Ancient Tea Set","Medical Kit","Blood Vial"],"acts_visited":["Exordium","TheCity","TheBeyond","TheEnding"],"potions_floor_usage":[54,55],"damage_taken":[{"damage":0.0,"enemies":"2 Louse","floor":1.0,"turns":1.0},{"damage":0.0,"enemies":"Cultist","floor":4.0,"turns":1.0},{"damage":0.0,"enemies":"Jaw Worm","floor":5.0,"turns":1.0},{"damage":2.0,"enemies":"3 Sentries","floor":7.0,"turns":6.0},{"damage":19.0,"enemies":"Gremlin Nob","floor":10.0,"turns":5.0},{"damage":15.0,"enemies":"3 Sentries","floor":13.0,"turns":7.0},{"damage":2.0,"enemies":"Hexaghost","floor":16.0,"turns":8.0},{"damage":0.0,"enemies":"Chosen","floor":18.0,"turns":3.0},{"damage":0.0,"enemies":"2 Thieves","floor":19.0,"turns":4.0},{"damage":0.0,"enemies":"Snecko","floor":21.0,"turns":7.0},{"damage":2.0,"enemies":"Shelled Parasite and Fungi","floor":24.0,"turns":7.0},{"damage":45.0,"enemies":"Slavers","floor":25.0,"turns":7.0},{"damage":0.0,"enemies":"Chosen and Byrds","floor":28.0,"turns":6.0},{"damage":8.0,"enemies":"Book of Stabbing","floor":31.0,"turns":5.0},{"damage":29.0,"enemies":"Automaton","floor":33.0,"turns":11.0},{"damage":0.0,"enemies":"3 Shapes","floor":35.0,"turns":3.0},{"damage":0.0,"enemies":"3 Darklings","floor":37.0,"turns":4.0},{"damage":15.0,"enemies":"Reptomancer","floor":40.0,"turns":6.0},{"damage":9.0,"enemies":"Spire Growth","floor":41.0,"turns":4.0},{"damage":1.0,"enemies":"Jaw Worm Horde","floor":42.0,"turns":3.0},{"damage":0.0,"enemies":"Mind Bloom Boss Battle","floor":45.0,"turns":6.0},{"damage":0.0,"enemies":"Transient","floor":47.0,"turns":5.0},{"damage":0.0,"enemies":"Giant Head","floor":48.0,"turns":5.0},{"damage":19,"enemies":"Donu and Deca","floor":50,"turns":9},{"damage":2,"enemies":"Shield and Spear","floor":54,"turns":5},{"damage":60,"enemies":"The Heart","floor":55,"turns":11}],"seed_played":"6270632812851212621","potions_obtained":[{"floor":1.0,"key":"PowerPotion"},{"floor":5.0,"key":"DuplicationPotion"},{"floor":10.0,"key":"Weak Potion"},{"floor":16.0,"key":"AttackPotion"},{"floor":18.0,"key":"SpeedPotion"},{"floor":25.0,"key":"LiquidMemories"},{"floor":31.0,"key":"Strength Potion"},{"floor":37.0,"key":"Weak Potion"},{"floor":40.0,"key":"BlessingOfTheForge"},{"floor":47.0,"key":"LiquidBronze"},{"floor":48.0,"key":"DuplicationPotion"}],"is_trial":false,"path_per_floor":["M","?","$","M","M","R","E","R","T","E","R","$","E","$","R","B",null,"M","M","?","M","$","R","M","E","T","R","M","R","?","E","R","B",null,"M","?","M","$","?","E","M","M","T","$","?","?","M","E","R","B",null,"R","$","E","B",null],"character_chosen":"THE_SILENT","items_purchased":["Terror","Masterful Stab","Crippling Poison","Bouncing Flask","Crippling Poison","Medical Kit","Block Potion"],"campfire_rested":1,"item_purchase_floors":[3,3,12,14,38,53,53],"current_hp_per_floor":[59,59,59,59,59,59,57,57,57,38,38,38,23,23,23,21,55,55,55,55,55,55,55,53,8,8,27,27,27,27,19,19,15,53,53,53,53,53,53,38,29,28,28,28,53,53,53,53,53,47,61,61,61,59,6],"gold":81,"neow_bonus":"THREE_ENEMY_KILL","is_daily":false,"chose_seed":false,"campfire_upgraded":8,"win_rate":0.0,"timestamp":1613359853,"path_taken":["M","?","?","?","M","R","E","R","T","E","R","?","E","?","R","BOSS","M","M","?","M","$","R","M","E","T","R","M","R","?","E","R","BOSS","M","?","?","$","?","E","M","M","T","$","?","?","M","E","R","BOSS","R","$","E","BOSS"],"items_purchased_type":["Card","Card","Card","Card","Card","Relic","Potion"],"build_version":"2020-12-22","purchased_purges":4,"victory":true,"max_hp_per_floor":[66,66,66,66,66,66,66,66,66,66,66,66,66,66,66,66,66,66,66,66,66,66,66,66,66,66,66,66,66,66,66,66,66,66,66,66,66,66,66,66,66,66,66,66,66,66,66,66,66,66,66,66,66,66,66],"relic_stats":{"Gremlin Horn":[2,2],"Torii":55,"counters":[26,140],"MawBank":144,"Question Card":4,"Medical Kit":[4],"Blood Vial":2,"Shuriken":[12],"Pantograph":68,"Snecko Eye":[256,248,238,224],"Art of War":[38],"obtain_stats":[{"NeowsBlessing":0,"Gremlin Horn":40,"Torii":45,"Oddly Smooth Stone":7,"MawBank":26,"Question Card":43,"Ancient Tea Set":48,"Medical Kit":53,"Blood Vial":54,"WristBlade":34,"Shuriken":31,"Pantograph":25,"Snecko Eye":17,"Art of War":10,"Ring of the Snake":0,"Pocketwatch":13},{"NeowsBlessing":0,"Gremlin Horn":18,"Torii":21,"Oddly Smooth Stone":4,"MawBank":12,"Question Card":20,"Ancient Tea Set":23,"Medical Kit":24,"Blood Vial":25,"WristBlade":15,"Shuriken":14,"Pantograph":12,"Snecko Eye":7,"Art of War":5,"Ring of the Snake":0,"Pocketwatch":6},{"NeowsBlessing":0,"Gremlin Horn":92,"Torii":105,"Oddly Smooth Stone":9,"MawBank":57,"Question Card":99,"Ancient Tea Set":115,"Medical Kit":124,"Blood Vial":129,"WristBlade":79,"Shuriken":68,"Pantograph":57,"Snecko Eye":29,"Art of War":14,"Ring of the Snake":0,"Pocketwatch":21}],"Ring of the Snake":[52],"Pocketwatch":[200]},"card_choices":[{"not_picked":["Caltrops","Finisher"],"picked":"Leg Sweep","floor":1.0},{"not_picked":["Cloak And Dagger","Sucker Punch"],"picked":"Quick Slash","floor":4.0},{"not_picked":["Slice","Quick Slash"],"picked":"Dagger Spray","floor":5.0},{"not_picked":["Outmaneuver","Underhanded Strike","Dagger Spray"],"picked":"SKIP","floor":7.0},{"not_picked":["Sucker Punch","Dagger Spray"],"picked":"Phantasmal Killer","floor":10.0},{"not_picked":["Calculated Gamble","Quick Slash","Acrobatics"],"picked":"SKIP","floor":13.0},{"not_picked":["Night Terror","Doppelganger"],"picked":"Burst","floor":16.0},{"not_picked":["Quick Slash","Cloak And Dagger","Deadly Poison+1"],"picked":"SKIP","floor":18.0},{"not_picked":["PiercingWail","Quick Slash","Flying Knee"],"picked":"SKIP","floor":19.0},{"not_picked":["Calculated Gamble","Flying Knee","Underhanded Strike"],"picked":"SKIP","floor":21.0},{"not_picked":["Flechettes","Slice+1","Concentrate+1"],"picked":"SKIP","floor":24.0},{"not_picked":["Outmaneuver","Blade Dance"],"picked":"Dash+1","floor":25.0},{"not_picked":["Bane","Prepared","Tools of the Trade"],"picked":"SKIP","floor":28.0},{"not_picked":["Caltrops","Dagger Throw","Deadly Poison+1"],"picked":"SKIP","floor":31.0},{"not_picked":["A Thousand Cuts","Storm of Steel"],"picked":"Bullet Time","floor":33.0},{"not_picked":["Dagger Throw","Backflip+1","Sucker Punch"],"picked":"SKIP","floor":35.0},{"not_picked":["Flechettes+1","Eviscerate"],"picked":"Noxious Fumes+1","floor":37.0},{"not_picked":["Panacea","Swift Strike"],"picked":"Apotheosis","floor":39.0},{"not_picked":["Sucker Punch+1","Choke","Underhanded Strike"],"picked":"SKIP","floor":40.0},{"not_picked":["Backflip","Deadly Poison","Glass Knife"],"picked":"SKIP","floor":41.0},{"not_picked":["Quick Slash+1","Dagger Throw","Backflip"],"picked":"SKIP","floor":42.0},{"not_picked":["Dagger Throw","Poisoned Stab","Quick Slash+1","Expertise"],"picked":"SKIP","floor":47.0},{"not_picked":["Slice+1","Sucker Punch","Backstab+1","Calculated Gamble"],"picked":"SKIP","floor":48.0},{"not_picked":["Reflex","Bane","Distraction","Flying Knee"],"picked":"SKIP","floor":54}],"player_experience":461059,"relics_obtained":[{"floor":7.0,"key":"Oddly Smooth Stone"},{"floor":10.0,"key":"Art of War"},{"floor":13.0,"key":"Pocketwatch"},{"floor":25.0,"key":"Pantograph"},{"floor":26.0,"key":"MawBank"},{"floor":31.0,"key":"Shuriken"},{"floor":40.0,"key":"Gremlin Horn"},{"floor":43.0,"key":"Question Card"},{"floor":45.0,"key":"Torii"},{"floor":48.0,"key":"Ancient Tea Set"},{"floor":54,"key":"Blood Vial"}],"event_choices":[{"damage_healed":0.0,"max_hp_gain":0.0,"max_hp_loss":0.0,"gold_gain":100.0,"event_name":"Wheel of Change","player_choice":"Gold","floor":2.0,"gold_loss":0.0,"damage_taken":0.0},{"damage_healed":0.0,"max_hp_gain":0.0,"max_hp_loss":0.0,"gold_gain":50.0,"event_name":"Nest","player_choice":"Stole From Cult","floor":20.0,"gold_loss":0.0,"damage_taken":0.0},{"damage_healed":0.0,"max_hp_gain":0.0,"max_hp_loss":0.0,"gold_gain":0.0,"event_name":"The Library","player_choice":"Read","floor":30.0,"gold_loss":0.0,"damage_taken":0.0,"cards_obtained":["Leg Sweep"]},{"damage_healed":0.0,"max_hp_gain":0.0,"max_hp_loss":0.0,"gold_gain":0.0,"event_name":"Upgrade Shrine","player_choice":"Upgraded","floor":36.0,"gold_loss":0.0,"damage_taken":0.0,"cards_upgraded":["Burst"]},{"damage_healed":0.0,"max_hp_gain":0.0,"max_hp_loss":0.0,"gold_gain":0.0,"event_name":"SensoryStone","player_choice":"Memory 1","floor":39.0,"gold_loss":0.0,"damage_taken":0.0},{"damage_healed":0.0,"max_hp_gain":0.0,"max_hp_loss":0.0,"gold_gain":0.0,"event_name":"MindBloom","player_choice":"Fight","floor":45.0,"gold_loss":0.0,"damage_taken":0.0},{"damage_healed":0.0,"max_hp_gain":0.0,"max_hp_loss":0.0,"gold_gain":0.0,"event_name":"Tomb of Lord Red Mask","player_choice":"Ignored","floor":46.0,"gold_loss":0.0,"damage_taken":0.0}],"is_beta":false,"boss_relics":[{"not_picked":["Pandora\u0027s Box","Black Star"],"picked":"Snecko Eye"},{"not_picked":["Coffee Dripper","Runic Dome"],"picked":"WristBlade"}],"items_purged_floors":[3,22,38,44],"is_endless":false,"potions_floor_spawned":[1,5,10,16,18,25,31,37,40,47,48],"ascension_level":16}}