{"host":"ydh61a5ftgdajrbo","time":1613369460,"event":{"mods":["BaseMod","Colored Map","Colored Powertips","DeckTracker","Downfall","Hermit","Hubris","Koishi","Minty Spire (QoL Compilation)","Prisma Mod","Relic Stats","Spire Arcade","StSLib","SuperFastMode","The Cursed","The Jungle","The Mystic","The Runesmith","The Senshi","The Servant 0.9.4"],"gold_per_floor":[111,124,135,135,152,182,182,215,215,215,246,124,144,156,156,261,261,278,553,568,578,578,611,219,219,246,47,57,69,103,117,117,214,214,230,247,247,266,266,266,77,124,124,124,149,166,166,181,181,181],"floor_reached":51,"language":"ZHS","playtime":2265,"items_purged":["PrismaMod:MiyuCommonDefend","PrismaMod:MiyuCommonAttack","PrismaMod:MiyuCommonDefend","PrismaMod:MiyuCommonDefend"],"score":814,"play_id":"4810faef-60dc-4bbc-9a48-7642b00abcaf","local_time":"20210215141100","is_ascension_mode":false,"campfire_choices":[{"data":"PrismaMod:MiyuCheapChannelAttack","floor":7.0,"key":"SMITH"},{"data":"PrismaMod:MiyuUberAOEAttack","floor":10.0,"key":"SMITH"},{"data":"PrismaMod:MiyuCheapChannelAttack","floor":15.0,"key":"SMITH"},{"floor":25.0,"key":"REST"},{"floor":32.0,"key":"REST"},{"data":"PrismaMod:MiyuEvokeAllAttack","floor":40.0,"key":"SMITH"},{"data":"PrismaMod:MiyuUncommonDexBuff","floor":44.0,"key":"SMITH"},{"floor":47.0,"key":"REST"},{"data":"PrismaMod:MiyuCheapAttack1","floor":49.0,"key":"SMITH"}],"circlet_count":0,"master_deck":["PrismaMod:MiyuCommonDefend","PrismaMod:MiyuCommonDefend","PrismaMod:MiyuCommonAttack","PrismaMod:MiyuCommonAttack","PrismaMod:MiyuCheapChannelAttack+1","PrismaMod:MiyuCheapChannelDefend","PrismaMod:MiyuCheapAttack2","PrismaMod:MiyuUncommonAOEAttack","PrismaMod:MiyuUberAOEAttack+1","PrismaMod:MiyuUncommonPlate","PrismaMod:MiyuCheapChannelAttack+1","PrismaMod:MiyuUncommonStrBuff","PrismaMod:MiyuCheapDexBuff","PrismaMod:MiyuCheapAttack1+1","PrismaMod:MiyuEvokeAllAttack+1","PrismaMod:MiyuMaid+1","PrismaMod:MiyuUncommonStrBuff+1","PrismaMod:MiyuUncommonDexBuff","PrismaMod:MiyuDevil","PrismaMod:MiyuUncommonDexBuff+1","PrismaMod:MiyuCheapChannelDefend+1","PrismaMod:MiyuCheapDefend1+1","PrismaMod:MiyuCheapDefend2+1","PrismaMod:MiyuUncommonDexBuff+1","PrismaMod:MiyuOrbIncreasePerm+1","PrismaMod:MiyuUncommonDexBuff","PrismaMod:MiyuAttackChannelAttack","PrismaMod:MiyuDefenseAbsorbMinor+1","PrismaMod:MiyuEvokeAllDefend+1"],"relics":["SlaversCollar","hubris:DeckOfHolding","Akabeko","Smiling Mask","Omamori","Calling Bell","Bag of Preparation","Toxic Egg 2","Du-Vu Doll","Runesmith:AutoHammer","hubris:CuriousFeather","Potion Belt","sneckomod:BlankCard","theSenshi:SuperSailorFukuRelic","SacredBark","hubris:Icosahedron","hubris:Potato","Ancient Tea Set","hubris:SlimyHat"],"acts_visited":["TheCity","TheBeyond"],"potions_floor_usage":[50,50],"damage_taken":[{"damage":0.0,"enemies":"Small Slimes","floor":1.0,"turns":3.0},{"damage":0.0,"enemies":"2 Louse","floor":2.0,"turns":3.0},{"damage":2.0,"enemies":"Cultist","floor":3.0,"turns":4.0},{"damage":12.0,"enemies":"Exordium Thugs","floor":5.0,"turns":5.0},{"damage":8.0,"enemies":"Gremlin Nob","floor":6.0,"turns":5.0},{"damage":3.0,"enemies":"3 Sentries","floor":8.0,"turns":4.0},{"damage":0.0,"enemies":"Lagavulin","floor":11.0,"turns":4.0},{"damage":14.0,"enemies":"Exordium Wildlife","floor":13.0,"turns":3.0},{"damage":1.0,"enemies":"Red Slaver","floor":14.0,"turns":4.0},{"damage":17.0,"enemies":"The Guardian","floor":16.0,"turns":8.0},{"damage":7.0,"enemies":"2 Thieves","floor":18.0,"turns":3.0},{"damage":9.0,"enemies":"Shell Parasite","floor":20.0,"turns":4.0},{"damage":16.0,"enemies":"Shelled Parasite and Fungi","floor":21.0,"turns":6.0},{"damage":23.0,"enemies":"Book of Stabbing","floor":23.0,"turns":4.0},{"damage":7.0,"enemies":"Snecko","floor":28.0,"turns":3.0},{"damage":5.0,"enemies":"Centurion and Healer","floor":29.0,"turns":5.0},{"damage":14.0,"enemies":"Gremlin Leader","floor":30.0,"turns":4.0},{"damage":3.0,"enemies":"Snake Plant","floor":31.0,"turns":3.0},{"damage":16.0,"enemies":"Automaton","floor":33.0,"turns":8.0},{"damage":0.0,"enemies":"Orb Walker","floor":35.0,"turns":2.0},{"damage":3.0,"enemies":"3 Shapes","floor":36.0,"turns":4.0},{"damage":0.0,"enemies":"Transient","floor":38.0,"turns":5.0},{"damage":19.0,"enemies":"2 Orb Walkers","floor":42.0,"turns":4.0},{"damage":31.0,"enemies":"Reptomancer","floor":45.0,"turns":4.0},{"damage":0.0,"enemies":"3 Darklings","floor":46.0,"turns":5.0},{"damage":4.0,"enemies":"Writhing Mass","floor":48.0,"turns":5.0},{"damage":15,"enemies":"Donu and Deca","floor":50,"turns":8}],"seed_played":"-1414347694619904412","potions_obtained":[{"floor":1.0,"key":"EssenceOfSteel"},{"floor":5.0,"key":"Swift Potion"},{"floor":6.0,"key":"bronze:BurnAndBuffPotion"},{"floor":11.0,"key":"BlessingOfTheForge"},{"floor":16.0,"key":"Regen Potion"},{"floor":28.0,"key":"Ancient Potion"},{"floor":33.0,"key":"DistilledChaos"},{"floor":35.0,"key":"PowerPotion"},{"floor":45.0,"key":"Dexterity Potion"},{"floor":48.0,"key":"Energy Potion"}],"is_trial":false,"path_per_floor":["M","M","M","?","M","E","R","E","T","R","E","$","M","M","R","B",null,"M","?","M","M","?","E","$","R","T","$","M","M","E","M","R","B",null,"M","M","?","M","?","R","$","?","T","R","E","M","R","M","R","B",null],"character_chosen":"MIYU","items_purchased":["PrismaMod:MiyuCheapDexBuff","hubris:CuriousFeather","PrismaMod:MiyuUncommonDexBuff","sneckomod:BlankCard","PrismaMod:MiyuDefenseAbsorbMinor+1"],"campfire_rested":3,"item_purchase_floors":[12,24,24,27,41],"current_hp_per_floor":[75,75,73,73,61,53,53,50,50,50,50,50,36,35,35,18,75,68,68,59,43,43,20,20,42,42,42,35,30,28,25,47,31,75,75,72,72,72,72,72,72,53,53,53,22,22,44,40,40,25],"gold":181,"neow_bonus":"BOSS_RELIC","is_daily":false,"chose_seed":false,"campfire_upgraded":6,"win_rate":0.0,"timestamp":1613369460,"path_taken":["M","M","M","?","M","E","R","E","T","R","E","$","M","M","R","BOSS","M","?","?","M","?","E","?","R","T","$","M","M","E","M","R","BOSS","M","?","?","?","?","R","$","?","T","R","E","M","R","M","R","BOSS"],"items_purchased_type":["Card","Relic","Card","Relic","Card"],"build_version":"2020-12-22","purchased_purges":4,"victory":true,"max_hp_per_floor":[75,75,75,75,75,75,75,75,75,75,75,75,75,75,75,75,75,75,75,75,75,75,75,75,75,75,75,75,75,75,75,75,75,75,75,75,75,75,75,75,75,75,75,75,75,75,75,75,75,75],"relic_stats":{"counters":[27,120],"Bag of Preparation":[34],"Smiling Mask":250,"obtain_stats":[{"Potion Belt":26,"theSenshi:SuperSailorFukuRelic":30,"PrismaMod:PrismaSapphire":0,"sneckomod:BlankCard":27,"SacredBark":34,"Omamori":11,"Bag of Preparation":17,"hubris:SlimyHat":45,"Smiling Mask":9,"Ancient Tea Set":43,"Akabeko":8,"Calling Bell":17,"Du-Vu Doll":17,"SlaversCollar":0,"hubris:Icosahedron":39,"hubris:DeckOfHolding":6,"hubris:CuriousFeather":24,"Runesmith:AutoHammer":23,"Toxic Egg 2":17,"hubris:Potato":42},{"Potion Belt":14,"theSenshi:SuperSailorFukuRelic":17,"PrismaMod:PrismaSapphire":0,"sneckomod:BlankCard":14,"SacredBark":19,"Omamori":7,"Bag of Preparation":10,"hubris:SlimyHat":24,"Smiling Mask":6,"Ancient Tea Set":23,"Akabeko":6,"Calling Bell":10,"Du-Vu Doll":10,"SlaversCollar":0,"hubris:Icosahedron":22,"hubris:DeckOfHolding":5,"hubris:CuriousFeather":14,"Runesmith:AutoHammer":14,"Toxic Egg 2":10,"hubris:Potato":23},{"Potion Belt":60,"theSenshi:SuperSailorFukuRelic":72,"PrismaMod:PrismaSapphire":0,"sneckomod:BlankCard":60,"SacredBark":83,"Omamori":28,"Bag of Preparation":43,"hubris:SlimyHat":102,"Smiling Mask":24,"Ancient Tea Set":98,"Akabeko":24,"Calling Bell":43,"Du-Vu Doll":43,"SlaversCollar":0,"hubris:Icosahedron":94,"hubris:DeckOfHolding":20,"hubris:CuriousFeather":60,"Runesmith:AutoHammer":60,"Toxic Egg 2":43,"hubris:Potato":98}]},"card_choices":[{"not_picked":["PrismaMod:MiyuCheapChannelHeal","PrismaMod:MiyuDefenseExplosion"],"picked":"PrismaMod:MiyuCheapAttack2","floor":1.0},{"not_picked":["PrismaMod:MiyuUncommonAttack","PrismaMod:MiyuCheapAttack1"],"picked":"PrismaMod:MiyuUncommonAOEAttack","floor":2.0},{"not_picked":["PrismaMod:MiyuDevil","PrismaMod:MiyuCheapPlate"],"picked":"PrismaMod:MiyuUberAOEAttack","floor":3.0},{"not_picked":["PrismaMod:MiyuCheapChannelHeal","PrismaMod:MiyuCheapChannelVul"],"picked":"PrismaMod:MiyuUncommonPlate","floor":5.0},{"not_picked":["PrismaMod:MiyuCommonAOEAttack","PrismaMod:MiyuUncommonAOEAttack"],"picked":"PrismaMod:MiyuCheapChannelAttack","floor":6.0},{"not_picked":["PrismaMod:MiyuUberAttack","PrismaMod:MiyuDefenseExplosion"],"picked":"PrismaMod:MiyuUncommonStrBuff","floor":8.0},{"not_picked":["PrismaMod:MiyuCheapChannelVul","PrismaMod:MiyuCheapAttack2","PrismaMod:MiyuDefenseRemoval"],"picked":"SKIP","floor":11.0},{"not_picked":["PrismaMod:MiyuEvokeAll","PrismaMod:MiyuDefenseExplosion","PrismaMod:MiyuUberAttack"],"picked":"SKIP","floor":13.0},{"not_picked":["PrismaMod:MiyuEvokeBuffStr","PrismaMod:MiyuEvokeBuffDex"],"picked":"PrismaMod:MiyuCheapAttack1","floor":14.0},{"not_picked":["PrismaMod:MiyuDefendChannelDefend","PrismaMod:MiyuDefenseAbsorbMinor"],"picked":"PrismaMod:MiyuEvokeAllAttack","floor":16.0},{"not_picked":["PrismaMod:MiyuCheapPlate+1","PrismaMod:MiyuCheapDexBuff"],"picked":"PrismaMod:MiyuMaid+1","floor":18.0},{"not_picked":["PrismaMod:MiyuUberAOEAttack+1","PrismaMod:MiyuCheapEvoke+1"],"picked":"PrismaMod:MiyuUncommonStrBuff+1","floor":20.0},{"not_picked":["PrismaMod:MiyuEvokeAll+1","PrismaMod:MiyuCheapAttack2"],"picked":"PrismaMod:MiyuUncommonDexBuff","floor":21.0},{"not_picked":["PrismaMod:MiyuUncommonStrBuff","PrismaMod:MiyuCheapChannelDefend+1"],"picked":"PrismaMod:MiyuDevil","floor":23.0},{"not_picked":["PrismaMod:MiyuCheapChannelHeal+1","PrismaMod:MiyuMaid+1"],"picked":"PrismaMod:MiyuCheapChannelDefend+1","floor":28.0},{"not_picked":["PrismaMod:MiyuCheapChannelDefend+1","PrismaMod:MiyuDefenseExplosion+1"],"picked":"PrismaMod:MiyuCheapDefend1+1","floor":29.0},{"not_picked":["PrismaMod:MiyuEvokeBuffDex+1","PrismaMod:MiyuDefenseRemoval+1","PrismaMod:MiyuChristmas+1"],"picked":"SKIP","floor":30.0},{"not_picked":["PrismaMod:MiyuEvokeBuffStr+1","PrismaMod:MiyuEvokeAll+1","PrismaMod:MiyuEvokeCheapAttack+1"],"picked":"SKIP","floor":31.0},{"not_picked":["PrismaMod:MiyuEvokeAllAttack","PrismaMod:MiyuUberDefend+1"],"picked":"PrismaMod:MiyuCheapDefend2+1","floor":33.0},{"not_picked":["PrismaMod:MiyuCheapChannelVul+1","PrismaMod:MiyuCommonAOEAttack+1"],"picked":"PrismaMod:MiyuUncommonDexBuff+1","floor":35.0},{"not_picked":["PrismaMod:MiyuCheapDexBuff+1","PrismaMod:MiyuDefenseRemoval+1"],"picked":"PrismaMod:MiyuOrbIncreasePerm+1","floor":36.0},{"not_picked":["PrismaMod:MiyuCheapChannelRandom+1","PrismaMod:MiyuCommonAOEAttack+1"],"picked":"PrismaMod:MiyuAttackChannelAttack","floor":38.0},{"not_picked":["PrismaMod:MiyuUberAttack","PrismaMod:MiyuChannelAttackEvoke","PrismaMod:MiyuEvokeBuffDex+1"],"picked":"SKIP","floor":45.0},{"not_picked":["PrismaMod:MiyuEvokeBuffDex+1","PrismaMod:MiyuCheapAttack2"],"picked":"PrismaMod:MiyuEvokeAllDefend+1","floor":46.0},{"not_picked":["PrismaMod:MiyuUncommonAttack","PrismaMod:MiyuAttackChannelAttack+1","PrismaMod:MiyuUncommonPlate+1"],"picked":"SKIP","floor":48.0}],"player_experience":394986,"relics_obtained":[{"floor":6.0,"key":"hubris:DeckOfHolding"},{"floor":8.0,"key":"Akabeko"},{"floor":9.0,"key":"Smiling Mask"},{"floor":11.0,"key":"Omamori"},{"floor":17.0,"key":"Bag of Preparation"},{"floor":17.0,"key":"Toxic Egg 2"},{"floor":17.0,"key":"Du-Vu Doll"},{"floor":23.0,"key":"Runesmith:AutoHammer"},{"floor":26.0,"key":"Potion Belt"},{"floor":30.0,"key":"theSenshi:SuperSailorFukuRelic"},{"floor":42.0,"key":"hubris:Potato"},{"floor":43.0,"key":"Ancient Tea Set"},{"floor":45.0,"key":"hubris:SlimyHat"}],"event_choices":[{"cards_removed":["PrismaMod:MiyuCommonAttack"],"damage_healed":0.0,"max_hp_gain":0.0,"max_hp_loss":0.0,"gold_gain":0.0,"event_name":"Living Wall","player_choice":"Forget","floor":4.0,"gold_loss":0.0,"damage_taken":0.0},{"damage_healed":0.0,"max_hp_gain":0.0,"max_hp_loss":0.0,"gold_gain":275.0,"event_name":"Golden Shrine","player_choice":"Desecrate","floor":19.0,"gold_loss":0.0,"damage_taken":0.0,"cards_obtained":["Regret"]},{"damage_healed":0.0,"max_hp_gain":0.0,"max_hp_loss":0.0,"gold_gain":0.0,"event_name":"Ghosts","player_choice":"Ignored","floor":22.0,"gold_loss":0.0,"damage_taken":0.0},{"damage_healed":0.0,"max_hp_gain":0.0,"max_hp_loss":0.0,"gold_gain":0.0,"cards_transformed":["PrismaMod:MiyuCommonAttack"],"event_name":"Transmorgrifier","player_choice":"Transformed","floor":37.0,"gold_loss":0.0,"damage_taken":0.0,"cards_obtained":["PrismaMod:MiyuUncommonDexBuff"]},{"damage_healed":0.0,"max_hp_gain":0.0,"max_hp_loss":0.0,"gold_gain":0.0,"event_name":"Mysterious Sphere","player_choice":"Fight","floor":42.0,"gold_loss":0.0,"damage_taken":0.0}],"is_beta":false,"boss_relics":[{"not_picked":["expansioncontent:StudyCardRelic","Runic Dome"],"picked":"Calling Bell"},{"not_picked":["Runic Pyramid","Snecko Eye"],"picked":"SacredBark"}],"items_purged_floors":[12,24,27,41],"is_endless":false,"potions_floor_spawned":[1,5,6,11,16,21,28,33,35,45,48],"ascension_level":0}}