{"host":"91blwi3hgehj6ch9","time":1613416402,"event":{"mods":["2.2 Compatiblity","AchievementEnabler","BaseMod","Colored Map","DeckTracker","Keyboard Shortcuts","Minty Spire (QoL Compilation)","Permanent Neow","StSLib","SuperFastMode","everything is the same but u backflip on backflip"],"gold_per_floor":[117,134,134,59,59,59,84,104,104,104,138,207,257,58,58,177,177,153,217,238,288,83,83,8,8,8,39,59,75,75,75],"floor_reached":30,"language":"KOR","playtime":973,"items_purged":["Strike_R","Strike_R","Strike_R"],"score":400,"play_id":"76544580-266c-480b-8a16-0c649a825465","local_time":"20210216041322","is_ascension_mode":true,"campfire_choices":[{"floor":6,"key":"REST"},{"floor":10,"key":"REST"},{"data":"Entrench","floor":15,"key":"SMITH"},{"data":"Body Slam","floor":23,"key":"SMITH"},{"data":"Second Wind","floor":25,"key":"SMITH"}],"circlet_count":0,"master_deck":["AscendersBane","Defend_R","Defend_R","Defend_R","Defend_R","Bash","Hemokinesis","Twin Strike","Ghostly Armor","Shrug It Off","Shrug It Off","Inflame+1","Entrench+1","Impervious","Flame Barrier","Power Through+1","Disarm","Feel No Pain+1","Second Wind+1","Body Slam+1","Offering","Feel No Pain+1"],"relics":["Burning Blood","SsserpentHead","Lizard Tail","Frozen Egg 2","Shovel","Bloody Idol","Sozu","Mercury Hourglass","Bronze Scales"],"acts_visited":["Exordium","TheCity"],"potions_floor_usage":[7,16,16],"damage_taken":[{"damage":15,"enemies":"Small Slimes","floor":1,"turns":5},{"damage":8,"enemies":"Jaw Worm","floor":2,"turns":4},{"damage":41,"enemies":"3 Sentries","floor":7,"turns":12},{"damage":1,"enemies":"Cultist","floor":8,"turns":4},{"damage":24,"enemies":"Gremlin Nob","floor":11,"turns":4},{"damage":6,"enemies":"Looter","floor":12,"turns":4},{"damage":81,"enemies":"Slime Boss","floor":16,"turns":18},{"damage":21,"enemies":"2 Thieves","floor":18,"turns":5},{"damage":1,"enemies":"3 Byrds","floor":19,"turns":6},{"damage":23,"enemies":"Snecko","floor":20,"turns":8},{"damage":34,"enemies":"Slavers","floor":27,"turns":9},{"damage":6,"enemies":"Centurion and Healer","floor":28,"turns":7},{"damage":6,"enemies":"Cultist and Chosen","floor":29,"turns":8},{"damage":36,"enemies":"Gremlin Leader","floor":30,"turns":7}],"seed_played":"-891344190646283808","potions_obtained":[{"floor":1,"key":"LiquidMemories"},{"floor":7,"key":"SteroidPotion"},{"floor":8,"key":"BloodPotion"}],"is_trial":false,"path_per_floor":["M","M","?","$","?","R","E","M","T","R","E","M","?","$","R","B",null,"M","M","M","?","$","R","$","R","T","E","M","M","E"],"character_chosen":"IRONCLAD","items_purchased":["Inflame+1","Entrench","Feel No Pain+1","Second Wind","Body Slam"],"campfire_rested":2,"item_purchase_floors":[14,14,22,22,22],"current_hp_per_floor":[42,40,45,45,45,70,35,40,40,65,47,47,47,47,47,35,68,53,58,41,41,41,41,46,46,46,23,28,33,0,0],"gold":75,"neow_bonus":"REMOVE_TWO","is_daily":false,"chose_seed":false,"campfire_upgraded":3,"win_rate":0.0,"timestamp":1613416402,"path_taken":["M","M","?","$","?","R","E","M","T","R","E","?","?","?","R","BOSS","M","?","M","?","$","R","?","R","T","E","M","M","E"],"items_purchased_type":["Card","Card","Card","Card","Card"],"build_version":"2020-12-22","purchased_purges":3,"victory":false,"max_hp_per_floor":[80,80,85,85,85,85,85,85,85,85,85,85,79,79,79,79,79,79,79,79,79,79,79,79,79,79,79,79,79,79,79],"card_choices":[{"not_picked":["Iron Wave","Fire Breathing"],"picked":"Hemokinesis","floor":1},{"not_picked":["Anger","True Grit"],"picked":"Twin Strike","floor":2},{"not_picked":["Evolve","Wild Strike"],"picked":"Ghostly Armor","floor":7},{"not_picked":["Body Slam","Headbutt"],"picked":"Shrug It Off","floor":8},{"not_picked":["Warcry","Twin Strike","Wild Strike"],"picked":"SKIP","floor":11},{"not_picked":["Searing Blow","Twin Strike"],"picked":"Shrug It Off","floor":12},{"not_picked":["Feed","Fiend Fire"],"picked":"Impervious","floor":16},{"not_picked":["True Grit","Sentinel"],"picked":"Flame Barrier","floor":18},{"not_picked":["Perfected Strike","True Grit"],"picked":"Power Through+1","floor":19},{"not_picked":["Spot Weakness","Anger"],"picked":"Disarm","floor":20},{"not_picked":["True Grit","Body Slam+1"],"picked":"Offering","floor":27},{"not_picked":["Thunderclap","Clothesline"],"picked":"Feel No Pain+1","floor":28},{"not_picked":["True Grit","Warcry","Perfected Strike+1"],"picked":"SKIP","floor":29}],"player_experience":266278,"relics_obtained":[{"floor":7,"key":"Lizard Tail"},{"floor":9,"key":"Frozen Egg 2"},{"floor":11,"key":"Shovel"},{"floor":26,"key":"Mercury Hourglass"},{"floor":27,"key":"Bronze Scales"}],"event_choices":[{"damage_healed":0,"gold_gain":0,"player_choice":"Donut","damage_taken":0,"max_hp_gain":5,"max_hp_loss":0,"event_name":"Big Fish","floor":3,"gold_loss":0},{"damage_healed":0,"gold_gain":0,"player_choice":"Trade","damage_taken":0,"relics_obtained":["SsserpentHead"],"max_hp_gain":0,"max_hp_loss":0,"event_name":"FaceTrader","floor":5,"gold_loss":0},{"damage_healed":0,"gold_gain":0,"player_choice":"Lose Max HP","damage_taken":0,"relics_obtained":["Golden Idol"],"max_hp_gain":0,"max_hp_loss":6,"event_name":"Golden Idol","floor":13,"gold_loss":0},{"damage_healed":0,"gold_gain":0,"player_choice":"Gave Idol","damage_taken":0,"relics_obtained":["Bloody Idol"],"max_hp_gain":0,"max_hp_loss":0,"event_name":"Forgotten Altar","floor":21,"relics_lost":["Golden Idol"],"gold_loss":0}],"is_beta":false,"boss_relics":[{"not_picked":["Runic Cube","Philosopher\u0027s Stone"],"picked":"Sozu"}],"items_purged_floors":[4,14,24],"is_endless":false,"potions_floor_spawned":[1,7,8,12,19,27],"killed_by":"Gremlin Leader","ascension_level":11}}