{"host":"rylkjufw9dlhr07b","time":1613417119,"event":{"mods":["AchievementEnabler","BaseMod","Better Note","BetterRewards","Hubris","Minty Spire (QoL Compilation)","Quick Restart","StSLib"],"gold_per_floor":[138,193,193,42,42,42,103,69,69,108,108,108,139,414,414,486,486,502,516,516,516],"floor_reached":20,"language":"FRA","playtime":603,"items_purged":[],"score":455,"play_id":"a4ca4fb9-18b8-478a-b323-4a98a227bdcf","local_time":"20210215202519","is_ascension_mode":true,"campfire_choices":[{"floor":6,"key":"REST"},{"floor":11,"key":"REST"},{"floor":15,"key":"REST"}],"circlet_count":0,"master_deck":["AscendersBane","Strike_G","Strike_G","Strike_G","Strike_G","Strike_G","Defend_G","Defend_G","Defend_G","Defend_G","Defend_G","Survivor","Neutralize","HandOfGreed","Distraction","Poisoned Stab","Noxious Fumes","Noxious Fumes","Dash","Bane","Footwork","Blade Dance","Cloak And Dagger","Regret","Corpse Explosion","Bane+1","Escape Plan"],"relics":["Ring of the Snake","hubris:TenFootPole","hubris:Towel","Letter Opener","Odd Mushroom","Gremlin Horn","hubris:Backtick","Snake Skull"],"acts_visited":["Exordium","TheCity"],"potions_floor_usage":[1,13,16,19],"damage_taken":[{"damage":0,"enemies":"2 Louse","floor":1,"turns":2},{"damage":33,"enemies":"The Mushroom Lair","floor":7,"turns":6},{"damage":4,"enemies":"Jaw Worm","floor":10,"turns":5},{"damage":10,"enemies":"Small Slimes","floor":13,"turns":4},{"damage":26,"enemies":"Hexaghost","floor":16,"turns":9},{"damage":15,"enemies":"Spheric Guardian","floor":18,"turns":5},{"damage":11,"enemies":"Chosen","floor":19,"turns":5},{"damage":36,"enemies":"Snecko","floor":20,"turns":4}],"seed_played":"-769704095937156180","potions_obtained":[{"floor":10,"key":"FearPotion"},{"floor":13,"key":"PowerPotion"},{"floor":18,"key":"DistilledChaos"}],"is_trial":false,"path_per_floor":["M","?","?","$","?","R","?","$","T","M","R","$","M","?","R","B",null,"M","M","M"],"character_chosen":"THE_SILENT","items_purchased":["HandOfGreed","hubris:TenFootPole","Distraction","Poisoned Stab","DistilledChaos","EssenceOfSteel","Noxious Fumes","Dash","Footwork"],"campfire_rested":3,"item_purchase_floors":[0,0,0,0,0,0,4,4,8],"current_hp_per_floor":[40,40,40,40,35,54,21,21,21,17,36,36,26,26,45,19,54,39,28,0,0],"gold":516,"neow_bonus":"","is_daily":false,"chose_seed":false,"campfire_upgraded":0,"win_rate":0.0,"timestamp":1613417119,"path_taken":["M","?","?","?","?","R","?","$","T","?","R","?","M","?","R","BOSS","M","M","?"],"items_purchased_type":["Card","Relic","Card","Card","Potion","Potion","Card","Card","Card"],"build_version":"2020-12-22","purchased_purges":0,"victory":false,"max_hp_per_floor":[66,66,66,66,66,66,66,66,66,66,66,66,66,66,66,66,66,66,66,66,66],"card_choices":[{"not_picked":["Backflip","Dash"],"picked":"Noxious Fumes","floor":1},{"not_picked":["Bouncing Flask","Riddle With Holes"],"picked":"Bane","floor":7},{"not_picked":["Tactician","Catalyst"],"picked":"Blade Dance","floor":10},{"not_picked":["Blade Dance","Dagger Spray"],"picked":"Cloak And Dagger","floor":13},{"not_picked":["Tools of the Trade","Storm of Steel"],"picked":"Corpse Explosion","floor":16},{"not_picked":["Endless Agony","Underhanded Strike"],"picked":"Bane+1","floor":18},{"not_picked":["All Out Attack","Outmaneuver"],"picked":"Escape Plan","floor":19}],"player_experience":597158,"relics_obtained":[{"floor":7,"key":"Odd Mushroom"},{"floor":9,"key":"Gremlin Horn"}],"event_choices":[{"damage_healed":0,"gold_gain":55,"player_choice":"Gained Gold","damage_taken":0,"max_hp_gain":0,"max_hp_loss":0,"event_name":"Golden Wing","floor":2,"gold_loss":0},{"damage_healed":0,"gold_gain":0,"player_choice":"Success","damage_taken":11,"relics_obtained":["Letter Opener"],"max_hp_gain":0,"max_hp_loss":0,"event_name":"Scrap Ooze","floor":5,"gold_loss":0},{"damage_healed":0,"gold_gain":0,"player_choice":"Fought Mushrooms","damage_taken":0,"max_hp_gain":0,"max_hp_loss":0,"event_name":"Mushrooms","floor":7,"gold_loss":0},{"damage_healed":0,"gold_gain":275,"player_choice":"Desecrate","damage_taken":0,"max_hp_gain":0,"max_hp_loss":0,"event_name":"Golden Shrine","floor":14,"gold_loss":0,"cards_obtained":["Regret"]}],"is_beta":false,"boss_relics":[{"not_picked":["Sozu","Coffee Dripper"],"picked":"hubris:Backtick"}],"items_purged_floors":[],"is_endless":false,"potions_floor_spawned":[10,13,18],"killed_by":"Snecko","ascension_level":15}}