{"host":"fa9lu700uj5rxl8c","time":1613383507,"event":{"mods":["2.2 Compatiblity","A Penny For Your Troubles","AchievementEnabler","AlwaysNeverKeys","Aspiration","Bard","BaseMod","Beaked The Cultist","Better Altar","Better Match","Better Note","Better Sensory Stone","Better Silent Start","Better Skull","Better Third Choice","BetterRewards","Bossed Relics","ChefMod","Colored Map","Colored Powertips","Conspire","Curses Come First","Displayed Cursed Tome","Downfall","Energized Spire","Friendly Minions","FruityMod","GifTheSpireLib","Hermit","Infinite Spire","Ironclad Rager","Jorbs\u0027s Wanderer Trilogy","Luminous","Mad Scientist","Minty Spire (QoL Compilation)","Permanent Neow","Quarter Circle Forward PUNCH!","Random Character Button","Reliquary","Reorder Act Four","Replay The Spire","Robot Space Explorer","Shop Mod","Spicy Shops","Spikes Relics","Spire Arcade","StSLib","Stuff the Spire","SuperFastMode","The Blackbeard","The Blue Laboratory","The Bug Knight","The Construct","The Cursed","The Disciple","The Exalted","The Forsaken","The Hierophant","The IronCluck","The Judge","The Juggernuat","The Marked","The Mystic","The Necromancer","The Runesmith","The Sage","The Saiyan","TheBandit","TheFirefly","Transform Curses","Wandering Minibosses"],"gold_per_floor":[117,392,19,451,468,498,508,508,577,612,624,642,642,662,662,761,761,777,789,804,818,818,849,849,876,922,932,963,963,974,1000,1000,1102,1102,1117,1117,1128,1128,1138,1163,1180,1196,1196,1196,1210,1245,1259,1287,1287,1288,1288,1071,1071,1100,1100],"floor_reached":56,"language":"ENG","playtime":4820,"items_purged":["Regret"],"score":1833,"play_id":"0e8c0cc2-5674-456d-9ced-d146b4db3106","local_time":"20210215110507","is_ascension_mode":false,"campfire_choices":[{"data":"thefirefly:LifeSupport","floor":8,"key":"SMITH"},{"data":"thefirefly:LaserMail","floor":13,"key":"SMITH"},{"floor":15,"key":"DIG"},{"data":"thefirefly:IonizedBarrier","floor":24,"key":"SMITH"},{"data":"thefirefly:LaserMail","floor":32,"key":"SMITH"},{"data":"Parasite","floor":49,"key":"PURGE"},{"data":"thefirefly:LaserMail","floor":53,"key":"SMITH"}],"circlet_count":0,"master_deck":["thefirefly:Strike","thefirefly:Strike","thefirefly:Strike","thefirefly:Defend","thefirefly:Defend","thefirefly:Defend","thefirefly:Defend","thefirefly:StealthMode","thefirefly:PhotonBlast","thefirefly:AccountUncertainty","thefirefly:AccountUncertainty","Pot Of Greed","Pot Of Greed","Metamorphosis","thefirefly:LaserMail+1","thefirefly:LaserMail+1","thefirefly:ShieldGenerator+1","thefirefly:MirrorShield+1","thefirefly:LaserMail+1","thefirefly:LifeSupport+1","thefirefly:ReverseEngine","thefirefly:ShieldGenerator","thefirefly:ShieldGenerator","Pot Of Greed","thefirefly:LaserMail+1","thefirefly:ShieldArray","thefirefly:RerouteCircuit+1","thefirefly:NebulaVeil+1","thefirefly:ErraticMotions","thefirefly:IonizedBarrier+1","thefirefly:MirrorShield+1","infinitespire:DeathsTouch","thefirefly:Lamentation+1","thefirefly:RollBack","thefirefly:Flight","thefirefly:StoredPower+1","Pot Of Greed","thefirefly:Pacify+1","thefirefly:RecollectionSubroutine","thefirefly:CreateClone+1","thefirefly:LaserMail+1","thefirefly:Boost+1","thefirefly:ErraticMotions","thefirefly:Quine+1","thefirefly:QuantumTunneling+1","thefirefly:Regeneration+1","thefirefly:QuantumTunneling","thefirefly:ErraticMotions+1","thefirefly:QuantumTunneling","Pot Of Greed","thefirefly:Teleport+1","thefirefly:IonizedBarrier+1","thefirefly:HyperFocus+1"],"relics":["MerchantsRug","Grinning Jar","Golden Egg","infinitespire:Beetle Shell","PreservedInsect","infinitespire:ShieldingShard","Bird Faced Urn","Blood Vial","Honey Jar","SlaversCollar","Frozen Eye","Garlic","MealTicket","Pen Nib","reliquary:TatteredRug","Bag of Preparation","sagemod:Falmels_Amulet","Runesmith:Nanobots","StuffTheSpire:MayFlowers","qcfpunch:Black_Training_Shirt","qcfpunch:Red_Beret","reliquary:RoseTintedGlasses","SpikesRelics:DaevaFist","ShockBauble"],"acts_visited":["Exordium","TheCity","TheBeyond","TheEnding"],"potions_floor_usage":[6,54,55,55,55],"damage_taken":[{"damage":12,"enemies":"Cultist","floor":1,"turns":6},{"damage":2,"enemies":"2 Louse","floor":5,"turns":4},{"damage":3,"enemies":"Gremlin Nob","floor":6,"turns":5},{"damage":0,"enemies":"Small Slimes","floor":7,"turns":5},{"damage":0,"enemies":"HollowMod:MossKnight","floor":10,"turns":12},{"damage":8,"enemies":"Exordium Wildlife","floor":11,"turns":5},{"damage":2,"enemies":"Blue Slaver","floor":12,"turns":7},{"damage":6,"enemies":"Exordium Thugs","floor":14,"turns":6},{"damage":25,"enemies":"Hexaghost","floor":16,"turns":11},{"damage":0,"enemies":"Shell Parasite","floor":18,"turns":6},{"damage":14,"enemies":"3 Byrds","floor":19,"turns":4},{"damage":4,"enemies":"3 Cultists","floor":20,"turns":5},{"damage":9,"enemies":"Snake Plant","floor":21,"turns":6},{"damage":0,"enemies":"Nightmare","floor":23,"turns":7},{"damage":0,"enemies":"conspire:Head Lice","floor":25,"turns":7},{"damage":11,"enemies":"Centurion and Healer","floor":27,"turns":7},{"damage":0,"enemies":"Replay:Snechameleon","floor":28,"turns":5},{"damage":0,"enemies":"3 Cultists","floor":30,"turns":4},{"damage":0,"enemies":"conspire:Head Lice","floor":31,"turns":11},{"damage":0,"enemies":"Automaton","floor":33,"turns":8},{"damage":4,"enemies":"Orb Walker","floor":35,"turns":5},{"damage":6,"enemies":"3 Darklings","floor":37,"turns":4},{"damage":16,"enemies":"Writhing Mass","floor":39,"turns":6},{"damage":0,"enemies":"Reptomancer","floor":40,"turns":5},{"damage":31,"enemies":"Sphere and 2 Shapes","floor":41,"turns":6},{"damage":16,"enemies":"Transient","floor":42,"turns":5},{"damage":0,"enemies":"4 Shapes","floor":45,"turns":5},{"damage":0,"enemies":"Giant Head","floor":46,"turns":8},{"damage":6,"enemies":"3 Darklings","floor":47,"turns":5},{"damage":0,"enemies":"Nightmare","floor":48,"turns":7},{"damage":0,"enemies":"Donu and Deca","floor":50,"turns":7},{"damage":1,"enemies":"Shield and Spear","floor":54,"turns":3},{"damage":0,"enemies":"The Heart","floor":55,"turns":8}],"seed_played":"9120370099991982779","potions_obtained":[{"floor":5,"key":"Toxic Potion"},{"floor":7,"key":"blueLaboratory:RememoryPotion"},{"floor":11,"key":"Death Potion"},{"floor":16,"key":"sneckomod:MuddlingPotion"},{"floor":20,"key":"BlessingOfTheForge"},{"floor":21,"key":"AttackPotion"},{"floor":25,"key":"SpeedPotion"},{"floor":28,"key":"SpeedPotion"},{"floor":37,"key":"FearPotion"},{"floor":41,"key":"Energy Potion"},{"floor":42,"key":"Adrenaline Potion"},{"floor":45,"key":"Swift Potion"},{"floor":48,"key":"BlessingOfTheForge"},{"floor":54,"key":"AttackPotion"}],"is_trial":false,"path_per_floor":["M","?","$","?","M","E","M","R","T","E","M","M","R","M","R_BF","B",null,"M","M","M","M","AVR","NM","R","E","T","M","E","?","M","E","R","B",null,"M","?","M","?","M","E","M","M","T","T","M","E","M","NM","R_BF","B",null,"$","R","E","B",null],"character_chosen":"THE_FIREFLY","items_purchased":["thefirefly:AccountUncertainty","MerchantsRug","Grinning Jar","Metamorphosis","thefirefly:LaserMail","Golden Egg","thefirefly:ShieldGenerator","thefirefly:MirrorShield","SpikesRelics:DaevaFist","thefirefly:IonizedBarrier"],"campfire_rested":0,"item_purchase_floors":[0,0,0,0,0,3,3,3,52,52],"current_hp_per_floor":[43,43,43,6,4,1,7,7,7,7,16,43,43,55,55,44,55,55,49,52,54,54,55,55,55,55,55,55,55,55,55,55,55,55,57,57,59,59,61,63,52,67,67,67,67,69,71,73,70,72,72,72,72,72,74],"gold":1100,"neow_bonus":"","is_daily":false,"chose_seed":false,"campfire_upgraded":5,"win_rate":0.0,"timestamp":1613383507,"path_taken":["M","?","?","?","M","E","M","R","T","E","M","M","R","M","R_BF","BOSS","M","?","M","M","AVR","NM","R","E","T","M","E","?","?","E","R","BOSS","M","?","M","?","M","E","M","M","T","?","M","E","?","NM","R_BF","BOSS","$","R","E","BOSS"],"items_purchased_type":["Card","Relic","Relic","Card","Card","Relic","Card","Card","Relic","Card"],"build_version":"2020-12-22","purchased_purges":1,"victory":true,"max_hp_per_floor":[55,55,55,55,55,55,55,55,55,55,55,55,55,55,55,55,55,55,55,55,55,55,55,55,55,55,55,55,55,55,55,55,55,55,57,57,59,59,61,63,65,67,67,67,67,69,71,73,70,72,72,72,72,72,74],"card_choices":[{"not_picked":["thefirefly:InterceptingShot","thefirefly:Teleport"],"picked":"thefirefly:LaserMail","floor":1},{"not_picked":["thefirefly:Reposition","thefirefly:ShieldArray"],"picked":"thefirefly:LaserMail","floor":5},{"not_picked":["thefirefly:AutoTargeting","thefirefly:FlakCannon"],"picked":"thefirefly:LifeSupport","floor":6},{"not_picked":["thefirefly:HyperFocus","thefirefly:ArtillleryBeam"],"picked":"thefirefly:ReverseEngine","floor":7},{"not_picked":["thefirefly:ArtillleryBeam","thefirefly:Distort"],"picked":"thefirefly:ShieldGenerator","floor":10},{"not_picked":["thefirefly:Pacify","thefirefly:Teleport"],"picked":"thefirefly:ShieldGenerator","floor":11},{"not_picked":["thefirefly:Flight","thefirefly:RecollectionSubroutine"],"picked":"thefirefly:LaserMail","floor":12},{"not_picked":["thefirefly:FullProjection","thefirefly:RecollectionSubroutine"],"picked":"thefirefly:ShieldArray","floor":14},{"not_picked":["thefirefly:EphemeronForm","thefirefly:ParadoxEngine"],"picked":"thefirefly:RerouteCircuit","floor":16},{"not_picked":["thefirefly:Flight+1","thefirefly:Rend","thefirefly:EMP"],"picked":"thefirefly:NebulaVeil+1","floor":18},{"not_picked":["thefirefly:QuantumTunneling","thefirefly:Boost+1","thefirefly:BreachMissile"],"picked":"thefirefly:ErraticMotions","floor":19},{"not_picked":["thefirefly:FlakCannon","thefirefly:Distort","thefirefly:LaserMail"],"picked":"thefirefly:IonizedBarrier","floor":20},{"not_picked":["thefirefly:NebulaVeil","thefirefly:ArtillleryBeam","thefirefly:PotentAmmunition"],"picked":"thefirefly:MirrorShield+1","floor":21},{"not_picked":["thefirefly:NebulaVeil","thefirefly:Reposition","thefirefly:TachyonBeam"],"picked":"thefirefly:Lamentation+1","floor":23},{"not_picked":["thefirefly:AuroralDischarge","thefirefly:Teleport","thefirefly:SearingEnigma"],"picked":"thefirefly:RollBack","floor":25},{"not_picked":["thefirefly:CoveringFire","thefirefly:StoredPower","thefirefly:Teleport"],"picked":"thefirefly:Flight","floor":27},{"not_picked":["thefirefly:DataMiner","thefirefly:EMP","thefirefly:Flight+1"],"picked":"thefirefly:StoredPower+1","floor":28},{"not_picked":["thefirefly:FullProjection+1","thefirefly:SteadyAim","thefirefly:Flight+1"],"picked":"thefirefly:Pacify+1","floor":30},{"not_picked":["thefirefly:SoulStrike","thefirefly:StarCinder","thefirefly:Distort"],"picked":"thefirefly:RecollectionSubroutine","floor":31},{"not_picked":["thefirefly:Kugelblitz","thefirefly:Unweft","thefirefly:BreachMissile"],"picked":"thefirefly:CreateClone","floor":33},{"not_picked":["thefirefly:Reposition","thefirefly:StarCinder","thefirefly:Flight+1"],"picked":"thefirefly:LaserMail+1","floor":35},{"not_picked":["thefirefly:CoveringFire+1","thefirefly:ShieldArray","thefirefly:Pacify"],"picked":"thefirefly:Boost+1","floor":37},{"not_picked":["thefirefly:RollBack","thefirefly:Preload+1","thefirefly:SteadyAim+1"],"picked":"thefirefly:ErraticMotions","floor":39},{"not_picked":["thefirefly:Flight","thefirefly:Distort","thefirefly:ChargedLaser"],"picked":"thefirefly:Quine+1","floor":40},{"not_picked":["thefirefly:ErraticMotions","thefirefly:InterceptingShot+1","thefirefly:ArtillleryBeam"],"picked":"thefirefly:QuantumTunneling+1","floor":41},{"not_picked":["thefirefly:AccountUncertainty+1","thefirefly:RecollectionSubroutine","thefirefly:StoredPower"],"picked":"thefirefly:Regeneration","floor":42},{"not_picked":["thefirefly:Distort","thefirefly:Preload","thefirefly:ShieldArray"],"picked":"thefirefly:QuantumTunneling","floor":45},{"not_picked":["thefirefly:StoredPower+1","thefirefly:Ruminate+1","thefirefly:DataMiner+1"],"picked":"thefirefly:ErraticMotions+1","floor":46},{"not_picked":["thefirefly:EvasiveManeuver+1","thefirefly:Flight","thefirefly:Distort+1"],"picked":"thefirefly:QuantumTunneling","floor":47},{"not_picked":["thefirefly:ReverseEngine+1","thefirefly:Boost","thefirefly:NebulaVeil"],"picked":"thefirefly:Teleport+1","floor":48},{"not_picked":["thefirefly:PotentAmmunition+1","thefirefly:Bombardment","thefirefly:Teleport"],"picked":"thefirefly:HyperFocus+1","floor":54}],"player_experience":487466,"relics_obtained":[{"floor":6,"key":"PreservedInsect"},{"floor":9,"key":"infinitespire:ShieldingShard"},{"floor":10,"key":"Bird Faced Urn"},{"floor":15,"key":"Blood Vial"},{"floor":23,"key":"Garlic"},{"floor":25,"key":"MealTicket"},{"floor":26,"key":"Pen Nib"},{"floor":28,"key":"reliquary:TatteredRug"},{"floor":31,"key":"Bag of Preparation"},{"floor":40,"key":"Runesmith:Nanobots"},{"floor":43,"key":"StuffTheSpire:MayFlowers"},{"floor":44,"key":"qcfpunch:Black_Training_Shirt"},{"floor":46,"key":"qcfpunch:Red_Beret"},{"floor":48,"key":"reliquary:RoseTintedGlasses"},{"floor":54,"key":"ShockBauble"}],"event_choices":[{"damage_healed":0,"gold_gain":275,"player_choice":"Desecrate","damage_taken":0,"max_hp_gain":0,"max_hp_loss":0,"event_name":"Golden Shrine","floor":2,"gold_loss":0,"cards_obtained":["Regret"]},{"damage_healed":0,"gold_gain":432,"player_choice":"RE GO GO GO GO ","damage_taken":43,"relics_obtained":["infinitespire:Beetle Shell"],"max_hp_gain":0,"max_hp_loss":0,"event_name":"betterSkull:BetterSkull","floor":4,"gold_loss":0,"cards_upgraded":[]},{"damage_healed":0,"gold_gain":0,"player_choice":"Upgraded","damage_taken":0,"max_hp_gain":0,"max_hp_loss":0,"event_name":"Upgrade Shrine","floor":29,"gold_loss":0,"cards_upgraded":["thefirefly:LaserMail"]},{"cards_removed":["thefirefly:Strike"],"damage_healed":0,"gold_gain":0,"player_choice":"Removed Attack","damage_taken":0,"max_hp_gain":0,"max_hp_loss":0,"event_name":"Falling","floor":36,"gold_loss":0},{"damage_healed":0,"gold_gain":0,"player_choice":"Ignored","damage_taken":0,"max_hp_gain":0,"max_hp_loss":0,"event_name":"Tomb of Lord Red Mask","floor":38,"gold_loss":0}],"is_beta":false,"boss_relics":[{"not_picked":["Runic Pyramid","CosmicIsotope"],"picked":"Honey Jar"},{"not_picked":["Empty Cage","conspire:RoyalGoblet"],"picked":"sagemod:Falmels_Amulet"}],"items_purged_floors":[22],"is_endless":false,"potions_floor_spawned":[5,7,11,16,20,21,25,28,37,41,42,45,48,54],"ascension_level":0}}