{"host":"ziko4uwynam20dv9","time":1613404294,"event":{"mods":["Aspiration","BaseMod","BetterRewards","Downfall","Hubris","Infinite Spire","Minty Spire (QoL Compilation)","Remilia??????","Replay The Spire","Shop Mod","StSLib","The Animator","The Jungle"],"gold_per_floor":[116,126,126,126,126,161,161,126,153,56,56,71,71,86,86,215,315,330,330,330,330,255,255,288,288,288,288,288],"floor_reached":27,"language":"FRA","playtime":638,"items_purged":["Injury"],"score":439,"play_id":"09128b63-8cfd-47f5-9748-9a80f749fc7d","local_time":"20210215165134","is_ascension_mode":true,"campfire_choices":[{"floor":7,"key":"REST"},{"floor":15,"key":"REST"},{"data":"Zap","floor":23,"key":"SMITH"},{"floor":25,"key":"REST"}],"circlet_count":0,"master_deck":["Strike_B","Strike_B+1","Strike_B","Defend_B","Defend_B","Defend_B+1","Defend_B","Zap+1","Dualcast","Ball Lightning","Barrage","Sunder","Lockon","Sweeping Beam+1","Doom and Gloom","CommonCold","Hello World+1","Reinforced Body","Loop+1","Hologram","Core Surge","BootSequence","aspiration:Polymerization","Aggregate"],"relics":["Cracked Core","Prayer Wheel","OrangePellets","Golden Idol","hubris:BundleOfHerbs","Happy Flower","ReplayTheSpireMod:CursedCoin","Frozen Egg 2","Replay:Wanted Poster","Omamori"],"acts_visited":["Exordium","Exordium"],"potions_floor_usage":[],"damage_taken":[{"damage":2,"enemies":"2 Louse","floor":1,"turns":3},{"damage":2,"enemies":"Jaw Worm","floor":2,"turns":4},{"damage":22,"enemies":"Lagavulin","floor":6,"turns":5},{"damage":0,"enemies":"Small Slimes","floor":12,"turns":2},{"damage":11,"enemies":"Looter","floor":14,"turns":2},{"damage":10,"enemies":"Slime Boss","floor":16,"turns":6},{"damage":11,"enemies":"theJungle:MUSHROOMGANG","floor":18,"turns":5},{"damage":57,"enemies":"theJungle:Cassacara","floor":24,"turns":7},{"damage":35,"enemies":"theJungle:Flameango_and_Byrd","floor":27,"turns":2}],"seed_played":"-6279881482690083137","potions_obtained":[{"floor":6,"key":"Flashbang"},{"floor":16,"key":"BlessingOfTheForge"}],"is_trial":false,"path_per_floor":["M","M","?","?","?","E","R","?","T","$","$","M","$","M","R","B",null,"M","?","?","?","$","R","E","R","T","M"],"character_chosen":"DEFECT","items_purchased":["OrangePellets","ReplayTheSpireMod:CursedCoin","Frozen Egg 2"],"campfire_rested":3,"item_purchase_floors":[0,10,10],"current_hp_per_floor":[48,46,31,31,31,9,31,49,49,49,49,49,49,38,60,50,69,58,58,58,58,58,58,1,23,23,0,0],"gold":288,"neow_bonus":"","is_daily":false,"chose_seed":false,"campfire_upgraded":1,"win_rate":0.0,"timestamp":1613404294,"path_taken":["M","M","?","?","?","E","R","?","T","?","$","M","$","?","R","BOSS","M","?","?","?","$","R","E","R","T","?"],"items_purchased_type":["Relic","Relic","Relic"],"build_version":"2020-12-22","purchased_purges":1,"victory":false,"max_hp_per_floor":[75,75,75,75,75,75,75,75,75,75,75,75,75,75,75,75,75,75,75,75,75,75,75,75,75,75,75,75],"card_choices":[{"not_picked":["Cold Snap","ReplaySolidLightProjector"],"picked":"Ball Lightning","floor":1},{"not_picked":["Streamline","Sweeping Beam"],"picked":"Barrage","floor":1},{"not_picked":["Ball Lightning","Streamline"],"picked":"Sunder","floor":2},{"not_picked":["ReplaySort","Panic Button"],"picked":"Lockon","floor":2},{"not_picked":["BasicCrystalCard","Barrage"],"picked":"Doom and Gloom","floor":6},{"not_picked":["Beam Cell","Gash"],"picked":"Hello World+1","floor":12},{"not_picked":["Coolheaded","Auto Shields"],"picked":"Reinforced Body","floor":12},{"not_picked":["Beam Cell","Static Discharge+1"],"picked":"Loop+1","floor":14},{"not_picked":["Compile Driver","BasicCrystalCard"],"picked":"Hologram","floor":14},{"not_picked":["hubris:SpecializedCircuitry+1","Biased Cognition+1"],"picked":"Core Surge","floor":16},{"not_picked":["Recycle+1","Conserve Battery"],"picked":"BootSequence","floor":18},{"not_picked":["BasicCrystalCard","Sweeping Beam","Reinforced Body"],"picked":"SKIP","floor":18},{"not_picked":["Rebound","Fusion"],"picked":"Aggregate","floor":24}],"player_experience":1013087,"relics_obtained":[{"floor":6,"key":"hubris:BundleOfHerbs"},{"floor":9,"key":"Happy Flower"},{"floor":24,"key":"Omamori"}],"event_choices":[{"damage_healed":0,"gold_gain":0,"player_choice":"Entered Light","damage_taken":15,"max_hp_gain":0,"max_hp_loss":0,"event_name":"Shining Light","floor":3,"gold_loss":0,"cards_upgraded":["Defend_B","Strike_B"]},{"damage_healed":0,"gold_gain":0,"player_choice":"Take Wound","damage_taken":0,"relics_obtained":["Golden Idol"],"max_hp_gain":0,"max_hp_loss":0,"event_name":"Golden Idol","floor":4,"gold_loss":0,"cards_obtained":["Injury"]},{"damage_healed":18,"gold_gain":0,"player_choice":"Healed","damage_taken":0,"max_hp_gain":0,"max_hp_loss":0,"event_name":"The Cleric","floor":8,"gold_loss":35},{"damage_healed":0,"gold_gain":0,"player_choice":"1 cards matched","damage_taken":0,"max_hp_gain":0,"max_hp_loss":0,"event_name":"Match and Keep!","floor":21,"gold_loss":0,"cards_obtained":["aspiration:Polymerization"]}],"is_beta":false,"boss_relics":[{"not_picked":["hubris:HollowSoul","Fusion Hammer"],"picked":"Replay:Wanted Poster"}],"items_purged_floors":[22],"is_endless":false,"potions_floor_spawned":[6,16],"killed_by":"theJungle:Flameango_and_Byrd","ascension_level":7}}