{"host":"w14xfy17z3c5mpoi","time":1613355997,"event":{"mods":["AchievementEnabler","BaseMod","Minty Spire (QoL Compilation)","Relic Stats"],"gold_per_floor":[113,125,142,142,163,201,220,263,289,333,357,357,388,407,407,528,528,553,573,419,432,432,432,4,4,4,4,4,23,49,49,49,149,149,169,169,24,37,37,66,66,96,96,96,96],"floor_reached":44,"language":"ENG","playtime":2767,"items_purged":["Strike_P","Shame"],"score":868,"play_id":"47dcc42c-3ee6-4bdc-97c2-c488262eb96e","local_time":"20210214212637","is_ascension_mode":true,"campfire_choices":[{"data":"TalkToTheHand","floor":12,"key":"SMITH"},{"data":"Wallop","floor":15,"key":"SMITH"},{"data":"MentalFortress","floor":23,"key":"SMITH"},{"data":"TalkToTheHand","floor":25,"key":"SMITH"},{"floor":32,"key":"DIG"},{"floor":41,"key":"REST"}],"circlet_count":0,"master_deck":["Strike_P","Strike_P","Strike_P","Defend_P+1","Defend_P+1","Eruption","Vigilance","Conclude","InnerPeace","Vengeance","Consecrate","TalkToTheHand+1","WheelKick","JustLucky","WaveOfTheHand","Wallop+1","Vault","MentalFortress+1","BowlingBash","TalkToTheHand+1","WheelKick","DevaForm","TalkToTheHand","EmptyFist"],"relics":["Snecko Eye","Bloody Idol","Blood Vial","Bottled Flame","War Paint","MealTicket","Art of War","Empty Cage","Smiling Mask","Ornamental Fan","Letter Opener","Shovel","GoldenEye","Black Star","Membership Card","Bag of Preparation","Unceasing Top","Omamori","Toy Ornithopter","Pantograph"],"acts_visited":["Exordium","TheCity","TheBeyond"],"potions_floor_usage":[10,13,21,33,39,40,40,42],"damage_taken":[{"damage":7,"enemies":"Jaw Worm","floor":1,"turns":3},{"damage":0,"enemies":"2 Louse","floor":2,"turns":1},{"damage":0,"enemies":"Small Slimes","floor":3,"turns":2},{"damage":3,"enemies":"Looter","floor":5,"turns":3},{"damage":0,"enemies":"Lagavulin","floor":6,"turns":3},{"damage":0,"enemies":"3 Louse","floor":7,"turns":1},{"damage":10,"enemies":"3 Sentries","floor":8,"turns":3},{"damage":0,"enemies":"Lagavulin","floor":10,"turns":4},{"damage":2,"enemies":"Exordium Thugs","floor":11,"turns":3},{"damage":0,"enemies":"3 Sentries","floor":13,"turns":2},{"damage":0,"enemies":"2 Fungi Beasts","floor":14,"turns":2},{"damage":0,"enemies":"The Guardian","floor":16,"turns":8},{"damage":12,"enemies":"3 Byrds","floor":18,"turns":6},{"damage":0,"enemies":"Spheric Guardian","floor":19,"turns":2},{"damage":7,"enemies":"3 Cultists","floor":21,"turns":5},{"damage":0,"enemies":"Chosen and Byrds","floor":29,"turns":4},{"damage":4,"enemies":"Slavers","floor":30,"turns":4},{"damage":10,"enemies":"Collector","floor":33,"turns":5},{"damage":2,"enemies":"Orb Walker","floor":35,"turns":3},{"damage":23,"enemies":"3 Shapes","floor":38,"turns":4},{"damage":0,"enemies":"3 Darklings","floor":39,"turns":1},{"damage":52,"enemies":"Reptomancer","floor":40,"turns":6},{"damage":15,"enemies":"Giant Head","floor":42,"turns":7},{"damage":29,"enemies":"Nemesis","floor":44,"turns":5}],"seed_played":"2459575249368610973","potions_obtained":[{"floor":2,"key":"BlessingOfTheForge"},{"floor":5,"key":"Fire Potion"},{"floor":6,"key":"SmokeBomb"},{"floor":10,"key":"SpeedPotion"},{"floor":14,"key":"Dexterity Potion"},{"floor":19,"key":"BottledMiracle"},{"floor":30,"key":"SpeedPotion"},{"floor":33,"key":"SkillPotion"},{"floor":40,"key":"ColorlessPotion"}],"is_trial":false,"path_per_floor":["M","M","M","?","M","E","M","E","T","E","M","R","E","M","R","B",null,"M","M","$","M","?","R","$","R","T","?","?","M","E","?","R","B",null,"M","?","$","M","M","E","R","E","T","E"],"character_chosen":"WATCHER","items_purchased":["MentalFortress","TalkToTheHand","FlurryOfBlows","Ornamental Fan","Membership Card"],"campfire_rested":1,"item_purchase_floors":[20,24,24,24,37],"current_hp_per_floor":[58,58,58,58,55,55,57,49,49,51,51,51,53,55,55,57,65,55,57,67,60,60,60,67,67,67,67,67,67,67,67,67,62,66,67,67,67,49,51,6,26,18,18,0,0],"gold":96,"neow_bonus":"BOSS_RELIC","is_daily":false,"chose_seed":false,"campfire_upgraded":4,"win_rate":0.0,"timestamp":1613355997,"path_taken":["M","M","M","?","M","E","M","E","T","E","M","R","E","M","R","BOSS","M","M","$","M","?","R","$","R","T","?","?","M","E","?","R","BOSS","M","?","$","M","M","E","R","E","T","E"],"items_purchased_type":["Card","Card","Card","Relic","Relic"],"build_version":"2020-12-22","purchased_purges":2,"victory":false,"max_hp_per_floor":[72,72,72,67,67,67,67,67,67,67,67,67,67,67,67,67,67,67,67,67,67,67,67,67,67,67,67,67,67,67,67,67,67,67,67,67,67,67,67,67,67,67,67,67,67],"relic_stats":{"counters":[24,87],"Bag of Preparation":[4],"Letter Opener":[36],"War Paint":["Defend_P","Defend_P"],"Smiling Mask":50,"GoldenEye":[9],"Blood Vial":27,"Shovel":1,"Ornamental Fan":[108],"Bloody Idol":26,"Pantograph":0,"Snecko Eye":[201,169,160,177],"MealTicket":17,"Art of War":[1],"Black Star":2,"obtain_stats":[{"Golden Idol":4,"Bag of Preparation":40,"Omamori":42,"Letter Opener":26,"War Paint":9,"Empty Cage":17,"Smiling Mask":22,"GoldenEye":32,"Blood Vial":6,"Bottled Flame":8,"Shovel":30,"Ornamental Fan":24,"Bloody Idol":28,"Pantograph":43,"Snecko Eye":0,"MealTicket":10,"Art of War":13,"Black Star":34,"Membership Card":37,"PureWater":0,"Unceasing Top":40,"Toy Ornithopter":42},{"Golden Idol":3,"Bag of Preparation":22,"Omamori":23,"Letter Opener":15,"War Paint":7,"Empty Cage":12,"Smiling Mask":15,"GoldenEye":17,"Blood Vial":5,"Bottled Flame":7,"Shovel":17,"Ornamental Fan":15,"Bloody Idol":15,"Pantograph":23,"Snecko Eye":0,"MealTicket":8,"Art of War":10,"Black Star":18,"Membership Card":19,"PureWater":0,"Unceasing Top":22,"Toy Ornithopter":23},{"Golden Idol":6,"Bag of Preparation":75,"Omamori":82,"Letter Opener":48,"War Paint":16,"Empty Cage":35,"Smiling Mask":48,"GoldenEye":56,"Blood Vial":12,"Bottled Flame":16,"Shovel":56,"Ornamental Fan":48,"Bloody Idol":48,"Pantograph":82,"Snecko Eye":0,"MealTicket":20,"Art of War":25,"Black Star":61,"Membership Card":64,"PureWater":0,"Unceasing Top":75,"Toy Ornithopter":82}],"Unceasing Top":[2],"Toy Ornithopter":0},"card_choices":[{"not_picked":["Prostrate","FlurryOfBlows"],"picked":"Conclude","floor":1},{"not_picked":["Crescendo","Halt"],"picked":"InnerPeace","floor":2},{"not_picked":["EmptyBody","Crescendo"],"picked":"Vengeance","floor":3},{"not_picked":["Fasting2","Indignation"],"picked":"Consecrate","floor":5},{"not_picked":["Study","Collect"],"picked":"TalkToTheHand","floor":6},{"not_picked":["FlurryOfBlows","Evaluate","FlyingSleeves"],"picked":"SKIP","floor":7},{"not_picked":["ForeignInfluence","Alpha","ThirdEye"],"picked":"SKIP","floor":8},{"not_picked":["ThirdEye","LikeWater"],"picked":"WheelKick","floor":10},{"not_picked":["EmptyBody","SignatureMove"],"picked":"JustLucky","floor":11},{"not_picked":["PathToVictory","Consecrate"],"picked":"WaveOfTheHand","floor":13},{"not_picked":["Halt","PathToVictory"],"picked":"Wallop","floor":14},{"not_picked":["Blasphemy","Establishment"],"picked":"Vault","floor":16},{"not_picked":["Weave","ThirdEye","Pray"],"picked":"SKIP","floor":18},{"not_picked":["ThirdEye","CarveReality","SashWhip+1"],"picked":"SKIP","floor":19},{"not_picked":["PathToVictory+1","CarveReality"],"picked":"BowlingBash","floor":21},{"not_picked":["Wallop","Perseverance"],"picked":"WheelKick","floor":29},{"not_picked":["WindmillStrike","Collect","Establishment"],"picked":"SKIP","floor":30},{"not_picked":["Brilliance","Judgement"],"picked":"DevaForm","floor":33},{"not_picked":["FollowUp+1","Crescendo+1"],"picked":"TalkToTheHand","floor":35},{"not_picked":["FlurryOfBlows","SandsOfTime+1","CutThroughFate+1"],"picked":"SKIP","floor":38},{"not_picked":["Halt","InnerPeace+1"],"picked":"EmptyFist","floor":40},{"not_picked":["Crescendo","TalkToTheHand","Worship"],"picked":"SKIP","floor":42}],"player_experience":659116,"relics_obtained":[{"floor":6,"key":"Blood Vial"},{"floor":8,"key":"Bottled Flame"},{"floor":9,"key":"War Paint"},{"floor":10,"key":"MealTicket"},{"floor":13,"key":"Art of War"},{"floor":26,"key":"Letter Opener"},{"floor":30,"key":"Shovel"},{"floor":32,"key":"GoldenEye"},{"floor":40,"key":"Bag of Preparation"},{"floor":40,"key":"Unceasing Top"},{"floor":42,"key":"Omamori"},{"floor":42,"key":"Toy Ornithopter"},{"floor":43,"key":"Pantograph"}],"event_choices":[{"damage_healed":0,"gold_gain":0,"player_choice":"Lose Max HP","damage_taken":0,"relics_obtained":["Golden Idol"],"max_hp_gain":0,"max_hp_loss":5,"event_name":"Golden Idol","floor":4,"gold_loss":0},{"damage_healed":0,"gold_gain":0,"player_choice":"Stole Relic","damage_taken":0,"relics_obtained":["Smiling Mask"],"max_hp_gain":0,"max_hp_loss":0,"event_name":"Addict","floor":22,"gold_loss":0,"cards_obtained":["Shame"]},{"damage_healed":0,"gold_gain":0,"player_choice":"Ignored","damage_taken":0,"max_hp_gain":0,"max_hp_loss":0,"event_name":"Ghosts","floor":27,"gold_loss":0},{"damage_healed":0,"gold_gain":0,"player_choice":"Gave Idol","damage_taken":0,"relics_obtained":["Bloody Idol"],"max_hp_gain":0,"max_hp_loss":0,"event_name":"Forgotten Altar","floor":28,"relics_lost":["Golden Idol"],"gold_loss":0},{"cards_removed":["FlurryOfBlows"],"damage_healed":5,"gold_gain":0,"player_choice":"Offered Common","damage_taken":0,"max_hp_gain":0,"max_hp_loss":0,"event_name":"Bonfire Elementals","floor":31,"gold_loss":0},{"cards_removed":["FlurryOfBlows"],"damage_healed":5,"gold_gain":0,"player_choice":"Offered Special","damage_taken":0,"max_hp_gain":0,"max_hp_loss":0,"event_name":"Bonfire Elementals","floor":31,"gold_loss":0},{"damage_healed":0,"gold_gain":0,"player_choice":"Memory 1","damage_taken":0,"max_hp_gain":0,"max_hp_loss":0,"event_name":"SensoryStone","floor":36,"gold_loss":0}],"is_beta":false,"boss_relics":[{"not_picked":["Velvet Choker","Coffee Dripper"],"picked":"Empty Cage"},{"not_picked":["Runic Dome","Cursed Key"],"picked":"Black Star"}],"items_purged_floors":[20,24],"is_endless":false,"potions_floor_spawned":[2,5,6,10,11,14,19,30,33,35,40],"killed_by":"Nemesis","ascension_level":7}}