{"host":"43wsnxh97mgjl5zw","time":1613408977,"event":{"mods":["Aspiration","BaseMod","Colored Map","Colored Powertips","Downfall","Hubris","Minty Spire (QoL Compilation)","Quick Restart","Rare Cards Sparkle","Relic Sorter","Replay The Spire","StSLib"],"gold_per_floor":[159,118,172,97,109,119,119,144,168,168,168,30,63,73,106,106,183,183,202,202,231,76,92,92,92],"floor_reached":23,"language":"ENG","playtime":965,"items_purged":["Strike_R"],"score":414,"play_id":"d229c97e-66b9-4141-92b9-bdb3650dc06a","local_time":"20210215190937","is_ascension_mode":true,"campfire_choices":[{"data":"Whirlwind","floor":6.0,"key":"SMITH"},{"data":"Panacea","floor":15.0,"key":"SMITH"}],"circlet_count":0,"master_deck":["AscendersBane","Strike_R","Strike_R","Strike_R","Defend_R","Defend_R","Defend_R","Defend_R","Bash","Whirlwind+1","Clothesline","Pummel","Headbutt","Secret Technique","Panacea+1","hubris:EnhanceAbility","Shrug It Off","Inflame+1","Metallicize"],"relics":["Burning Blood","NeowsBlessing","Bronze Scales","Singing Bowl","hubris:TenFootPole","ReplayTheSpireMod:Ninjato","hubris:Towel","ReplayTheSpireMod:ShopPack","FossilizedHelix","Mummified Hand","ReplayTheSpireMod:DimensionalGlitch","hubris:BottledHeart","Red Mask"],"acts_visited":["Exordium","TheCity"],"potions_floor_usage":[23],"damage_taken":[{"damage":0.0,"enemies":"Cultist","floor":1.0,"turns":1.0},{"damage":0.0,"enemies":"2 Louse","floor":4.0,"turns":1.0},{"damage":0.0,"enemies":"Jaw Worm","floor":5.0,"turns":1.0},{"damage":25.0,"enemies":"Lagavulin","floor":7.0,"turns":5.0},{"damage":20.0,"enemies":"Gremlin Nob","floor":12.0,"turns":4.0},{"damage":0.0,"enemies":"2 Fungi Beasts","floor":13.0,"turns":2.0},{"damage":22.0,"enemies":"Lagavulin","floor":14.0,"turns":8.0},{"damage":24.0,"enemies":"The Guardian","floor":16.0,"turns":16.0},{"damage":10.0,"enemies":"Shell Parasite","floor":18.0,"turns":6.0},{"damage":0.0,"enemies":"Masked Bandits","floor":20.0,"turns":3.0},{"damage":0.0,"enemies":"Spheric Guardian","floor":22.0,"turns":6.0},{"damage":0,"enemies":"Gremlin Leader","floor":23,"turns":4}],"seed_played":"-5463786075003921042","potions_obtained":[{"floor":5.0,"key":"SkillPotion"},{"floor":12.0,"key":"SteroidPotion"},{"floor":13.0,"key":"BloodPotion"},{"floor":14.0,"key":"BloodPotion"}],"is_trial":false,"path_per_floor":["M","T","?","M","M","R","E","T","T","?","$","E","M","E","R","B",null,"M","?","?","$","M","E"],"character_chosen":"IRONCLAD","items_purchased":["ReplayTheSpireMod:ShopPack","Metallicize"],"campfire_rested":0,"item_purchase_floors":[11,21],"current_hp_per_floor":[4,74,74,74,75,75,75,56,56,56,56,56,44,50,36,36,20,66,59,1,1,1,1,1,1],"gold":92,"neow_bonus":"THREE_ENEMY_KILL","is_daily":false,"chose_seed":false,"campfire_upgraded":2,"win_rate":0.0,"timestamp":1613408977,"path_taken":["M","?","?","M","M","R","E","?","T","?","$","E","M","E","R","BOSS","M","?","?","$","M","E"],"items_purchased_type":["Relic","Card"],"build_version":"2020-12-22","purchased_purges":1,"victory":false,"max_hp_per_floor":[99,75,75,75,75,75,75,75,75,75,75,75,77,77,79,79,81,81,81,1,1,1,1,1,1],"card_choices":[{"not_picked":["Warcry","Reckless Charge"],"picked":"Whirlwind","floor":1.0},{"not_picked":["Body Slam","ReplayTheSpireMod:Strike From Hell"],"picked":"Clothesline","floor":4.0},{"not_picked":["Entrench","Flex"],"picked":"Pummel","floor":5.0},{"not_picked":["ReplayTheSpireMod:Strike From Hell","Warcry"],"picked":"Headbutt","floor":7.0},{"not_picked":["Midas Touch","Transmutation"],"picked":"Secret Technique","floor":11.0},{"not_picked":["Blind","Forethought"],"picked":"Panacea","floor":11.0},{"not_picked":["Specialist","Master of Strategy"],"picked":"hubris:EnhanceAbility","floor":11.0},{"not_picked":["Body Slam","Eclipse","Headbutt"],"picked":"Singing Bowl","floor":12.0},{"not_picked":["Hemokinesis","Clothesline"],"picked":"Shrug It Off","floor":13.0},{"not_picked":["Second Wind","Brutality","Intimidate"],"picked":"Singing Bowl","floor":14.0},{"not_picked":["Immolate","Reaper","Exhume"],"picked":"Singing Bowl","floor":16.0},{"not_picked":["Headbutt","Pummel"],"picked":"Inflame+1","floor":18.0},{"not_picked":["Clothesline","Searing Blow","Sever Soul"],"picked":"Singing Bowl","floor":20.0},{"not_picked":["Wild Strike+1","Cleave+1","Seeing Red"],"picked":"Singing Bowl","floor":22.0}],"player_experience":1246203,"relics_obtained":[{"floor":2.0,"key":"Bronze Scales"},{"floor":7.0,"key":"Singing Bowl"},{"floor":8.0,"key":"hubris:TenFootPole"},{"floor":9.0,"key":"ReplayTheSpireMod:Ninjato"},{"floor":12.0,"key":"FossilizedHelix"},{"floor":14.0,"key":"Mummified Hand"},{"floor":20.0,"key":"Red Mask"}],"event_choices":[{"cards_removed":["Strike_R"],"damage_healed":0.0,"max_hp_gain":0.0,"max_hp_loss":0.0,"gold_gain":0.0,"event_name":"The Cleric","player_choice":"Card Removal","floor":3.0,"gold_loss":75.0,"damage_taken":0.0},{"damage_healed":0.0,"max_hp_gain":0.0,"max_hp_loss":0.0,"gold_gain":0.0,"event_name":"Masked Bandits","player_choice":"Fought Bandits","floor":20.0,"gold_loss":0.0,"damage_taken":0.0}],"is_beta":false,"boss_relics":[{"not_picked":["Replay:Ancient Bell","Abe\u0027s Treasure"],"picked":"ReplayTheSpireMod:DimensionalGlitch"}],"items_purged_floors":[21],"is_endless":false,"potions_floor_spawned":[5,12,13,14,20],"killed_by":"Gremlin Leader","ascension_level":20}}