{"host":"9jojwlkiolcvds8e","time":1613404002,"event":{"mods":["ATMod(阿瑾Mod)","Act Like it!","BaseMod","Better Vampires","Colored Powertips","Gensokyo","Hallownest","Jedi Mod","Lobotomy","Minty Spire (QoL Compilation)","MostiFishMod","Pale of the Ancients","Prisma Mod","Quick Restart","Replay The Spire","Shop Mod","StSLib","TestMod","Waifu the Spire","WarShipGirlsR/战舰少女R mod","Yakumo Yukari mod","Youmu（魂魄妖梦）","【遗物卡牌】REMEMod","篝火指南"],"gold_per_floor":[113,37,49,68,281,306,331,343,343,343,343,343,375,389,389,485,485,498,511,526,540,556,581,394,422,447,447,466,480,514,532,532,635,635,653,653,568,582,582,608,508,524,596,596,630,649,679,255,255,255,272,292,292,35,35,45,45,126,126,126],"floor_reached":61,"language":"ZHS","playtime":3594,"items_purged":["Strike_R","REME_Scribble","ReplayTheSpireMod:LeadingStrike"],"score":1887,"play_id":"4e9bb96d-ceef-45c8-8ec8-7b3c20cbcea1","local_time":"20210215234642","is_ascension_mode":false,"campfire_choices":[{"data":"Barricade","floor":11.0,"key":"SMITH"},{"data":"Twilight","floor":15.0,"key":"SMITH"},{"data":"True Grit","floor":32.0,"key":"SMITH"},{"data":"MostiFishMod:RacingGame","floor":44,"key":"SMITH"},{"floor":49,"key":"RECALL"},{"data":"MostiFishMod:KnuckleDown","floor":55,"key":"SMITH"},{"data":"AT_EssenceShift","floor":57,"key":"SMITH"}],"circlet_count":0,"master_deck":["Defend_R","Defend_R","Defend_R","Defend_R","Bash","Twilight+1","AT_EssenceShift+1","Disarm","AT_ShrugMaster","Flex","Barricade+1","AT_BodySlamDance","AT_DrawKnifeCut","MostiFishMod:CullingBlade+1","Evolve","MostiFishMod:KnuckleDown+1","True Grit+1","Armaments+1","Flame Barrier","Metallicize","Headbutt","AT_IchimonjiDouble+1","Inflame+1","MostiFishMod:RacingGame+1","MostiFishMod:EE1D","MostiFishMod:EE1D","MostiFishMod:EE1D","Body Slam","Hallownest:skillKingdomsEdgeMap","Flame Barrier+1","Shrug It Off+1","Shrug It Off+1","AT_BodySlamDance+1"],"relics":["Burning Blood","testmod-TestBox","DaveBox","AT_ATBox","REME_ComplimentaryCards","DianDianMeat","testmod-Muramasa","ReplayTheSpireMod:TigerMarble","SynthV:TestCard","Omamori","AT_SeraphEmbrace","AT_ChloranthyRing","InkBottle","Ring of Panic","Ring of Fury","ImprovedEquipment","Replay:Grab Bag","Sozu","Coffee Dripper","testmod-GoldenSoul","REME_PuzzleBoxRelic","Replay:Baseball","Thread and Needle","EE1DDrone","Hallownest:BeastSealRelic","Art of War","Divine Protection","REME_LimitBreaker","Nunchaku","testmod-Register","jedi:shrinkray","paleoftheancients:Timepiece","paleoftheancients:KeyRelic","Bronze Scales","CultistMask","paleoftheancients:SoulOfTheSilent","jedi:heavyjacket","Pantograph"],"acts_visited":["Gensokyo:Gensokyo","TheCity","Hallownest:KingdomsEdge","paleoftheancients:PaleOfTheAncients"],"potions_floor_usage":[],"damage_taken":[{"damage":0.0,"enemies":"Gensokyo:Python","floor":1.0,"turns":2.0},{"damage":0.0,"enemies":"Gensokyo:3_Fairies","floor":3.0,"turns":3.0},{"damage":1.0,"enemies":"Gensokyo:2_Kodama","floor":4.0,"turns":5.0},{"damage":11.0,"enemies":"Gensokyo:2_Rabbits","floor":5.0,"turns":6.0},{"damage":4.0,"enemies":"Gensokyo:Mamizou","floor":6.0,"turns":8.0},{"damage":9.0,"enemies":"Gensokyo:3_Kodama","floor":8.0,"turns":6.0},{"damage":0.0,"enemies":"Gensokyo:Cirno","floor":13.0,"turns":6.0},{"damage":0.0,"enemies":"Gensokyo:CorruptedTreant","floor":14.0,"turns":3.0},{"damage":2.0,"enemies":"Gensokyo:Reimu","floor":16.0,"turns":3.0},{"damage":2.0,"enemies":"3 Byrds","floor":18.0,"turns":3.0},{"damage":0.0,"enemies":"2 Thieves","floor":19.0,"turns":2.0},{"damage":0.0,"enemies":"Snecko","floor":20.0,"turns":2.0},{"damage":2.0,"enemies":"Centurion and Healer","floor":21.0,"turns":2.0},{"damage":0.0,"enemies":"Chosen and Byrds","floor":22.0,"turns":2.0},{"damage":0.0,"enemies":"REME_1_Revenger","floor":23.0,"turns":2.0},{"damage":4.0,"enemies":"Slavers","floor":25.0,"turns":2.0},{"damage":2.0,"enemies":"Snake Plant","floor":28.0,"turns":3.0},{"damage":0.0,"enemies":"Sentry and Sphere","floor":29.0,"turns":1.0},{"damage":11.0,"enemies":"REME_1_Revenger","floor":30.0,"turns":1.0},{"damage":0.0,"enemies":"Chosen and Byrds","floor":31.0,"turns":3.0},{"damage":2.0,"enemies":"Collector","floor":33.0,"turns":2.0},{"damage":2.0,"enemies":"Hallownest:2_Littles","floor":35.0,"turns":1.0},{"damage":2.0,"enemies":"Hallownest:Shield_Heavy","floor":38.0,"turns":3.0},{"damage":0.0,"enemies":"Hallownest:eliteHiveKnight","floor":40.0,"turns":2.0},{"damage":0,"enemies":"Hallownest:Xero_Hu_Marmu","floor":42,"turns":3},{"damage":0,"enemies":"Hallownest:eliteCollector","floor":45,"turns":2},{"damage":0,"enemies":"Hallownest:2_Wandering_and_1_Horned","floor":46,"turns":5},{"damage":0,"enemies":"Hallownest:StalkingDevout","floor":47,"turns":2},{"damage":0,"enemies":"Hallownest:BossHollowKnight","floor":50,"turns":2},{"damage":0,"enemies":"Hallownest:BossHollowKnight","floor":51,"turns":1},{"damage":0,"enemies":"Hallownest:BossHollowKnight","floor":52,"turns":2},{"damage":0,"enemies":"Hallownest:BossHollowKnight","floor":56,"turns":8},{"damage":0,"enemies":"paleoftheancients:N","floor":60,"turns":3}],"seed_played":"-2122434788361182029","potions_obtained":[{"floor":3.0,"key":"Dexterity Potion"},{"floor":5.0,"key":"Swift Potion"},{"floor":6.0,"key":"Block Potion"},{"floor":8.0,"key":"Milkshake"}],"is_trial":false,"path_per_floor":["M","COS","M","M","M","E","T","M","T","?","R","?","E","M","R","B",null,"M","M","M","M","M","E","$","E","T","?","M","M","E","M","R","B",null,"M","?","?","M","?","E","$","M","T","R","E","M","E","$","R","B","M","M","?","$","R","M","R","T","?","B",null],"character_chosen":"IRONCLAD","items_purchased":["Flame Barrier","Metallicize","testmod-Register","jedi:shrinkray","jedi:heavyjacket"],"campfire_rested":0,"item_purchase_floors":[24,24,48,48,54],"current_hp_per_floor":[81,86,90,95,96,105,105,110,110,110,110,64,79,95,95,112,37,51,51,64,80,95,95,128,132,132,150,171,171,169,194,194,217,286,288,313,339,341,341,368,368,396,396,396,396,425,425,425,425,425,455,455,455,455,455,455,455,455,455,455],"gold":126,"neow_bonus":"RANDOM_COMMON_RELIC","is_daily":false,"chose_seed":false,"campfire_upgraded":6,"win_rate":0.0,"timestamp":1613404002,"path_taken":["M","COS","?","M","M","E","?","?","T","?","R","?","E","M","R","BOSS","M","M","M","M","M","E","$","E","T","?","M","?","E","M","R","BOSS","M","?","?","M","?","E","?","?","T","R","E","?","E","$","R","BOSS","M","M","?","$","R","M","R","T","?","BOSS"],"items_purchased_type":["Card","Card","Relic","Relic","Relic"],"build_version":"2020-12-22","purchased_purges":3,"victory":true,"max_hp_per_floor":[81,86,90,95,101,108,108,116,116,116,116,116,125,135,135,148,37,51,51,64,80,95,95,128,132,132,150,171,171,174,194,194,217,286,288,313,339,341,341,368,368,396,396,396,396,425,425,425,425,425,455,455,455,455,455,455,455,455,455,455],"card_choices":[{"not_picked":["Clash","Fire Breathing"],"picked":"Disarm","floor":1.0},{"not_picked":["Sword Boomerang","Havoc","Heavy Blade","Power Through"],"picked":"ReplayTheSpireMod:LeadingStrike","floor":3.0},{"not_picked":["Twin Strike","Abandon","AT_IchimonjiDouble","jedi:fear"],"picked":"AT_ShrugMaster","floor":4.0},{"not_picked":["jedi:hate","Iron Wave","Heavy Blade","Entrench"],"picked":"Flex","floor":5.0},{"not_picked":["REME_TheLastStrike","ReplayReversal","ReplayTheSpireMod:Corrosion Curse","Reckless Charge"],"picked":"Barricade","floor":6.0},{"not_picked":["Clash","Clothesline","Uppercut","Dropkick"],"picked":"AT_BodySlamDance","floor":8.0},{"not_picked":["Thunderclap","Clothesline","True Grit","Bloodletting"],"picked":"AT_DrawKnifeCut","floor":13.0},{"not_picked":["Pommel Strike","Sever Soul","Thunderclap","AT_IchimonjiDouble"],"picked":"REME_Scribble","floor":14.0},{"not_picked":["MostiFishMod:NewArrival","AT_Dispersion","Demonic Infusion","Berserk"],"picked":"MostiFishMod:CullingBlade","floor":16.0},{"not_picked":["REME_FearOfPain","Battle Trance","True Grit","Shrug It Off"],"picked":"Evolve","floor":18.0},{"not_picked":["Clash","Thunderclap","AT_BodySlamDance","Dual Wield","Havoc"],"picked":"SKIP","floor":19.0},{"not_picked":["ReplayTheSpireMod:Limb From Limb+1","True Grit","Replay:Undeath\u0027s Touch","Infernal Blade+1"],"picked":"MostiFishMod:KnuckleDown","floor":20.0},{"not_picked":["Warcry+1","Dual Wield","Iron Wave","Dark Embrace"],"picked":"True Grit","floor":21.0},{"not_picked":["Replay:Undeath\u0027s Touch","Power Through","Heavy Blade","Combust"],"picked":"Armaments+1","floor":22.0},{"not_picked":["ReplayTheSpireMod:Strike From Hell","REME_FearOfPain","Heavy Blade","Disarm","jedi:fear"],"picked":"SKIP","floor":23.0},{"not_picked":["MostiFishMod:KnuckleDown","Havoc","Armaments+1","Replay:Undeath\u0027s Touch","Sword Boomerang+1"],"picked":"SKIP","floor":25.0},{"not_picked":["Blood for Blood","Iron Wave","ReplayTheSpireMod:Corrosion Curse+1","AT_BodySlamDance"],"picked":"AT_IchimonjiDouble+1","floor":28.0},{"not_picked":["ReplayTheSpireMod:Corrosion Curse+1","REME_Scribble+1","Abandon+1","Iron Wave","Warcry"],"picked":"SKIP","floor":29.0},{"not_picked":["Defy Death","ReplayTheSpireMod:Stacked","Feed","AT_CaressingTears","Ghostly Armor"],"picked":"SKIP","floor":30.0},{"not_picked":["Sever Soul+1","Iron Wave+1","jedi:MakeshiftSword","AT_IchimonjiDouble+1"],"picked":"Inflame+1","floor":31.0},{"not_picked":["MostiFishMod:ChineseTea","REME_TheLastStrike","MostiFishMod:Chiaki","AT_Dispersion"],"picked":"MostiFishMod:RacingGame","floor":33.0},{"not_picked":["ReplayTheSpireMod:LeadingStrike+1","Heavy Blade+1","AT_DrawKnifeCut+1","Defy Death","ReplayTheSpireMod:Muscle Training+1"],"picked":"SKIP","floor":35.0},{"not_picked":[],"picked":"Body Slam","floor":36.0},{"not_picked":["Dark Embrace","Run Through","Thunderclap+1","Searing Blow","Rampage+1"],"picked":"SKIP","floor":38.0},{"not_picked":["ReplayTheSpireMod:Strike From Hell+1","REME_SingleHolding+1","Offering","AT_BodySlamDance+1"],"picked":"Flame Barrier+1","floor":40.0},{"not_picked":["Fire Breathing+1","ReplayTheSpireMod:Muscle Training","Burning Pact+1","Flex+1"],"picked":"Shrug It Off+1","floor":42},{"not_picked":["AT_CaressingTears+1","MostiFishMod:BrandingRite+1","AT_DrawKnifeCut+1","ReplayTheSpireMod:Limb From Limb+1","Fire Breathing+1"],"picked":"SKIP","floor":45},{"not_picked":["Perfected Strike+1","Wild Strike+1","AT_CaressingTears+1","Cleave"],"picked":"Shrug It Off+1","floor":46},{"not_picked":["Havoc","Flame Barrier","Flex+1","Iron Wave","Cleave+1"],"picked":"SKIP","floor":47},{"not_picked":["jedi:MakeshiftSword","Sentinel+1","Warcry+1","Sword Boomerang"],"picked":"AT_BodySlamDance+1","floor":51},{"not_picked":["Burning Pact+1","MostiFishMod:ChineseTea","True Grit+1","Evolve+1","Replay:Undeath\u0027s Touch+1"],"picked":"SKIP","floor":52},{"not_picked":["Shrug It Off+1","Anger","Heavy Blade+1","Iron Wave","Replay:Undeath\u0027s Touch+1"],"picked":"SKIP","floor":56}],"player_experience":208051,"relics_obtained":[{"floor":1.0,"key":"SynthV:TestCard"},{"floor":6.0,"key":"AT_ArchangelStaff"},{"floor":7.0,"key":"AT_ChloranthyRing"},{"floor":9.0,"key":"InkBottle"},{"floor":10.0,"key":"Ring of Panic"},{"floor":10.0,"key":"Ring of Fury"},{"floor":13.0,"key":"ImprovedEquipment"},{"floor":23.0,"key":"REME_PuzzleBoxRelic"},{"floor":25.0,"key":"Replay:Baseball"},{"floor":30.0,"key":"Thread and Needle"},{"floor":40.0,"key":"Art of War"},{"floor":43,"key":"Divine Protection"},{"floor":45,"key":"REME_LimitBreaker"},{"floor":47,"key":"Nunchaku"},{"floor":51,"key":"paleoftheancients:SoulOfTheSilent"},{"floor":52,"key":"paleoftheancients:SoulOfTheIroncluck"},{"floor":56,"key":"paleoftheancients:SoulOfTheBandit"},{"floor":58,"key":"Pantograph"}],"event_choices":[{"damage_healed":0.0,"max_hp_gain":0.0,"max_hp_loss":0.0,"gold_gain":0.0,"cards_transformed":["Strike_R"],"event_name":"Transmorgrifier","player_choice":"Transformed","floor":27.0,"gold_loss":0.0,"damage_taken":0.0,"cards_obtained":["Headbutt"]},{"damage_healed":0,"gold_gain":0,"player_choice":"Ignored","damage_taken":0,"max_hp_gain":0,"max_hp_loss":0,"event_name":"给自己的盒子","floor":53,"gold_loss":0}],"is_beta":false,"boss_relics":[{"not_picked":["FixedStarFall","Empty Cage"],"picked":"Replay:Grab Bag"},{"not_picked":["Fusion Hammer","Busted Crown"],"picked":"Sozu"},{"not_picked":["SlaversCollar","jedi:hotpepper"],"picked":"Coffee Dripper"},{"not_picked":["Mark of Pain","testmod-IncinerationGenerator"],"picked":"testmod-GoldenSoul"},{"not_picked":["NightmareShop","BloodWine"],"picked":"EE1DDrone"}],"items_purged_floors":[24,41,48],"is_endless":false,"potions_floor_spawned":[3,5,6,8,13,16,20,21,23,25,29,30,42,47,52],"ascension_level":0}}