{"host":"08xvxt5w1s7zc7e5","time":1613362783,"event":{"mods":["AchievementEnabler","BaseMod","DeckTracker","Minty Spire (QoL Compilation)","Quick Restart","StSLib","SuperFastMode"],"gold_per_floor":[119,129,140,153,163,190,190,203,203,153,173,198,215,215,215,215,215],"floor_reached":16,"language":"KOR","playtime":3316,"items_purged":[],"score":143,"play_id":"9ebf8913-461a-4b6c-93b3-87892bb19e61","local_time":"20210215131943","is_ascension_mode":true,"campfire_choices":[{"data":"Neutralize","floor":7.0,"key":"SMITH"},{"floor":15,"key":"REST"}],"circlet_count":0,"master_deck":["Strike_G","Strike_G","Strike_G","Strike_G","Defend_G","Defend_G","Defend_G","Defend_G","Defend_G","Survivor","Neutralize+1","Noxious Fumes","Footwork","Poisoned Stab","Bane","Corpse Explosion","Acrobatics","Dagger Throw","Calculated Gamble","Adrenaline"],"relics":["Ring of the Snake","NeowsBlessing","Pen Nib","Ginger","Odd Mushroom","MealTicket"],"acts_visited":["Exordium"],"potions_floor_usage":[16],"damage_taken":[{"damage":0.0,"enemies":"2 Louse","floor":1.0,"turns":1.0},{"damage":0.0,"enemies":"Cultist","floor":2.0,"turns":1.0},{"damage":0.0,"enemies":"Small Slimes","floor":3.0,"turns":1.0},{"damage":0.0,"enemies":"Looter","floor":4.0,"turns":5.0},{"damage":0.0,"enemies":"3 Louse","floor":5.0,"turns":2.0},{"damage":20.0,"enemies":"Gremlin Nob","floor":6.0,"turns":4.0},{"damage":12.0,"enemies":"Exordium Thugs","floor":8.0,"turns":6.0},{"damage":4.0,"enemies":"The Mushroom Lair","floor":11.0,"turns":2.0},{"damage":22,"enemies":"3 Sentries","floor":12,"turns":3},{"damage":7,"enemies":"Exordium Wildlife","floor":13,"turns":5},{"damage":28,"enemies":"Hexaghost","floor":16,"turns":9}],"seed_played":"-10380514605256500","potions_obtained":[{"floor":3.0,"key":"Poison Potion"},{"floor":4.0,"key":"Explosive Potion"},{"floor":5.0,"key":"FearPotion"},{"floor":6.0,"key":"Weak Potion"},{"floor":12,"key":"SneckoOil"}],"is_trial":false,"path_per_floor":["M","M","M","M","M","E","R","M","T","?","?","E","M","?","R","B"],"character_chosen":"THE_SILENT","items_purchased":[],"campfire_rested":1,"item_purchase_floors":[],"current_hp_per_floor":[70,70,70,70,70,50,50,38,38,38,34,12,5,5,26,0,0],"gold":215,"neow_bonus":"THREE_ENEMY_KILL","is_daily":false,"chose_seed":false,"campfire_upgraded":1,"win_rate":0.0,"timestamp":1613362783,"path_taken":["M","M","M","M","M","E","R","M","T","?","?","E","M","?","R","BOSS"],"items_purchased_type":[],"build_version":"2020-12-22","purchased_purges":0,"victory":false,"max_hp_per_floor":[70,70,70,70,70,70,70,70,70,70,70,70,70,70,70,70,70],"card_choices":[{"not_picked":["Blade Dance","Slice","Flying Knee"],"picked":"SKIP","floor":1.0},{"not_picked":["Poisoned Stab","Outmaneuver"],"picked":"Noxious Fumes","floor":2.0},{"not_picked":["PiercingWail","Deadly Poison"],"picked":"Footwork","floor":3.0},{"not_picked":["Expertise","Sucker Punch"],"picked":"Poisoned Stab","floor":4.0},{"not_picked":["Choke","Acrobatics"],"picked":"Bane","floor":5.0},{"not_picked":["Dagger Spray","Predator"],"picked":"Corpse Explosion","floor":6.0},{"not_picked":["Deadly Poison","Underhanded Strike"],"picked":"Acrobatics","floor":8.0},{"not_picked":["Dagger Spray","Flying Knee"],"picked":"Dagger Throw","floor":11.0},{"not_picked":["Dagger Spray","Prepared","Bane"],"picked":"SKIP","floor":12},{"not_picked":["Quick Slash","Reflex"],"picked":"Calculated Gamble","floor":13}],"player_experience":373394,"relics_obtained":[{"floor":6.0,"key":"Pen Nib"},{"floor":9.0,"key":"Ginger"},{"floor":11.0,"key":"Odd Mushroom"},{"floor":12,"key":"MealTicket"}],"event_choices":[{"cards_removed":["Strike_G"],"damage_healed":0.0,"max_hp_gain":0.0,"max_hp_loss":0.0,"gold_gain":0.0,"event_name":"The Cleric","player_choice":"Card Removal","floor":10.0,"gold_loss":50.0,"damage_taken":0.0},{"damage_healed":0.0,"max_hp_gain":0.0,"max_hp_loss":0.0,"gold_gain":0.0,"event_name":"Mushrooms","player_choice":"Fought Mushrooms","floor":11.0,"gold_loss":0.0,"damage_taken":0.0},{"damage_healed":0,"gold_gain":0,"player_choice":"1 cards matched","damage_taken":0,"max_hp_gain":0,"max_hp_loss":0,"event_name":"Match and Keep!","floor":14,"gold_loss":0,"cards_obtained":["Adrenaline"]}],"is_beta":false,"boss_relics":[],"items_purged_floors":[],"is_endless":false,"potions_floor_spawned":[3,4,5,6,12],"killed_by":"Hexaghost","ascension_level":5}}