{"host":"wrdw6zkxuilnr6rg","time":1613287392,"event":{"mods":["BaseMod","Colored Powertips","Hermit","Highlight Path","Minty Spire (QoL Compilation)","Relic Stats","StSLib"],"gold_per_floor":[13,13,88,88,188,188,28,28,28,28,53,88,112,143,143,239,239,254,113,127,141,141,141,141,185,185,185,204,204,248,272,272,365,365,390,413,413,363,363,406,406,446,446,446,178,178,203,153,153,153],"floor_reached":51,"language":"ENG","playtime":2254,"items_purged":["Defend_P","Defend_P","Strike_P","Strike_P"],"score":1607,"play_id":"63ec2874-ef1d-40ce-951a-4f1c06caa0c1","local_time":"20210214102312","is_ascension_mode":true,"campfire_choices":[{"data":"MentalFortress","floor":6,"key":"SMITH"},{"data":"Fasting2","floor":8,"key":"SMITH"},{"floor":10,"key":"REST"},{"data":"Halt","floor":15,"key":"SMITH"},{"data":"Judgement","floor":24,"key":"SMITH"},{"data":"RitualDagger","floor":27,"key":"SMITH"},{"floor":32,"key":"REST"},{"data":"Ragnarok","floor":41,"key":"SMITH"},{"data":"Meditate","floor":44,"key":"SMITH"},{"data":"BowlingBash","floor":46,"key":"SMITH"},{"floor":49,"key":"REST"}],"circlet_count":0,"master_deck":["AscendersBane","Defend_P","Eruption+1","Vigilance","Fasting2+1","EmptyBody","MentalFortress+1","FlyingSleeves","Consecrate","CutThroughFate","Halt+1","Judgement+1","Finesse","RitualDagger+1","Meditate+1","EmptyFist","Ragnarok+1","WheelKick","Sanctity+1","MentalFortress+1","BowlingBash+1"],"relics":["PureWater","Golden Idol","PreservedInsect","Smiling Mask","Ice Cream","Bronze Scales","Velvet Choker","Juzu Bracelet","HornCleat","Regal Pillow","Busted Crown","Ancient Tea Set","Question Card","Blue Candle","Bottled Flame","DollysMirror"],"acts_visited":["Exordium","TheCity","TheBeyond"],"potions_floor_usage":[14,16,23,28,30,33,40,50],"damage_taken":[{"damage":0,"enemies":"Small Slimes","floor":1,"turns":4},{"damage":0,"enemies":"Cultist","floor":11,"turns":4},{"damage":0,"enemies":"Lagavulin","floor":12,"turns":3},{"damage":0,"enemies":"Jaw Worm","floor":13,"turns":3},{"damage":0,"enemies":"3 Sentries","floor":14,"turns":3},{"damage":35,"enemies":"The Guardian","floor":16,"turns":6},{"damage":0,"enemies":"Shell Parasite","floor":18,"turns":5},{"damage":0,"enemies":"3 Byrds","floor":20,"turns":3},{"damage":0,"enemies":"Sentry and Sphere","floor":21,"turns":3},{"damage":0,"enemies":"Slavers","floor":23,"turns":1},{"damage":14,"enemies":"Book of Stabbing","floor":25,"turns":4},{"damage":17,"enemies":"Centurion and Healer","floor":28,"turns":5},{"damage":0,"enemies":"Gremlin Leader","floor":30,"turns":4},{"damage":0,"enemies":"3 Cultists","floor":31,"turns":4},{"damage":39,"enemies":"Collector","floor":33,"turns":9},{"damage":5,"enemies":"3 Shapes","floor":35,"turns":3},{"damage":0,"enemies":"Giant Head","floor":40,"turns":5},{"damage":0,"enemies":"Nemesis","floor":42,"turns":1},{"damage":0,"enemies":"3 Darklings","floor":47,"turns":3},{"damage":18,"enemies":"Awakened One","floor":50,"turns":8}],"seed_played":"-6865438937451650773","potions_obtained":[{"floor":11,"key":"Energy Potion"},{"floor":12,"key":"Fire Potion"},{"floor":20,"key":"SmokeBomb"},{"floor":25,"key":"SkillPotion"},{"floor":29,"key":"Fire Potion"},{"floor":29,"key":"CultistPotion"},{"floor":31,"key":"FearPotion"},{"floor":33,"key":"Dexterity Potion"},{"floor":42,"key":"DistilledChaos"}],"is_trial":false,"path_per_floor":["M","?","?","?","?","R","$","R","T","R","M","E","M","E","R","B",null,"M","$","M","M","?","E","R","E","T","R","M","?","E","M","R","B",null,"M","T","?","$","?","E","R","E","T","R","$","R","M","$","R","B",null],"character_chosen":"WATCHER","items_purchased":["PreservedInsect","Finesse","DollysMirror","BowlingBash"],"campfire_rested":3,"item_purchase_floors":[7,19,45,45],"current_hp_per_floor":[61,38,27,27,27,27,27,27,27,47,47,47,47,47,47,12,54,54,54,54,54,48,48,48,34,34,34,17,17,17,17,52,13,54,49,49,49,49,49,49,49,49,49,49,49,49,49,49,68,50],"gold":153,"neow_bonus":"TRANSFORM_TWO_CARDS","is_daily":false,"chose_seed":false,"campfire_upgraded":8,"win_rate":0.0,"timestamp":1613287392,"path_taken":["M","?","?","?","?","R","$","R","T","R","M","E","M","E","R","BOSS","M","$","?","M","?","E","R","E","T","R","M","?","E","M","R","BOSS","M","?","?","?","?","E","R","E","T","R","$","R","M","$","R","BOSS"],"items_purchased_type":["Relic","Card","Relic","Card"],"build_version":"2020-12-22","purchased_purges":4,"victory":true,"max_hp_per_floor":[68,68,68,68,68,68,68,68,68,68,68,68,68,68,68,68,68,68,68,68,68,68,68,68,68,68,68,68,68,68,68,68,68,68,68,68,68,68,68,68,68,68,68,68,68,68,68,68,68,68],"relic_stats":{"Regal Pillow":15,"Busted Crown":8,"counters":[20,81],"Golden Idol":151,"Bronze Scales":[220],"Blue Candle":[0],"PreservedInsect":372,"Juzu Bracelet":1,"Smiling Mask":250,"Question Card":2,"obtain_stats":[{"Ice Cream":12,"Regal Pillow":30,"Golden Idol":2,"Blue Candle":42,"Velvet Choker":17,"PreservedInsect":7,"Juzu Bracelet":25,"Smiling Mask":9,"Ancient Tea Set":36,"Question Card":40,"Bottled Flame":43,"HornCleat":26,"Busted Crown":34,"DollysMirror":45,"Bronze Scales":14,"PureWater":0},{"Ice Cream":3,"Regal Pillow":13,"Golden Idol":1,"Blue Candle":18,"Velvet Choker":6,"PreservedInsect":1,"Juzu Bracelet":11,"Smiling Mask":1,"Ancient Tea Set":16,"Question Card":17,"Bottled Flame":18,"HornCleat":11,"Busted Crown":15,"DollysMirror":18,"Bronze Scales":5,"PureWater":0},{"Ice Cream":11,"Regal Pillow":48,"Golden Idol":4,"Blue Candle":70,"Velvet Choker":23,"PreservedInsect":4,"Juzu Bracelet":39,"Smiling Mask":4,"Ancient Tea Set":64,"Question Card":69,"Bottled Flame":70,"HornCleat":39,"Busted Crown":61,"DollysMirror":70,"Bronze Scales":17,"PureWater":0}]},"card_choices":[{"not_picked":["SashWhip","Protect"],"picked":"MentalFortress","floor":1},{"not_picked":["Pray","Protect"],"picked":"FlyingSleeves","floor":11},{"not_picked":["SandsOfTime","CrushJoints"],"picked":"Consecrate","floor":12},{"not_picked":["EmptyBody","FlurryOfBlows"],"picked":"CutThroughFate","floor":13},{"not_picked":["CrushJoints","Prostrate"],"picked":"Halt","floor":14},{"not_picked":["Alpha","Establishment"],"picked":"Judgement","floor":16},{"not_picked":["CutThroughFate","Halt"],"picked":"EmptyBody","floor":18},{"not_picked":["Fasting2","Halt","ThirdEye"],"picked":"SKIP","floor":20},{"not_picked":["Nirvana","Crescendo"],"picked":"Meditate","floor":25},{"not_picked":["Pray","SashWhip"],"picked":"EmptyFist","floor":28},{"not_picked":["Nirvana","PathToVictory","ForeignInfluence"],"picked":"SKIP","floor":30},{"not_picked":["ForeignInfluence+1","Alpha","Consecrate"],"picked":"SKIP","floor":31},{"not_picked":["ConjureBlade","Scrawl"],"picked":"Ragnarok","floor":33},{"not_picked":[],"picked":"Sanctity+1","floor":40},{"not_picked":["FlyingSleeves+1","CutThroughFate"],"picked":"SKIP","floor":42}],"player_experience":1568133,"relics_obtained":[{"floor":9,"key":"Smiling Mask"},{"floor":12,"key":"Ice Cream"},{"floor":14,"key":"Bronze Scales"},{"floor":25,"key":"Juzu Bracelet"},{"floor":26,"key":"HornCleat"},{"floor":30,"key":"Regal Pillow"},{"floor":36,"key":"Ancient Tea Set"},{"floor":40,"key":"Question Card"},{"floor":42,"key":"Blue Candle"},{"floor":43,"key":"Bottled Flame"}],"event_choices":[{"damage_healed":0,"gold_gain":0,"player_choice":"Take Damage","damage_taken":23,"relics_obtained":["Golden Idol"],"max_hp_gain":0,"max_hp_loss":0,"event_name":"Golden Idol","floor":2,"gold_loss":0},{"damage_healed":0,"gold_gain":75,"player_choice":"Gather Gold","damage_taken":11,"max_hp_gain":0,"max_hp_loss":0,"event_name":"World of Goop","floor":3,"gold_loss":0},{"damage_healed":0,"gold_gain":0,"player_choice":"Grow","damage_taken":0,"max_hp_gain":0,"max_hp_loss":0,"event_name":"Living Wall","floor":4,"gold_loss":0,"cards_upgraded":["Eruption"]},{"damage_healed":0,"gold_gain":100,"player_choice":"Gold","damage_taken":0,"max_hp_gain":0,"max_hp_loss":0,"event_name":"Wheel of Change","floor":5,"gold_loss":0},{"damage_healed":0,"gold_gain":0,"player_choice":"Joined the Cult","damage_taken":6,"max_hp_gain":0,"max_hp_loss":0,"event_name":"Nest","floor":22,"gold_loss":0,"cards_obtained":["RitualDagger"]},{"damage_healed":0,"gold_gain":0,"player_choice":"Got Potions","damage_taken":0,"max_hp_gain":0,"max_hp_loss":0,"event_name":"Lab","floor":29,"gold_loss":0},{"damage_healed":0,"gold_gain":0,"cards_transformed":["Strike_P"],"player_choice":"Transformed","damage_taken":0,"max_hp_gain":0,"max_hp_loss":0,"event_name":"Transmorgrifier","floor":37,"gold_loss":0,"cards_obtained":["WheelKick"]},{"cards_removed":["EmptyBody"],"damage_healed":0,"gold_gain":0,"player_choice":"Removed Skill","damage_taken":0,"max_hp_gain":0,"max_hp_loss":0,"event_name":"Falling","floor":39,"gold_loss":0}],"is_beta":false,"boss_relics":[{"not_picked":["Runic Dome","Tiny House"],"picked":"Velvet Choker"},{"not_picked":["Cursed Key","Runic Pyramid"],"picked":"Busted Crown"}],"items_purged_floors":[19,38,45,48],"is_endless":false,"potions_floor_spawned":[11,12,13,20,25,31,33,42],"ascension_level":16}}