{"host":"mu5qkq7030l6349q","time":1613406902,"event":{"mods":["AchievementEnabler","BaseMod","Colored Powertips","Downfall","Highlight Path","Minty Spire (QoL Compilation)","Permanent Neow","Rare Cards Sparkle","StSLib"],"gold_per_floor":[117,117,117,133,148,164,164,164],"floor_reached":7,"language":"ENG","playtime":958,"items_purged":[],"score":42,"play_id":"dec55967-e947-423a-8be9-0422f0ee0ad3","local_time":"20210215173502","is_ascension_mode":false,"campfire_choices":[],"circlet_count":0,"master_deck":["Strike_P","Strike_P","Strike_P","Strike_P","Defend_P","Defend_P","Defend_P","Defend_P","Eruption","Vigilance","Swivel","Nirvana","FlyingSleeves"],"relics":["PureWater","Bag of Preparation","White Beast Statue","Spirit Poop"],"acts_visited":["Exordium"],"potions_floor_usage":[7,7],"damage_taken":[{"damage":1.0,"enemies":"Jaw Worm","floor":1.0,"turns":4.0},{"damage":0.0,"enemies":"Small Slimes","floor":4.0,"turns":2.0},{"damage":2.0,"enemies":"Cultist","floor":5.0,"turns":5.0},{"damage":1.0,"enemies":"Red Slaver","floor":6.0,"turns":7.0},{"damage":20,"enemies":"Gremlin Nob","floor":7,"turns":5}],"seed_played":"6480617329587482125","potions_obtained":[{"floor":4.0,"key":"FearPotion"},{"floor":5.0,"key":"bronze:BurnAndBuffPotion"},{"floor":6.0,"key":"hexamod:SoulburnPotion"}],"is_trial":false,"path_per_floor":["M","?","?","M","M","M","E"],"character_chosen":"WATCHER","items_purchased":[],"campfire_rested":0,"item_purchase_floors":[],"current_hp_per_floor":[71,71,71,71,69,68,48,48],"gold":164,"neow_bonus":"RANDOM_COMMON_RELIC","is_daily":false,"chose_seed":false,"campfire_upgraded":0,"win_rate":0.0,"timestamp":1613406902,"path_taken":["M","?","?","M","M","M","E"],"items_purchased_type":[],"build_version":"2020-12-22","purchased_purges":0,"victory":false,"max_hp_per_floor":[72,72,72,72,72,72,72,72],"card_choices":[{"not_picked":["Protect","Evaluate"],"picked":"Swivel","floor":1.0},{"not_picked":["Pray","EmptyBody","SashWhip"],"picked":"SKIP","floor":4.0},{"not_picked":["BowlingBash","Consecrate"],"picked":"Nirvana","floor":5.0},{"not_picked":["Consecrate","WreathOfFlame"],"picked":"FlyingSleeves","floor":6.0}],"player_experience":16370,"relics_obtained":[],"event_choices":[{"damage_healed":0.0,"max_hp_gain":0.0,"max_hp_loss":0.0,"gold_gain":0.0,"event_name":"Big Fish","player_choice":"Box","floor":2.0,"gold_loss":0.0,"damage_taken":0.0,"relics_obtained":["White Beast Statue"],"cards_obtained":["Regret"]},{"cards_removed":["Regret"],"damage_healed":0.0,"max_hp_gain":0.0,"max_hp_loss":0.0,"gold_gain":0.0,"event_name":"Bonfire Elementals","player_choice":"Offered Curse","floor":3.0,"gold_loss":0.0,"damage_taken":0.0,"relics_obtained":["Spirit Poop"]}],"is_beta":false,"boss_relics":[],"items_purged_floors":[],"is_endless":false,"potions_floor_spawned":[4,5,6],"killed_by":"Gremlin Nob","ascension_level":0}}