{"host":"Hova","time":1613406331,"event":{"mods":["AchievementEnabler","Aspiration","BaseMod","Better Match","Better Note","Colored Map","Colored Powertips","DeckTracker","Downfall","Hubris","Infinite Spire","Minty Spire (QoL Compilation)","Rare Cards Sparkle","Reliquary","Remilia??????","Replay The Spire","Shop Mod","StSLib","SuperFastMode","The Clintock","The Cursed","The Death Knight","The Necromancer","The Servant 0.9.4"],"gold_per_floor":[119,134,146,166,166,196,215,215,291,301,314,314,331,349,349,444,444,458,458,469,488,264,289,300,300,300],"floor_reached":25,"language":"ENG","playtime":2646,"items_purged":["ReplayTheSpireMod:Restless Dread"],"score":231,"play_id":"5530ddf1-5923-4c58-a71a-42193e64a4e3","local_time":"20210215192531","is_ascension_mode":false,"campfire_choices":[{"floor":8,"key":"REST"},{"floor":12,"key":"REST"},{"floor":15,"key":"REST"}],"circlet_count":0,"master_deck":["Strike_R","Strike_R","Strike_R","Strike_R","Strike_R","Defend_R","Defend_R","Defend_R","Bash","Berserk","Perfected Strike","Perfected Strike","Pommel Strike","Fire Breathing","Eclipse+1","Perfected Strike","Reaper","CurseOfTheBell","Twin Strike+1","Pommel Strike+1"],"relics":["Burning Blood","reliquary:PorcupineQuills","Mummified Hand","Calling Bell","reliquary:Knoch","hubris:BottledRain","Peace Pipe","ReplayTheSpireMod:CursedCoin","Strawberry","Bronze Scales","hubris:TenFootPole"],"acts_visited":["Exordium","TheCity"],"potions_floor_usage":[6,16,16,16,20,23,23],"damage_taken":[{"damage":12,"enemies":"2 Louse","floor":1,"turns":3},{"damage":9,"enemies":"Cultist","floor":2,"turns":3},{"damage":0,"enemies":"Small Slimes","floor":3,"turns":3},{"damage":45,"enemies":"Exordium Thugs","floor":4,"turns":5},{"damage":28,"enemies":"Lagavulin","floor":6,"turns":5},{"damage":15,"enemies":"Looter","floor":7,"turns":3},{"damage":22,"enemies":"Lots of Slimes","floor":10,"turns":5},{"damage":12,"enemies":"Blue Slaver","floor":11,"turns":2},{"damage":10,"enemies":"Looter","floor":13,"turns":2},{"damage":6,"enemies":"Large Slime","floor":14,"turns":2},{"damage":4,"enemies":"Fading Forest","floor":16,"turns":11},{"damage":35,"enemies":"Spheric Guardian","floor":18,"turns":3},{"damage":2,"enemies":"2 Thieves","floor":20,"turns":4},{"damage":0,"enemies":"Snecko","floor":21,"turns":2},{"damage":29,"enemies":"Book of Stabbing","floor":23,"turns":5},{"damage":15,"enemies":"Snake Plant","floor":24,"turns":3},{"damage":52,"enemies":"Shelled Parasite and Fungi","floor":25,"turns":5}],"seed_played":"8365368549697820310","potions_obtained":[{"floor":1,"key":"GamblersBrew"},{"floor":4,"key":"BlessingOfTheForge"},{"floor":7,"key":"sneckomod:MuddlingPotion"},{"floor":11,"key":"Energy Potion"},{"floor":13,"key":"Strength Potion"},{"floor":18,"key":"Block Potion"},{"floor":20,"key":"DuplicationPotion"},{"floor":21,"key":"Strength Potion"}],"is_trial":false,"path_per_floor":["M","M","M","M","?","E","M","R","T","M","M","R","M","M","R","B",null,"M","?","M","M","$","E","M","M"],"character_chosen":"IRONCLAD","items_purchased":["ReplayTheSpireMod:CursedCoin","Strawberry","Bronze Scales"],"campfire_rested":3,"item_purchase_floors":[22,22,22],"current_hp_per_floor":[74,71,77,38,38,16,7,31,31,15,9,33,29,29,53,65,80,51,51,56,62,69,46,37,0,0],"gold":300,"neow_bonus":"ONE_RANDOM_RARE_CARD","is_daily":false,"chose_seed":false,"campfire_upgraded":0,"win_rate":0.0,"timestamp":1613406331,"path_taken":["M","M","M","M","?","E","M","R","T","M","?","R","M","M","R","BOSS","M","?","M","M","$","E","M","M"],"items_purchased_type":["Relic","Relic","Relic"],"build_version":"2020-11-17","purchased_purges":1,"victory":false,"max_hp_per_floor":[80,80,80,80,80,80,80,80,80,80,80,80,80,80,80,80,80,80,80,80,80,87,87,87,87,87],"card_choices":[{"not_picked":["Sword Boomerang","Feel No Pain"],"picked":"Perfected Strike","floor":1},{"not_picked":["Rage","Headbutt","Entrench"],"picked":"SKIP","floor":2},{"not_picked":["Reckless Charge","Hemokinesis","Whirlwind"],"picked":"SKIP","floor":3},{"not_picked":["Defy Death","Iron Wave"],"picked":"Perfected Strike","floor":4},{"not_picked":["Flex","Dropkick","Iron Wave"],"picked":"SKIP","floor":6},{"not_picked":["Headbutt","Hemokinesis","Ghostly Armor"],"picked":"SKIP","floor":7},{"not_picked":["Bloodletting","Inflame"],"picked":"Pommel Strike","floor":10},{"not_picked":["ReplayTheSpireMod:Limb From Limb","Carnage"],"picked":"Fire Breathing","floor":11},{"not_picked":["Dark Embrace","hubris:SharpeningStone"],"picked":"Eclipse","floor":13},{"not_picked":["Warcry","Cleave"],"picked":"Perfected Strike","floor":14},{"not_picked":["Juggernaut","Fiend Fire"],"picked":"Reaper","floor":16},{"not_picked":["Warcry+1","ReplayTheSpireMod:Strike From Hell+1","hubris:ReadiedAction+1"],"picked":"SKIP","floor":18},{"not_picked":["Rage","Life Link"],"picked":"Twin Strike+1","floor":20},{"not_picked":["Clothesline","Perfected Strike"],"picked":"Pommel Strike+1","floor":21},{"not_picked":["Entrench+1","Warcry","Carnage"],"picked":"SKIP","floor":23},{"not_picked":["Sever Soul","Shrug It Off","hubris:SharpeningStone"],"picked":"SKIP","floor":24}],"player_experience":3893,"relics_obtained":[{"floor":6,"key":"reliquary:PorcupineQuills"},{"floor":9,"key":"Mummified Hand"},{"floor":17,"key":"reliquary:Knoch"},{"floor":17,"key":"hubris:BottledRain"},{"floor":17,"key":"Peace Pipe"},{"floor":23,"key":"hubris:TenFootPole"}],"event_choices":[{"cards_removed":["Defend_R"],"damage_healed":0,"gold_gain":0,"player_choice":"Offered Basic","damage_taken":0,"max_hp_gain":0,"max_hp_loss":0,"event_name":"Bonfire Elementals","floor":5,"gold_loss":0},{"damage_healed":0,"gold_gain":0,"player_choice":"Forge","damage_taken":0,"max_hp_gain":0,"max_hp_loss":0,"event_name":"Accursed Blacksmith","floor":19,"gold_loss":0,"cards_upgraded":["Eclipse"]}],"is_beta":true,"boss_relics":[{"not_picked":["infinitespire:Cupcake","hubris:Stopwatch"],"picked":"Calling Bell"}],"items_purged_floors":[22],"is_endless":false,"potions_floor_spawned":[1,4,7,11,13,18,20,21],"killed_by":"Shelled Parasite and Fungi","ascension_level":0}}