{"host":"q393yg6r5o2yq652","time":1613348534,"event":{"mods":["BaseMod","Colored Map","Minty Spire (QoL Compilation)","Permanent Neow","Relic Stats","everything is the same but u backflip on backflip"],"gold_per_floor":[114,114,114,132,132,132,57,101,101,120,120,139,139,175,175,175,175],"floor_reached":16,"language":"ENG","playtime":372,"items_purged":["Defend_R"],"score":130,"play_id":"55eda060-e63c-4ff6-96e0-da69ba2e9f8e","local_time":"20210214192214","is_ascension_mode":true,"campfire_choices":[{"data":"Sword Boomerang","floor":11.0,"key":"SMITH"},{"floor":13.0,"key":"REST"},{"data":"Bash","floor":15,"key":"SMITH"}],"circlet_count":0,"master_deck":["Strike_R+1","Strike_R","Strike_R","Strike_R","Strike_R","Defend_R","Bash+1","Pommel Strike+1","Sword Boomerang+1"],"relics":["Burning Blood","Golden Idol","StrikeDummy","Unceasing Top","Pear","InkBottle"],"acts_visited":["Exordium"],"potions_floor_usage":[],"damage_taken":[{"damage":9.0,"enemies":"Jaw Worm","floor":1.0,"turns":3.0},{"damage":8.0,"enemies":"Small Slimes","floor":4.0,"turns":3.0},{"damage":20.0,"enemies":"Lagavulin","floor":8.0,"turns":4.0},{"damage":0.0,"enemies":"2 Louse","floor":10.0,"turns":2.0},{"damage":28.0,"enemies":"Exordium Wildlife","floor":12.0,"turns":4.0},{"damage":30,"enemies":"3 Sentries","floor":14,"turns":5},{"damage":15,"enemies":"Slime Boss","floor":16,"turns":5}],"seed_played":"-5551496341127484535","potions_obtained":[{"floor":1.0,"key":"DuplicationPotion"},{"floor":8.0,"key":"Strength Potion"},{"floor":10.0,"key":"Energy Potion"}],"is_trial":false,"path_per_floor":["M","?","?","M","T","?","$","E","T","M","R","M","R","E","R","B"],"character_chosen":"IRONCLAD","items_purchased":[],"campfire_rested":1,"item_purchase_floors":[],"current_hp_per_floor":[77,70,50,48,48,32,32,18,28,34,34,12,39,15,15,0,0],"gold":175,"neow_bonus":"TRANSFORM_CARD","is_daily":false,"chose_seed":false,"campfire_upgraded":2,"win_rate":0.0,"timestamp":1613348534,"path_taken":["M","?","?","M","?","?","$","E","T","M","R","M","R","E","R","BOSS"],"items_purchased_type":[],"build_version":"2020-12-22","purchased_purges":1,"victory":false,"max_hp_per_floor":[80,80,80,80,80,80,80,80,90,90,90,90,90,90,90,90,90],"relic_stats":{"counters":[7,26],"Golden Idol":28,"obtain_stats":[{"Pear":9,"Golden Idol":3,"StrikeDummy":5,"Burning Blood":0,"Unceasing Top":8,"InkBottle":14},{"Pear":3,"Golden Idol":1,"StrikeDummy":2,"Burning Blood":0,"Unceasing Top":3,"InkBottle":6},{"Pear":10,"Golden Idol":3,"StrikeDummy":6,"Burning Blood":0,"Unceasing Top":10,"InkBottle":21}],"Burning Blood":36,"Unceasing Top":[0],"InkBottle":[1]},"card_choices":[{"not_picked":["Bloodletting","Havoc","True Grit"],"picked":"SKIP","floor":1.0},{"not_picked":["Clothesline","Infernal Blade"],"picked":"Sword Boomerang","floor":4.0},{"not_picked":["Havoc","Shrug It Off","Perfected Strike"],"picked":"SKIP","floor":8.0},{"not_picked":["Warcry","Clothesline","Iron Wave"],"picked":"SKIP","floor":10.0},{"not_picked":["Thunderclap","Blood for Blood","True Grit"],"picked":"SKIP","floor":12.0},{"not_picked":["Corruption","Havoc","Disarm"],"picked":"SKIP","floor":14}],"player_experience":325371,"relics_obtained":[{"floor":5.0,"key":"StrikeDummy"},{"floor":8.0,"key":"Unceasing Top"},{"floor":9.0,"key":"Pear"},{"floor":14,"key":"InkBottle"}],"event_choices":[{"cards_removed":["Defend_R"],"damage_healed":0.0,"max_hp_gain":0.0,"max_hp_loss":0.0,"gold_gain":0.0,"event_name":"Golden Wing","player_choice":"Card Removal","floor":2.0,"gold_loss":0.0,"damage_taken":7.0},{"damage_healed":0.0,"max_hp_gain":0.0,"max_hp_loss":0.0,"gold_gain":0.0,"event_name":"Golden Idol","player_choice":"Take Damage","floor":3.0,"gold_loss":0.0,"damage_taken":20.0,"relics_obtained":["Golden Idol"]},{"damage_healed":0.0,"max_hp_gain":0.0,"max_hp_loss":0.0,"gold_gain":0.0,"event_name":"Shining Light","player_choice":"Entered Light","floor":6.0,"gold_loss":0.0,"damage_taken":16.0,"cards_upgraded":["Strike_R","Pommel Strike"]}],"is_beta":false,"boss_relics":[],"items_purged_floors":[7],"is_endless":false,"potions_floor_spawned":[1,8,10],"killed_by":"Slime Boss","ascension_level":4}}