{"host":"qrt7o4dq2qslzw13","time":1613412650,"event":{"mods":["AchievementEnabler","BaseMod","Colored Map","Colored Powertips","Minty Spire (QoL Compilation)","Quick Restart","StSLib","SuperFastMode"],"gold_per_floor":[12,12,12,27,39,73,73,87,87,87,118,118,118,15,15,88,88,98,114,133,43,59,59,88,105,187,199,199,299,299,312,312,312,312],"floor_reached":33,"language":"ENG","playtime":644,"items_purged":[],"score":558,"play_id":"fe85ce35-52b0-4999-8e47-c4f930b67267","local_time":"20210215131050","is_ascension_mode":true,"campfire_choices":[{"data":"Inflame","floor":7,"key":"SMITH"},{"data":"Offering","floor":13,"key":"SMITH"},{"floor":15,"key":"REST"},{"floor":23,"key":"REST"},{"floor":28,"key":"REST"},{"floor":32,"key":"REST"}],"circlet_count":0,"master_deck":["AscendersBane","Strike_R","Strike_R","Strike_R","Defend_R","Defend_R","Defend_R","Defend_R","Bash","Fire Breathing","Inflame+1","Pummel","Twin Strike","Spot Weakness","Shrug It Off","Offering+1","Demon Form","Bloodletting","Thunderclap","Barricade","Rage+1","Pummel","Power Through","Offering","Seeing Red","True Grit","Offering","Pummel"],"relics":["Black Blood","Du-Vu Doll","Incense Burner","Pear","Bottled Tornado","Ornamental Fan","Bottled Flame","FossilizedHelix","Sundial"],"acts_visited":["Exordium","TheCity"],"potions_floor_usage":[6,6,16,20,20,20,20,24,29,30],"damage_taken":[{"damage":6,"enemies":"2 Louse","floor":1,"turns":3},{"damage":12,"enemies":"Small Slimes","floor":4,"turns":4},{"damage":6,"enemies":"Cultist","floor":5,"turns":3},{"damage":32,"enemies":"Gremlin Nob","floor":6,"turns":4},{"damage":7,"enemies":"3 Louse","floor":8,"turns":3},{"damage":22,"enemies":"3 Sentries","floor":11,"turns":5},{"damage":28,"enemies":"The Guardian","floor":16,"turns":6},{"damage":12,"enemies":"2 Thieves","floor":18,"turns":3},{"damage":21,"enemies":"Shell Parasite","floor":19,"turns":3},{"damage":21,"enemies":"3 Cultists","floor":20,"turns":5},{"damage":32,"enemies":"Centurion and Healer","floor":22,"turns":7},{"damage":30,"enemies":"Book of Stabbing","floor":24,"turns":3},{"damage":14,"enemies":"Sentry and Sphere","floor":25,"turns":3},{"damage":25,"enemies":"Snake Plant","floor":27,"turns":4},{"damage":35,"enemies":"Colosseum Slavers","floor":29,"turns":3},{"damage":15,"enemies":"Colosseum Nobs","floor":29,"turns":3},{"damage":0,"enemies":"Centurion and Healer","floor":30,"turns":1},{"damage":14,"enemies":"Chosen and Byrds","floor":31,"turns":6},{"damage":106,"enemies":"Collector","floor":33,"turns":7}],"seed_played":"8254884924354870655","potions_obtained":[{"floor":3,"key":"Energy Potion"},{"floor":3,"key":"SkillPotion"},{"floor":4,"key":"BloodPotion"},{"floor":6,"key":"Ancient Potion"},{"floor":8,"key":"Energy Potion"},{"floor":19,"key":"EntropicBrew"},{"floor":24,"key":"Fruit Juice"},{"floor":25,"key":"Explosive Potion"},{"floor":27,"key":"SmokeBomb"}],"is_trial":false,"path_per_floor":["M","?","?","M","M","E","R","M","T","?","E","?","R","$","R","B",null,"M","M","M","$","M","R","E","M","T","M","R","?","M","M","R","B"],"character_chosen":"IRONCLAD","items_purchased":["Bloodletting","Thunderclap","Pummel"],"campfire_rested":4,"item_purchase_floors":[14,14,21],"current_hp_per_floor":[68,68,68,62,62,51,51,50,60,53,37,37,37,37,62,40,74,74,65,56,56,36,61,48,46,46,33,60,34,46,44,71,0,0],"gold":312,"neow_bonus":"ONE_RARE_RELIC","is_daily":false,"chose_seed":false,"campfire_upgraded":2,"win_rate":0.0,"timestamp":1613412650,"path_taken":["M","?","?","?","M","E","R","M","T","?","E","?","R","$","R","BOSS","M","M","?","$","M","R","E","M","T","M","R","?","M","M","R","BOSS"],"items_purchased_type":["Card","Card","Card"],"build_version":"2020-12-22","purchased_purges":0,"victory":false,"max_hp_per_floor":[75,75,75,75,75,75,75,75,85,85,85,85,85,85,85,85,85,85,85,85,85,85,85,90,90,90,90,90,90,90,90,90,90,90],"card_choices":[{"not_picked":["Cleave","Havoc"],"picked":"Fire Breathing","floor":1},{"not_picked":["Wild Strike","Armaments"],"picked":"Pummel","floor":4},{"not_picked":["Shrug It Off","Warcry"],"picked":"Twin Strike","floor":5},{"not_picked":["Second Wind","Dual Wield"],"picked":"Spot Weakness","floor":6},{"not_picked":["Second Wind","Twin Strike"],"picked":"Shrug It Off","floor":8},{"not_picked":["Reckless Charge","Twin Strike"],"picked":"Offering","floor":11},{"not_picked":["Brutality","Fiend Fire"],"picked":"Barricade","floor":16},{"not_picked":["Clash+1","Havoc"],"picked":"Rage+1","floor":18},{"not_picked":["Clothesline+1","Clash","Anger"],"picked":"SKIP","floor":19},{"not_picked":["Flex","Clash","Body Slam"],"picked":"SKIP","floor":20},{"not_picked":["Disarm","Seeing Red"],"picked":"Power Through","floor":22},{"not_picked":["Spot Weakness","Combust"],"picked":"Offering","floor":24},{"not_picked":["Clash","Sword Boomerang"],"picked":"Seeing Red","floor":25},{"not_picked":["Havoc","Warcry"],"picked":"True Grit","floor":27},{"not_picked":["Thunderclap","Flex"],"picked":"Offering","floor":29},{"not_picked":["True Grit","Rage"],"picked":"Pummel","floor":31}],"player_experience":639594,"relics_obtained":[{"floor":6,"key":"Incense Burner"},{"floor":9,"key":"Pear"},{"floor":11,"key":"Bottled Tornado"},{"floor":24,"key":"Ornamental Fan"},{"floor":26,"key":"Bottled Flame"},{"floor":29,"key":"FossilizedHelix"},{"floor":29,"key":"Sundial"}],"event_choices":[{"damage_healed":0,"gold_gain":0,"cards_transformed":["Strike_R"],"player_choice":"Change","damage_taken":0,"max_hp_gain":0,"max_hp_loss":0,"event_name":"Living Wall","floor":2,"gold_loss":0,"cards_obtained":["Inflame"]},{"damage_healed":0,"gold_gain":0,"player_choice":"Got Potions","damage_taken":0,"max_hp_gain":0,"max_hp_loss":0,"event_name":"Lab","floor":3,"gold_loss":0},{"cards_removed":["Strike_R"],"damage_healed":0,"gold_gain":0,"player_choice":"Card Removal","damage_taken":7,"max_hp_gain":0,"max_hp_loss":0,"event_name":"Golden Wing","floor":10,"gold_loss":0},{"damage_healed":0,"gold_gain":0,"player_choice":"1 cards matched","damage_taken":0,"max_hp_gain":0,"max_hp_loss":0,"event_name":"Match and Keep!","floor":12,"gold_loss":0,"cards_obtained":["Demon Form"]},{"damage_healed":0,"gold_gain":0,"player_choice":"Fight","damage_taken":0,"max_hp_gain":0,"max_hp_loss":0,"event_name":"Colosseum","floor":29,"gold_loss":0},{"damage_healed":0,"gold_gain":0,"player_choice":"Fought Nobs","damage_taken":0,"max_hp_gain":0,"max_hp_loss":0,"event_name":"Colosseum","floor":29,"gold_loss":0}],"is_beta":false,"boss_relics":[{"not_picked":["Velvet Choker","Black Star"],"picked":"Black Blood"}],"items_purged_floors":[],"is_endless":false,"potions_floor_spawned":[4,6,8,11,19,24,25,27,29],"killed_by":"Collector","ascension_level":20}}