{"host":"e1hsr9gtjq2d74pi","time":1613367463,"event":{"mods":["Act Like it!","BaseMod","Beaked The Cultist","Bestiary","BetterRewards","Clockwork Mod","Conspire","Downfall","Duelist Mod","Hermit","Hero for Fun","Hubris","Jorbs\u0027s Wanderer Trilogy","Marisa????????","Minty Spire (QoL Compilation)","Robot Space Explorer","Shop Mod","Spicy Shops","Spire Arcade","StSLib","The Animator","The Bug Knight","The Construct","The Cursed","The Poker Player","The Runesmith","The Saiyan","The Servant 0.9.4","UnlockEverythingMod"],"gold_per_floor":[115,151,168,60,78,112,131,142,168,179,4,30,45,59,59,162,162,175,191,191,202,127,158,158,172,172,197,209,229,229,229,229,325,325,337,337,212,212,226,251,251,280,304,336,336,353,366,380,380,380,380],"floor_reached":50,"language":"ENG","playtime":2537,"items_purged":["Strike_R","Defend_R","Defend_R"],"score":613,"play_id":"e810fa23-3afa-447d-89ec-932cdf736aee","local_time":"20210214213743","is_ascension_mode":false,"campfire_choices":[{"data":"1","floor":15,"key":"LIFT"},{"data":"2","floor":24,"key":"LIFT"},{"data":"3","floor":30,"key":"LIFT"},{"floor":32,"key":"REST"},{"floor":45,"key":"RECALL"},{"data":"True Grit","floor":49,"key":"SMITH"}],"circlet_count":0,"master_deck":["Strike_R+1","Strike_R","Defend_R","Defend_R","Bash","Cleave","Ghostly Armor","Metallicize","Inflame","Whirlwind","True Grit+1","Pummel","Flame Barrier","Limit Break+1","Thunderclap+1","hubris:SharpeningStone+1","Heavy Blade+1","Reaper","Shrug It Off+1","Inflame+1","Uppercut+1","Parasite"],"relics":["Burning Blood","Bag of Marbles","OrangePellets","Girya","Bag of Preparation","hubris:Backtick","hubris:GlazedTorus","Potion Belt","Whetstone","MealTicket","hubris:HollowSoul","hubris:Towel","Akabeko","Oddly Smooth Stone","PreservedInsect","Runesmith:Nanobots"],"acts_visited":["Exordium","TheCity","TheBeyond"],"potions_floor_usage":[6,10,12,14,16,27,48,50,50],"damage_taken":[{"damage":0,"enemies":"2 Louse","floor":1,"turns":2},{"damage":20,"enemies":"conspire:MimicChest","floor":2,"turns":6},{"damage":0,"enemies":"conspire:RoseBush","floor":3,"turns":3},{"damage":1,"enemies":"Jaw Worm","floor":5,"turns":3},{"damage":28,"enemies":"Gremlin Nob","floor":6,"turns":6},{"damage":0,"enemies":"3 Louse","floor":7,"turns":1},{"damage":9,"enemies":"Large Slime","floor":8,"turns":6},{"damage":0,"enemies":"Blue Slaver","floor":10,"turns":5},{"damage":38,"enemies":"Lagavulin","floor":12,"turns":7},{"damage":7,"enemies":"Looter","floor":13,"turns":4},{"damage":0,"enemies":"2 Fungi Beasts","floor":14,"turns":4},{"damage":46,"enemies":"Hexaghost","floor":16,"turns":13},{"damage":19,"enemies":"Spheric Guardian","floor":18,"turns":5},{"damage":10,"enemies":"Shell Parasite","floor":19,"turns":4},{"damage":4,"enemies":"conspire:HollyBat","floor":21,"turns":8},{"damage":58,"enemies":"Gremlin Leader","floor":23,"turns":7},{"damage":3,"enemies":"3 Cultists","floor":25,"turns":4},{"damage":7,"enemies":"theDuelist:KaibaA2","floor":27,"turns":6},{"damage":11,"enemies":"Chosen and Byrds","floor":28,"turns":5},{"damage":5,"enemies":"Shelled Parasite and Fungi","floor":29,"turns":5},{"damage":60,"enemies":"Collector","floor":33,"turns":7},{"damage":11,"enemies":"3 Shapes","floor":35,"turns":5},{"damage":36,"enemies":"3 Darklings","floor":39,"turns":6},{"damage":10,"enemies":"HollowMod:StalkingDevout","floor":40,"turns":6},{"damage":23,"enemies":"Reptomancer","floor":42,"turns":5},{"damage":18,"enemies":"Nemesis","floor":44,"turns":5},{"damage":21,"enemies":"Transient","floor":46,"turns":5},{"damage":0,"enemies":"Maw","floor":47,"turns":4},{"damage":22,"enemies":"Writhing Mass","floor":48,"turns":6},{"damage":25,"enemies":"Donu and Deca","floor":50,"turns":3}],"seed_played":"-2429845471982779966","potions_obtained":[{"floor":3,"key":"HeartOfIron"},{"floor":6,"key":"Swift Potion"},{"floor":7,"key":"Regen Potion"},{"floor":8,"key":"Explosive Potion"},{"floor":13,"key":"LiquidBronze"},{"floor":18,"key":"LiquidBronze"},{"floor":25,"key":"Block Potion"},{"floor":29,"key":"LiquidBronze"},{"floor":39,"key":"SteroidPotion"},{"floor":44,"key":"ElixirPotion"},{"floor":47,"key":"AttackPotion"},{"floor":48,"key":"AttackPotion"}],"is_trial":false,"path_per_floor":["M","?","M","$","M","E","M","M","T","M","$","E","M","M","R","B",null,"M","M","?","M","?","E","R","M","T","E","M","M","R","?","R","B",null,"M","?","$","?","M","E","?","E","T","E","R","M","M","M","R","B"],"character_chosen":"IRONCLAD","items_purchased":["Inflame","OrangePellets"],"campfire_rested":1,"item_purchase_floors":[4,4],"current_hp_per_floor":[80,66,72,72,77,55,61,58,58,64,64,47,46,52,52,12,80,67,63,63,65,65,13,13,16,16,15,10,11,11,11,35,17,80,80,80,80,80,80,76,76,59,59,47,47,65,80,76,76,0,0],"gold":380,"neow_bonus":"THREE_CARDS","is_daily":false,"chose_seed":false,"campfire_upgraded":1,"win_rate":0.0,"timestamp":1613367463,"path_taken":["M","?","M","$","M","E","M","M","T","M","$","E","M","M","R","BOSS","M","M","?","M","?","E","R","?","T","E","M","M","R","?","R","BOSS","M","?","$","?","M","E","?","E","T","E","R","M","M","M","R","BOSS"],"items_purchased_type":["Card","Relic"],"build_version":"2020-12-22","purchased_purges":3,"victory":false,"max_hp_per_floor":[80,80,80,80,80,80,80,80,80,80,80,80,80,80,80,80,80,80,80,80,80,80,80,80,80,80,80,80,80,80,80,80,80,80,80,80,80,80,80,80,80,80,80,80,80,80,80,80,80,80,80],"card_choices":[{"not_picked":["Warcry","Sword Boomerang"],"picked":"Cleave","floor":0},{"not_picked":["Iron Wave","hubris:ReadiedAction","Blood for Blood"],"picked":"SKIP","floor":1},{"not_picked":["Power Through","Armaments"],"picked":"Ghostly Armor","floor":2},{"not_picked":["hubris:ReadiedAction","hubris:SharpeningStone"],"picked":"Metallicize","floor":3},{"not_picked":["Fire Breathing","Body Slam"],"picked":"Whirlwind","floor":5},{"not_picked":["Carnage","hubris:SharpeningStone","Clash"],"picked":"SKIP","floor":6},{"not_picked":["Hemokinesis","Carnage","Blood for Blood"],"picked":"SKIP","floor":7},{"not_picked":["Clothesline","Wild Strike"],"picked":"True Grit","floor":8},{"not_picked":["Perfected Strike","Burning Pact","Body Slam"],"picked":"SKIP","floor":10},{"not_picked":["Second Wind","True Grit","hubris:CleavingFinish"],"picked":"SKIP","floor":12},{"not_picked":["Iron Wave","Wild Strike"],"picked":"Pummel","floor":13},{"not_picked":["Cleave","Body Slam"],"picked":"Flame Barrier","floor":14},{"not_picked":["Immolate","Juggernaut"],"picked":"Limit Break","floor":16},{"not_picked":["Flex+1","Clothesline+1"],"picked":"Thunderclap","floor":18},{"not_picked":["Armaments+1","Sentinel+1"],"picked":"hubris:SharpeningStone+1","floor":19},{"not_picked":["Dropkick","Iron Wave"],"picked":"Heavy Blade+1","floor":21},{"not_picked":["Dual Wield","Combust","Armaments"],"picked":"SKIP","floor":23},{"not_picked":["True Grit","Combust"],"picked":"Reaper","floor":25},{"not_picked":["Perfected Strike","hubris:SharpeningStone"],"picked":"Shrug It Off+1","floor":27},{"not_picked":["Armaments+1","Burning Pact+1","Clothesline+1"],"picked":"SKIP","floor":28},{"not_picked":["Ghostly Armor+1","Rupture","Headbutt"],"picked":"SKIP","floor":29},{"not_picked":["Clothesline","Body Slam+1","Headbutt+1"],"picked":"SKIP","floor":35},{"not_picked":["Sword Boomerang+1","Warcry"],"picked":"Inflame+1","floor":39},{"not_picked":["Battle Trance+1","Rampage"],"picked":"Uppercut+1","floor":40},{"not_picked":["Exhume","Cleave+1","Anger+1"],"picked":"SKIP","floor":42},{"not_picked":["Headbutt","True Grit","Warcry"],"picked":"SKIP","floor":44},{"not_picked":["Clash+1","Sword Boomerang","Seeing Red+1"],"picked":"SKIP","floor":46},{"not_picked":["Thunderclap+1","conspire:Charge+1","Clothesline+1"],"picked":"SKIP","floor":47},{"not_picked":["Iron Wave","hubris:StunningStrike","Bloodletting+1"],"picked":"SKIP","floor":48}],"player_experience":484425,"relics_obtained":[{"floor":2,"key":"Bag of Marbles"},{"floor":6,"key":"Girya"},{"floor":12,"key":"Bag of Preparation"},{"floor":23,"key":"Potion Belt"},{"floor":26,"key":"Whetstone"},{"floor":27,"key":"MealTicket"},{"floor":40,"key":"Akabeko"},{"floor":42,"key":"Oddly Smooth Stone"},{"floor":43,"key":"PreservedInsect"},{"floor":44,"key":"Runesmith:Nanobots"}],"event_choices":[{"cards_removed":["Strike_R"],"damage_healed":0,"gold_gain":0,"player_choice":"Elegance","damage_taken":0,"max_hp_gain":0,"max_hp_loss":0,"event_name":"Back to Basics","floor":20,"gold_loss":0},{"cards_removed":["Strike_R"],"damage_healed":0,"gold_gain":0,"player_choice":"Gave Gold","damage_taken":0,"max_hp_gain":0,"max_hp_loss":0,"event_name":"Beggar","floor":22,"gold_loss":75},{"damage_healed":0,"gold_gain":0,"player_choice":"Memory 1","damage_taken":0,"max_hp_gain":0,"max_hp_loss":0,"event_name":"SensoryStone","floor":38,"gold_loss":0}],"is_beta":false,"boss_relics":[{"not_picked":["SacredBark","Pandora\u0027s Box"],"picked":"hubris:Backtick"},{"not_picked":["construct:WeddingRing","construct:ClawGrip"],"picked":"hubris:HollowSoul"}],"items_purged_floors":[11,11,37],"is_endless":false,"potions_floor_spawned":[3,6,7,8,13,18,25,29,39,44,47,48],"killed_by":"Donu and Deca","ascension_level":0}}