{"host":"5agrj1fd4s00r127","time":1613418506,"event":{"mods":["BaseMod","Minty Spire (QoL Compilation)","StSLib"],"gold_per_floor":[110,185,185,185,201,201,201,235,235,235,57,90,113,133,133,257,257,278,302,377,401,421,459,482,315,340,340,384,309,340,72,72,202,202,225,238,238,238,254,254,90,133,181,214,226,252,279,137,137,137],"floor_reached":51,"language":"RUS","playtime":2150,"items_purged":["Regret","Injury","Strike_G"],"score":898,"play_id":"75fe1db5-164f-4650-bff1-f364dd00c091","local_time":"20210215214826","is_ascension_mode":false,"campfire_choices":[{"floor":10,"key":"REST"},{"data":"Bouncing Flask","floor":15,"key":"SMITH"},{"floor":27,"key":"REST"},{"floor":32,"key":"REST"},{"data":"Catalyst","floor":40,"key":"SMITH"},{"data":"Apotheosis","floor":49,"key":"SMITH"}],"circlet_count":0,"master_deck":["Strike_G","Strike_G","Strike_G","Defend_G","Defend_G","Defend_G","Defend_G","Survivor","Neutralize","Bouncing Flask+1","Leg Sweep","Deadly Poison","Poisoned Stab","Poisoned Stab","Deadly Poison","Bouncing Flask","Backflip","Corpse Explosion","PiercingWail+1","Sucker Punch","Bane+1","Caltrops","Bane","Adrenaline","Catalyst+1","Apotheosis+1","Night Terror","Pain"],"relics":["Ring of the Snake","HornCleat","Golden Idol","Eternal Feather","Bird Faced Urn","Thread and Needle","Vajra","Black Star","TungstenRod","Anchor","Lantern","Ancient Tea Set","Toy Ornithopter","Lizard Tail","Pear","Snake Skull","Busted Crown","Letter Opener","White Beast Statue","MealTicket","Nunchaku","MawBank","WarpedTongs","Lee\u0027s Waffle"],"acts_visited":["Exordium","TheCity","TheBeyond"],"potions_floor_usage":[8,16,23,33,33,36,50,50,50],"damage_taken":[{"damage":0,"enemies":"Cultist","floor":1,"turns":4},{"damage":3,"enemies":"2 Louse","floor":5,"turns":3},{"damage":31,"enemies":"3 Sentries","floor":8,"turns":9},{"damage":9,"enemies":"Lagavulin","floor":12,"turns":6},{"damage":0,"enemies":"Small Slimes","floor":13,"turns":3},{"damage":10,"enemies":"3 Louse","floor":14,"turns":4},{"damage":8,"enemies":"Hexaghost","floor":16,"turns":8},{"damage":16,"enemies":"3 Byrds","floor":18,"turns":4},{"damage":0,"enemies":"Chosen","floor":19,"turns":4},{"damage":14,"enemies":"Shelled Parasite and Fungi","floor":21,"turns":6},{"damage":0,"enemies":"Snake Plant","floor":22,"turns":4},{"damage":29,"enemies":"Book of Stabbing","floor":23,"turns":8},{"damage":0,"enemies":"Chosen and Byrds","floor":24,"turns":6},{"damage":17,"enemies":"Slavers","floor":28,"turns":5},{"damage":3,"enemies":"Gremlin Leader","floor":30,"turns":5},{"damage":21,"enemies":"Collector","floor":33,"turns":7},{"damage":0,"enemies":"3 Darklings","floor":35,"turns":2},{"damage":0,"enemies":"Orb Walker","floor":36,"turns":2},{"damage":1,"enemies":"Transient","floor":39,"turns":5},{"damage":58,"enemies":"Reptomancer","floor":42,"turns":5},{"damage":0,"enemies":"Giant Head","floor":44,"turns":4},{"damage":18,"enemies":"Spire Growth","floor":46,"turns":5},{"damage":0,"enemies":"Maw","floor":47,"turns":4},{"damage":26,"enemies":"Time Eater","floor":50,"turns":10}],"seed_played":"3038822400858039399","potions_obtained":[{"floor":5,"key":"CunningPotion"},{"floor":12,"key":"Weak Potion"},{"floor":22,"key":"AttackPotion"},{"floor":28,"key":"Fire Potion"},{"floor":30,"key":"PowerPotion"},{"floor":35,"key":"Fruit Juice"},{"floor":44,"key":"EssenceOfSteel"},{"floor":46,"key":"Energy Potion"},{"floor":47,"key":"PowerPotion"}],"is_trial":false,"path_per_floor":["M","?","?","?","M","?","T","E","T","R","$","E","M","M","R","B",null,"M","M","?","M","M","E","M","$","T","R","E","?","E","$","R","B",null,"M","M","?","?","M","R","$","E","T","E","?","M","M","$","R","B",null],"character_chosen":"THE_SILENT","items_purchased":["Poisoned Stab","Deadly Poison","Caltrops","Snake Skull","Apotheosis","Lee\u0027s Waffle"],"campfire_rested":3,"item_purchase_floors":[11,11,25,31,41,48],"current_hp_per_floor":[70,59,59,52,49,49,49,18,18,48,48,39,39,29,41,33,70,54,54,47,33,33,4,4,4,4,37,22,22,31,31,67,59,80,80,85,81,81,80,81,81,23,23,23,23,7,7,88,88,64],"gold":137,"neow_bonus":"THREE_CARDS","is_daily":false,"chose_seed":false,"campfire_upgraded":3,"win_rate":0.0,"timestamp":1613418506,"path_taken":["M","?","?","?","M","?","?","E","T","R","$","E","M","M","R","BOSS","M","M","?","M","?","E","M","?","T","R","E","?","E","?","R","BOSS","M","M","?","?","?","R","$","E","T","E","?","M","?","$","R","BOSS"],"items_purchased_type":["Card","Card","Card","Relic","Card","Relic"],"build_version":"2020-12-22","purchased_purges":3,"victory":true,"max_hp_per_floor":[70,70,70,70,70,70,70,70,70,70,70,70,70,70,70,70,70,70,70,70,70,70,70,70,70,70,70,70,70,80,80,80,80,80,80,85,81,81,81,81,81,81,81,81,81,81,81,88,88,88],"card_choices":[{"not_picked":["Quick Slash","Flechettes"],"picked":"Bouncing Flask","floor":0},{"not_picked":["Dagger Spray","Dodge and Roll"],"picked":"Leg Sweep","floor":1},{"not_picked":["Bouncing Flask","Dagger Spray"],"picked":"Deadly Poison","floor":5},{"not_picked":["Prepared","Dagger Throw"],"picked":"Poisoned Stab","floor":8},{"not_picked":["Riddle With Holes","Infinite Blades"],"picked":"Bouncing Flask","floor":12},{"not_picked":["Quick Slash","Underhanded Strike"],"picked":"Backflip","floor":13},{"not_picked":["Slice","Acrobatics","Leg Sweep"],"picked":"SKIP","floor":14},{"not_picked":["Burst","Die Die Die"],"picked":"Corpse Explosion","floor":16},{"not_picked":["Terror","Deadly Poison","Underhanded Strike"],"picked":"SKIP","floor":18},{"not_picked":["Underhanded Strike","Backflip+1"],"picked":"PiercingWail+1","floor":19},{"not_picked":["Underhanded Strike+1","Reflex"],"picked":"Sucker Punch","floor":21},{"not_picked":["Dagger Spray","Backflip","Glass Knife"],"picked":"SKIP","floor":22},{"not_picked":["Deflect","Dagger Throw+1","Underhanded Strike"],"picked":"SKIP","floor":23},{"not_picked":["Eviscerate","Deflect"],"picked":"Bane+1","floor":24},{"not_picked":["Escape Plan","Infinite Blades","Underhanded Strike"],"picked":"SKIP","floor":28},{"not_picked":["Flechettes","Unload"],"picked":"Bane","floor":30},{"not_picked":["Die Die Die","Night Terror"],"picked":"Adrenaline","floor":33},{"not_picked":["Backflip"],"picked":"SKIP","floor":35},{"not_picked":[],"picked":"Catalyst","floor":36},{"not_picked":["Dagger Throw+1"],"picked":"SKIP","floor":39},{"not_picked":[],"picked":"Night Terror","floor":42},{"not_picked":["Poisoned Stab+1"],"picked":"SKIP","floor":44},{"not_picked":["Prepared"],"picked":"SKIP","floor":46},{"not_picked":["Deadly Poison"],"picked":"SKIP","floor":47}],"player_experience":14676,"relics_obtained":[{"floor":7,"key":"Eternal Feather"},{"floor":8,"key":"Bird Faced Urn"},{"floor":9,"key":"Thread and Needle"},{"floor":12,"key":"Vajra"},{"floor":23,"key":"TungstenRod"},{"floor":23,"key":"Anchor"},{"floor":26,"key":"Lantern"},{"floor":28,"key":"Ancient Tea Set"},{"floor":28,"key":"Toy Ornithopter"},{"floor":30,"key":"Lizard Tail"},{"floor":30,"key":"Pear"},{"floor":42,"key":"Letter Opener"},{"floor":42,"key":"White Beast Statue"},{"floor":43,"key":"MealTicket"},{"floor":44,"key":"Nunchaku"},{"floor":44,"key":"MawBank"}],"event_choices":[{"damage_healed":0,"gold_gain":75,"player_choice":"Gather Gold","damage_taken":11,"max_hp_gain":0,"max_hp_loss":0,"event_name":"World of Goop","floor":2,"gold_loss":0},{"damage_healed":0,"gold_gain":0,"player_choice":"Box","damage_taken":0,"relics_obtained":["HornCleat"],"max_hp_gain":0,"max_hp_loss":0,"event_name":"Big Fish","floor":3,"gold_loss":0,"cards_obtained":["Regret"]},{"cards_removed":["Defend_G"],"damage_healed":0,"gold_gain":0,"player_choice":"Card Removal","damage_taken":7,"max_hp_gain":0,"max_hp_loss":0,"event_name":"Golden Wing","floor":4,"gold_loss":0},{"damage_healed":0,"gold_gain":0,"player_choice":"Take Wound","damage_taken":0,"relics_obtained":["Golden Idol"],"max_hp_gain":0,"max_hp_loss":0,"event_name":"Golden Idol","floor":6,"gold_loss":0,"cards_obtained":["Injury"]},{"damage_healed":0,"gold_gain":75,"player_choice":"Touch","damage_taken":7,"max_hp_gain":0,"max_hp_loss":0,"event_name":"FaceTrader","floor":20,"gold_loss":0},{"cards_removed":["Strike_G"],"damage_healed":0,"gold_gain":0,"player_choice":"Gave Gold","damage_taken":0,"max_hp_gain":0,"max_hp_loss":0,"event_name":"Beggar","floor":29,"gold_loss":75},{"damage_healed":0,"gold_gain":0,"player_choice":"Max HP","damage_taken":0,"max_hp_gain":0,"max_hp_loss":4,"event_name":"Winding Halls","floor":37,"gold_loss":0},{"damage_healed":0,"gold_gain":0,"player_choice":"Ignored","damage_taken":0,"max_hp_gain":0,"max_hp_loss":0,"event_name":"Tomb of Lord Red Mask","floor":38,"gold_loss":0},{"damage_healed":0,"gold_gain":0,"player_choice":"Rummage","damage_taken":0,"relics_obtained":["WarpedTongs"],"max_hp_gain":0,"max_hp_loss":0,"event_name":"Accursed Blacksmith","floor":45,"gold_loss":0,"cards_obtained":["Pain"]}],"is_beta":false,"boss_relics":[{"not_picked":["SacredBark","Astrolabe"],"picked":"Black Star"},{"not_picked":["Runic Dome","Tiny House"],"picked":"Busted Crown"}],"items_purged_floors":[11,25,31],"is_endless":false,"potions_floor_spawned":[5,12,22,28,30,35,44,46,47],"ascension_level":0}}