{"host":"qxeepl7ydvsgmfdb","time":1613401133,"event":{"mods":["AchievementEnabler","BaseMod","Colored Powertips","Minty Spire (QoL Compilation)","Quick Restart","slay the spire mod where everything is the same but ironclad has a cowboy hat"],"gold_per_floor":[112,112,139,139,139,139,177,177,200,236,236,277,242,255,255,255,255],"floor_reached":16,"language":"ENG","playtime":406,"items_purged":[],"score":303,"play_id":"86e978f3-84bd-4a31-98e8-3592ffbd4e84","local_time":"20210215095853","is_ascension_mode":true,"campfire_choices":[{"floor":6,"key":"REST"},{"floor":8,"key":"REST"},{"data":"Cloak And Dagger","floor":11,"key":"SMITH"},{"data":"Terror","floor":15,"key":"SMITH"}],"circlet_count":0,"master_deck":["AscendersBane","Strike_G","Strike_G","Strike_G","Strike_G","Defend_G","Defend_G","Defend_G","Defend_G","Defend_G","Survivor","Neutralize","Slice","Cloak And Dagger+1","Terror+1"],"relics":["Ring of the Snake","NeowsBlessing","Juzu Bracelet","Golden Idol","Omamori","Toy Ornithopter","Lantern","Ginger","Oddly Smooth Stone"],"acts_visited":["Exordium"],"potions_floor_usage":[12,16],"damage_taken":[{"damage":0,"enemies":"Jaw Worm","floor":1,"turns":1},{"damage":0,"enemies":"3 Sentries","floor":7,"turns":1},{"damage":0,"enemies":"Lagavulin","floor":10,"turns":1},{"damage":20,"enemies":"3 Sentries","floor":12,"turns":8},{"damage":0,"enemies":"Small Slimes","floor":14,"turns":2},{"damage":42,"enemies":"The Guardian","floor":16,"turns":17}],"seed_played":"2693556823977145314","potions_obtained":[{"floor":7,"key":"ColorlessPotion"},{"floor":12,"key":"Block Potion"}],"is_trial":false,"path_per_floor":["M","?","T","?","?","R","E","R","T","E","R","E","?","M","R","B"],"character_chosen":"THE_SILENT","items_purchased":[],"campfire_rested":2,"item_purchase_floors":[],"current_hp_per_floor":[59,59,59,36,10,29,29,48,48,48,48,33,49,49,49,12,12],"gold":255,"neow_bonus":"THREE_ENEMY_KILL","is_daily":false,"chose_seed":false,"campfire_upgraded":2,"win_rate":0.0,"timestamp":1613401133,"path_taken":["M","?","?","?","?","R","E","R","T","E","R","E","?","M","R","BOSS"],"items_purchased_type":[],"build_version":"2020-12-22","purchased_purges":0,"victory":false,"max_hp_per_floor":[66,66,66,66,66,66,66,66,66,66,66,66,66,66,66,66,66],"card_choices":[{"not_picked":["Flying Knee","Quick Slash"],"picked":"Slice","floor":1},{"not_picked":["Skewer","Dodge and Roll"],"picked":"Cloak And Dagger","floor":7},{"not_picked":["Underhanded Strike","Acrobatics","Sucker Punch"],"picked":"SKIP","floor":10},{"not_picked":["Backflip","Flechettes"],"picked":"Terror","floor":12},{"not_picked":["Underhanded Strike","Dagger Throw","Sucker Punch"],"picked":"SKIP","floor":14}],"player_experience":154769,"relics_obtained":[{"floor":3,"key":"Juzu Bracelet"},{"floor":7,"key":"Toy Ornithopter"},{"floor":9,"key":"Lantern"},{"floor":10,"key":"Ginger"},{"floor":12,"key":"Oddly Smooth Stone"}],"event_choices":[{"cards_removed":["Strike_G"],"damage_healed":0,"gold_gain":0,"player_choice":"Forget","damage_taken":0,"max_hp_gain":0,"max_hp_loss":0,"event_name":"Living Wall","floor":2,"gold_loss":0},{"damage_healed":0,"gold_gain":0,"player_choice":"Take Damage","damage_taken":23,"relics_obtained":["Golden Idol"],"max_hp_gain":0,"max_hp_loss":0,"event_name":"Golden Idol","floor":4,"gold_loss":0},{"damage_healed":0,"gold_gain":0,"player_choice":"Success","damage_taken":26,"relics_obtained":["Omamori"],"max_hp_gain":0,"max_hp_loss":0,"event_name":"Scrap Ooze","floor":5,"gold_loss":0},{"damage_healed":16,"gold_gain":0,"player_choice":"Healed","damage_taken":0,"max_hp_gain":0,"max_hp_loss":0,"event_name":"The Cleric","floor":13,"gold_loss":35}],"is_beta":false,"boss_relics":[],"items_purged_floors":[],"is_endless":false,"potions_floor_spawned":[7,12],"killed_by":"The Guardian","ascension_level":17}}