{"host":"if46sxignvy4ka0k","time":1613379469,"event":{"mods":["BaseMod","Minty Spire (QoL Compilation)","StSLib","The Cursed"],"gold_per_floor":[110,128,128,78,78,111,111,139,218,240,41,51,51,0,0,101,101,117,117,145,160,172,172,198,198,198,198,198,123,157,170,170,170,170],"floor_reached":33,"language":"ENG","playtime":1929,"items_purged":[],"score":289,"play_id":"93b43327-9e13-43e9-97e5-33ef4df05114","local_time":"20210215025749","is_ascension_mode":false,"campfire_choices":[{"data":"Bash","floor":7,"key":"SMITH"},{"data":"True Grit","floor":13,"key":"SMITH"},{"data":"Thunderclap","floor":15,"key":"SMITH"},{"floor":23,"key":"REST"},{"floor":25,"key":"RECALL"},{"data":"Dropkick","floor":28,"key":"SMITH"},{"data":"Double Tap","floor":32,"key":"SMITH"}],"circlet_count":0,"master_deck":["Strike_R","Defend_R","Defend_R","Bash+1","Pommel Strike","Reckless Charge","Blood for Blood","Exhume","Power Through","Clothesline","Evolve","True Grit+1","Thunderclap+1","Juggernaut","Disarm+1","Clash+1","Flame Barrier+1","Inflame","Shrug It Off+1","Double Tap+1","Dropkick+1","Ghostly Armor"],"relics":["Burning Blood","Boot","Meat on the Bone","Art of War","Bottled Lightning","Odd Mushroom","Omamori","InkBottle","Astrolabe","Red Mask","Juzu Bracelet","MealTicket"],"acts_visited":["Exordium","TheCity"],"potions_floor_usage":[6,8,10,20,20,30,31],"damage_taken":[{"damage":1,"enemies":"Jaw Worm","floor":1,"turns":3},{"damage":2,"enemies":"2 Louse","floor":2,"turns":2},{"damage":27,"enemies":"Gremlin Nob","floor":6,"turns":4},{"damage":31,"enemies":"Lagavulin","floor":8,"turns":6},{"damage":9,"enemies":"The Mushroom Lair","floor":10,"turns":3},{"damage":4,"enemies":"Small Slimes","floor":12,"turns":3},{"damage":28,"enemies":"The Guardian","floor":16,"turns":12},{"damage":14,"enemies":"3 Byrds","floor":18,"turns":3},{"damage":28,"enemies":"Masked Bandits","floor":20,"turns":5},{"damage":15,"enemies":"Chosen","floor":21,"turns":6},{"damage":49,"enemies":"3 Cultists","floor":22,"turns":6},{"damage":21,"enemies":"Book of Stabbing","floor":24,"turns":8},{"damage":25,"enemies":"Gremlin Leader","floor":30,"turns":7},{"damage":14,"enemies":"Snecko","floor":31,"turns":5},{"damage":47,"enemies":"Champ","floor":33,"turns":16}],"seed_played":"-5521651844514731808","potions_obtained":[{"floor":1,"key":"PowerPotion"},{"floor":6,"key":"ElixirPotion"},{"floor":8,"key":"DistilledChaos"},{"floor":16,"key":"EssenceOfSteel"},{"floor":18,"key":"Fire Potion"},{"floor":24,"key":"FearPotion"},{"floor":30,"key":"AttackPotion"}],"is_trial":false,"path_per_floor":["M","M","?","?","?","E","R","E","T","?","$","M","R","?","R","B",null,"M","?","?","M","M","R","E","R","T","?","R","?","E","M","R","B"],"character_chosen":"IRONCLAD","items_purchased":["True Grit","Omamori"],"campfire_rested":1,"item_purchase_floors":[11,11],"current_hp_per_floor":[80,80,80,80,55,34,34,21,21,30,30,44,44,44,44,34,80,72,72,50,53,22,46,43,43,43,43,43,43,36,40,40,0,0],"gold":170,"neow_bonus":"THREE_CARDS","is_daily":false,"chose_seed":false,"campfire_upgraded":5,"win_rate":0.0,"timestamp":1613379469,"path_taken":["M","M","?","?","?","E","R","E","T","?","$","M","R","?","R","BOSS","M","?","?","M","M","R","E","R","T","?","R","?","E","M","R","BOSS"],"items_purchased_type":["Card","Relic"],"build_version":"2020-12-22","purchased_purges":0,"victory":false,"max_hp_per_floor":[80,80,80,80,80,80,80,80,80,80,80,80,80,80,80,80,80,80,80,80,80,80,80,80,80,80,80,80,80,80,80,80,80,80],"card_choices":[{"not_picked":["Second Wind","Havoc"],"picked":"Pommel Strike","floor":0},{"not_picked":["Entrench","Clothesline"],"picked":"Reckless Charge","floor":1},{"not_picked":["Havoc","Twin Strike"],"picked":"Blood for Blood","floor":2},{"not_picked":["True Grit","Headbutt"],"picked":"Power Through","floor":6},{"not_picked":["Heavy Blade","Limit Break"],"picked":"Clothesline","floor":8},{"not_picked":["Wild Strike","Clothesline"],"picked":"Evolve","floor":10},{"not_picked":["True Grit","Anger"],"picked":"Thunderclap","floor":12},{"not_picked":["Limit Break","Exhume"],"picked":"Juggernaut","floor":16},{"not_picked":["Battle Trance","Anger","Thunderclap"],"picked":"SKIP","floor":18},{"not_picked":["Reckless Charge","Twin Strike"],"picked":"Inflame","floor":21},{"not_picked":["Clothesline","True Grit"],"picked":"Shrug It Off+1","floor":22},{"not_picked":["Offering","Seeing Red","Shrug It Off"],"picked":"SKIP","floor":24},{"not_picked":["Anger+1","Body Slam","Sword Boomerang"],"picked":"SKIP","floor":30},{"not_picked":["Perfected Strike","Pommel Strike+1"],"picked":"Ghostly Armor","floor":31}],"player_experience":2157931,"relics_obtained":[{"floor":6,"key":"Meat on the Bone"},{"floor":8,"key":"Art of War"},{"floor":9,"key":"Bottled Lightning"},{"floor":10,"key":"Odd Mushroom"},{"floor":20,"key":"Red Mask"},{"floor":24,"key":"Juzu Bracelet"},{"floor":30,"key":"MealTicket"}],"event_choices":[{"damage_healed":0,"gold_gain":0,"cards_transformed":["Strike_R"],"player_choice":"Change","damage_taken":0,"max_hp_gain":0,"max_hp_loss":0,"event_name":"Living Wall","floor":3,"gold_loss":0,"cards_obtained":["Exhume"]},{"cards_removed":["Strike_R"],"damage_healed":0,"gold_gain":0,"player_choice":"Card Removal","damage_taken":0,"max_hp_gain":0,"max_hp_loss":0,"event_name":"The Cleric","floor":4,"gold_loss":50},{"damage_healed":0,"gold_gain":0,"player_choice":"Success","damage_taken":25,"relics_obtained":["Boot"],"max_hp_gain":0,"max_hp_loss":0,"event_name":"Scrap Ooze","floor":5,"gold_loss":0},{"damage_healed":0,"gold_gain":0,"player_choice":"Fought Mushrooms","damage_taken":0,"max_hp_gain":0,"max_hp_loss":0,"event_name":"Mushrooms","floor":10,"gold_loss":0},{"damage_healed":0,"gold_gain":0,"player_choice":"Paid Gold","damage_taken":0,"relics_obtained":["InkBottle"],"max_hp_gain":0,"max_hp_loss":0,"event_name":"WeMeetAgain","floor":14,"gold_loss":51},{"damage_healed":0,"gold_gain":0,"player_choice":"Smashed Altar","damage_taken":0,"max_hp_gain":0,"max_hp_loss":0,"event_name":"Forgotten Altar","floor":19,"gold_loss":0,"cards_obtained":["Decay"]},{"damage_healed":0,"gold_gain":0,"player_choice":"Fought Bandits","damage_taken":0,"max_hp_gain":0,"max_hp_loss":0,"event_name":"Masked Bandits","floor":20,"gold_loss":0},{"damage_healed":0,"gold_gain":0,"player_choice":"2 cards matched","damage_taken":0,"max_hp_gain":0,"max_hp_loss":0,"event_name":"Match and Keep!","floor":27,"gold_loss":0,"cards_obtained":["Double Tap","Dropkick"]},{"cards_removed":["Defend_R"],"damage_healed":0,"gold_gain":0,"player_choice":"Gave Gold","damage_taken":0,"max_hp_gain":0,"max_hp_loss":0,"event_name":"Beggar","floor":29,"gold_loss":75}],"is_beta":false,"boss_relics":[{"not_picked":["Coffee Dripper","Black Star"],"picked":"Astrolabe"}],"items_purged_floors":[],"is_endless":false,"potions_floor_spawned":[1,6,8,16,18,24,30],"killed_by":"Champ","ascension_level":0}}