{"host":"dx8mnueonnkh60qu","time":1613362579,"event":{"mods":["AchievementEnabler","Act Like it!","Aspiration","BaseMod","Better Silent Start","Better Third Choice","Bossed Relics","CCEM2","Conspire","Defuse TimeMaze Blight","Dota2Spire","Downfall","Hubris","Infinite Spire","Marked Mod","Minty Spire (QoL Compilation)","Quarter Circle Forward PUNCH!","Rare Cards Sparkle","Relic Stats","Reliquary","Robot Space Explorer","Spicy Shops","Spikes Relics","StSLib","SuperFastMode","The Blue Laboratory","The Caster"],"gold_per_floor":[113,113,130,146,126,126,152,2,2,2,30,44,44,70,70,70,70],"floor_reached":16,"language":"ENG","playtime":485,"items_purged":[],"score":142,"play_id":"a551bd14-5b1a-4a38-bc7b-4e7f3c07acd5","local_time":"20210214231619","is_ascension_mode":true,"campfire_choices":[{"data":"Cloak And Dagger","floor":6,"key":"SMITH"},{"data":"Night Terror","floor":10,"key":"SMITH"},{"floor":15,"key":"REST"}],"circlet_count":0,"master_deck":["Strike_G","Strike_G","Strike_G","Strike_G","Defend_G","Defend_G","Defend_G","Defend_G","Survivor","Neutralize","Night Terror+1","Cloak And Dagger+1","Dagger Spray","Dagger Throw","All Out Attack","Acrobatics","Enlightenment+1","Cloak And Dagger","Trip+1","Dash"],"relics":["Ring of the Snake","CCEMRelics:JestersCrown","Lee\u0027s Waffle","Dota2Spire:ArcaneBoots","CCEMRelics:FestiveHat","reliquary:SilkGlove"],"acts_visited":["Exordium"],"potions_floor_usage":[7,11,12],"damage_taken":[{"damage":0,"enemies":"2 Louse","floor":1,"turns":3},{"damage":7,"enemies":"Cultist","floor":3,"turns":5},{"damage":7,"enemies":"conspire:RoseBush","floor":4,"turns":5},{"damage":19,"enemies":"3 Sentries","floor":7,"turns":7},{"damage":24,"enemies":"Gremlin Nob","floor":11,"turns":4},{"damage":15,"enemies":"conspire:2 RoseBushes","floor":12,"turns":5},{"damage":28,"enemies":"3 Sentries","floor":14,"turns":6},{"damage":8,"enemies":"The Guardian","floor":16,"turns":7}],"seed_played":"5581399283236511623","potions_obtained":[{"floor":2,"key":"blueLaboratory:HorrorPotion"},{"floor":2,"key":"blueLaboratory:CorrosionFlask"},{"floor":2,"key":"blueLaboratory:AbyssPotion"},{"floor":5,"key":"infinitespire:BlackPotion"},{"floor":7,"key":"SneckoOil"},{"floor":11,"key":"Ancient Potion"},{"floor":14,"key":"blueLaboratory:BottleOfRum"}],"is_trial":false,"path_per_floor":["M","?","M","M","?","R","E","$","T","R","E","M","$","E","R","B"],"character_chosen":"THE_SILENT","items_purchased":["Lee\u0027s Waffle"],"campfire_rested":1,"item_purchase_floors":[8],"current_hp_per_floor":[70,70,63,56,56,56,37,77,77,77,53,38,38,10,33,25,25],"gold":70,"neow_bonus":"ONE_RANDOM_RARE_CARD","is_daily":false,"chose_seed":false,"campfire_upgraded":2,"win_rate":0.0,"timestamp":1613362579,"path_taken":["M","?","M","?","?","R","E","$","T","R","E","M","?","E","R","BOSS"],"items_purchased_type":["Relic"],"build_version":"2020-12-22","purchased_purges":0,"victory":false,"max_hp_per_floor":[70,70,70,70,70,70,70,77,77,77,77,77,77,77,77,77,77],"relic_stats":{"Lee\u0027s Waffle":40,"counters":[8,41],"obtain_stats":[{"Lee\u0027s Waffle":8,"reliquary:SilkGlove":14,"CCEMRelics:FestiveHat":11,"Dota2Spire:ArcaneBoots":9,"CCEMRelics:JestersCrown":7,"Ring of the Snake":0},{"Lee\u0027s Waffle":4,"reliquary:SilkGlove":7,"CCEMRelics:FestiveHat":5,"Dota2Spire:ArcaneBoots":4,"CCEMRelics:JestersCrown":4,"Ring of the Snake":0},{"Lee\u0027s Waffle":20,"reliquary:SilkGlove":35,"CCEMRelics:FestiveHat":24,"Dota2Spire:ArcaneBoots":20,"CCEMRelics:JestersCrown":20,"Ring of the Snake":0}],"Ring of the Snake":[40]},"card_choices":[{"not_picked":["Expertise","conspire:PoisonWeapons"],"picked":"Cloak And Dagger","floor":1},{"not_picked":["Setup","Prepared"],"picked":"Dagger Spray","floor":3},{"not_picked":["Concentrate","Outmaneuver"],"picked":"Dagger Throw","floor":4},{"not_picked":["Wraith Form v2","Tactician"],"picked":"All Out Attack","floor":7},{"not_picked":["Reflex","Heel Hook"],"picked":"Acrobatics","floor":11},{"not_picked":["Deep Breath+1","Panacea+1"],"picked":"Enlightenment+1","floor":12},{"not_picked":["Outmaneuver","Sucker Punch"],"picked":"Cloak And Dagger","floor":12},{"not_picked":["Impatience+1","Reforge+1"],"picked":"Trip+1","floor":14},{"not_picked":["PiercingWail","Cloak And Dagger"],"picked":"Dash","floor":14}],"player_experience":636395,"relics_obtained":[{"floor":7,"key":"CCEMRelics:JestersCrown"},{"floor":9,"key":"Dota2Spire:ArcaneBoots"},{"floor":11,"key":"CCEMRelics:FestiveHat"},{"floor":14,"key":"reliquary:SilkGlove"}],"event_choices":[{"damage_healed":0,"gold_gain":0,"player_choice":"Got Potions","damage_taken":0,"max_hp_gain":0,"max_hp_loss":0,"event_name":"Lab","floor":2,"gold_loss":0},{"damage_healed":0,"gold_gain":0,"player_choice":"Bought 1 Potion","damage_taken":0,"max_hp_gain":0,"max_hp_loss":0,"event_name":"The Woman in Blue","floor":5,"gold_loss":0}],"is_beta":false,"boss_relics":[],"items_purged_floors":[],"is_endless":false,"potions_floor_spawned":[3,7,11,14],"killed_by":"The Guardian","ascension_level":4}}