{"host":"zsnmfqgcm92hlreo","time":1613358836,"event":{"mods":["AchievementEnabler","BaseMod","Bestiary","Block Reminder","Colored Map","Colored Powertips","Filter the Spire","Minty Spire (QoL Compilation)","Permanent Neow","Quick Restart","Relic Stats","StSLib","Weighted Paths"],"gold_per_floor":[116,136,2,13,31,57,57,89,89,118,118,134,134,148,148,222,222,232,232,232,250,281,315,315,330,330,68,100,100,132,147,147,147,147],"floor_reached":33,"language":"ENG","playtime":1538,"items_purged":[],"score":650,"play_id":"51063c5b-3a7c-4bf9-8395-d597075c33d2","local_time":"20210214211356","is_ascension_mode":true,"campfire_choices":[{"floor":7.0,"key":"REST"},{"floor":11.0,"key":"REST"},{"floor":13.0,"key":"REST"},{"data":"Malaise","floor":15.0,"key":"SMITH"},{"floor":24.0,"key":"REST"},{"floor":29,"key":"REST"},{"floor":32,"key":"REST"}],"circlet_count":0,"master_deck":["AscendersBane","Survivor","Neutralize","Malaise+1","Storm of Steel","Calculated Gamble","Backstab","A Thousand Cuts","Deadly Poison","Night Terror","Glass Knife","After Image","Blade Dance","Slice","Footwork","Acrobatics","Poisoned Stab","Dash","Crippling Poison","Backflip","Die Die Die","Blade Dance","Noxious Fumes","Setup+1","Caltrops","PiercingWail+1","Backflip"],"relics":["Pandora\u0027s Box","Du-Vu Doll","MealTicket","Potion Belt","Question Card","Fusion Hammer","Red Mask","Tiny Chest","Oddly Smooth Stone","PreservedInsect","Lizard Tail","Ancient Tea Set"],"acts_visited":["Exordium","TheCity"],"potions_floor_usage":[28,33],"damage_taken":[{"damage":0.0,"enemies":"Cultist","floor":1.0,"turns":2.0},{"damage":6.0,"enemies":"2 Louse","floor":2.0,"turns":2.0},{"damage":0.0,"enemies":"Small Slimes","floor":4.0,"turns":3.0},{"damage":20.0,"enemies":"3 Louse","floor":5.0,"turns":3.0},{"damage":12.0,"enemies":"3 Sentries","floor":6.0,"turns":4.0},{"damage":13.0,"enemies":"Lagavulin","floor":8.0,"turns":5.0},{"damage":20.0,"enemies":"3 Sentries","floor":10.0,"turns":5.0},{"damage":17.0,"enemies":"Exordium Wildlife","floor":12.0,"turns":3.0},{"damage":0.0,"enemies":"Looter","floor":14.0,"turns":2.0},{"damage":13.0,"enemies":"The Guardian","floor":16.0,"turns":10.0},{"damage":5.0,"enemies":"Spheric Guardian","floor":18.0,"turns":4.0},{"damage":25.0,"enemies":"3 Byrds","floor":21.0,"turns":5.0},{"damage":4.0,"enemies":"Masked Bandits","floor":22.0,"turns":3.0},{"damage":15.0,"enemies":"Gremlin Leader","floor":23.0,"turns":7.0},{"damage":21.0,"enemies":"Shelled Parasite and Fungi","floor":25.0,"turns":4.0},{"damage":11,"enemies":"Book of Stabbing","floor":28,"turns":5},{"damage":33,"enemies":"Slavers","floor":30,"turns":3},{"damage":12,"enemies":"Centurion and Healer","floor":31,"turns":6},{"damage":100,"enemies":"Champ","floor":33,"turns":14}],"seed_played":"-8330715111773095018","potions_obtained":[{"floor":4.0,"key":"DuplicationPotion"},{"floor":10.0,"key":"FairyPotion"},{"floor":12.0,"key":"CunningPotion"},{"floor":14.0,"key":"GhostInAJar"},{"floor":18.0,"key":"Fruit Juice"},{"floor":23.0,"key":"Swift Potion"},{"floor":25.0,"key":"Dexterity Potion"},{"floor":28,"key":"Poison Potion"}],"is_trial":false,"path_per_floor":["M","M","$","M","M","E","R","E","T","E","R","M","R","M","R","B",null,"M","?","?","M","?","E","R","M","T","$","E","R","E","M","R","B"],"character_chosen":"THE_SILENT","items_purchased":["Footwork","Fire Potion","Caltrops","PreservedInsect","Block Potion"],"campfire_rested":6,"item_purchase_floors":[3,3,27,27,27],"current_hp_per_floor":[59,53,53,53,33,21,40,27,27,7,26,9,28,28,28,15,53,53,53,53,28,24,9,30,9,9,24,13,34,1,13,34,0,0],"gold":147,"neow_bonus":"BOSS_RELIC","is_daily":false,"chose_seed":false,"campfire_upgraded":1,"win_rate":0.0,"timestamp":1613358836,"path_taken":["M","M","?","M","M","E","R","E","T","E","R","M","R","M","R","BOSS","M","?","?","M","?","E","R","?","T","$","E","R","E","M","R","BOSS"],"items_purchased_type":["Card","Potion","Card","Relic","Potion"],"build_version":"2020-12-22","purchased_purges":0,"victory":false,"max_hp_per_floor":[66,66,66,66,66,66,66,66,66,66,66,66,66,66,66,66,66,71,71,71,71,71,71,71,71,71,71,71,71,71,71,71,71,71],"relic_stats":{"Lizard Tail":35,"counters":[19,90],"Pandora\u0027s Box":["A Thousand Cuts","Malaise","Storm of Steel","Calculated Gamble","Backstab","A Thousand Cuts","Deadly Poison","Night Terror","Glass Knife","After Image"],"MealTicket":15,"Tiny Chest":0,"PreservedInsect":84,"Question Card":11,"obtain_stats":[{"Potion Belt":9,"Oddly Smooth Stone":26,"PreservedInsect":27,"Question Card":10,"Ancient Tea Set":30,"Du-Vu Doll":6,"Lizard Tail":28,"Pandora\u0027s Box":0,"MealTicket":8,"Tiny Chest":23,"Fusion Hammer":17,"Red Mask":22,"Ring of the Snake":0},{"Potion Belt":6,"Oddly Smooth Stone":15,"PreservedInsect":15,"Question Card":7,"Ancient Tea Set":17,"Du-Vu Doll":5,"Lizard Tail":16,"Pandora\u0027s Box":0,"MealTicket":6,"Tiny Chest":14,"Fusion Hammer":10,"Red Mask":13,"Ring of the Snake":0},{"Potion Belt":19,"Oddly Smooth Stone":62,"PreservedInsect":62,"Question Card":24,"Ancient Tea Set":70,"Du-Vu Doll":14,"Lizard Tail":67,"Pandora\u0027s Box":0,"MealTicket":19,"Tiny Chest":58,"Fusion Hammer":39,"Red Mask":51,"Ring of the Snake":0}]},"card_choices":[{"not_picked":["Poisoned Stab","Deflect"],"picked":"Blade Dance","floor":1.0},{"not_picked":["Underhanded Strike","Setup"],"picked":"Slice","floor":2.0},{"not_picked":["Bane","Outmaneuver"],"picked":"Acrobatics","floor":4.0},{"not_picked":["Prepared","Sucker Punch"],"picked":"Poisoned Stab","floor":5.0},{"not_picked":["Flying Knee","Catalyst"],"picked":"Dash","floor":6.0},{"not_picked":["Tools of the Trade","Prepared"],"picked":"Crippling Poison","floor":8.0},{"not_picked":["Tactician","Eviscerate","Outmaneuver"],"picked":"SKIP","floor":10.0},{"not_picked":["Expertise","Flechettes","Outmaneuver","Masterful Stab"],"picked":"SKIP","floor":12.0},{"not_picked":["Underhanded Strike","Catalyst","Dagger Spray"],"picked":"Backflip","floor":14.0},{"not_picked":["Burst","Doppelganger","Grand Finale"],"picked":"Die Die Die","floor":16.0},{"not_picked":["Deflect","Bane","Expertise","Deadly Poison"],"picked":"SKIP","floor":18.0},{"not_picked":["Acrobatics","PiercingWail","Cloak And Dagger"],"picked":"Blade Dance","floor":21.0},{"not_picked":["Deflect+1","Concentrate","Endless Agony"],"picked":"Noxious Fumes","floor":22.0},{"not_picked":["Sucker Punch","Deadly Poison","Reflex","Concentrate"],"picked":"SKIP","floor":23.0},{"not_picked":["Burst","Bane","Terror"],"picked":"Setup+1","floor":25.0},{"not_picked":["Reflex","Deadly Poison","Prepared"],"picked":"PiercingWail+1","floor":28},{"not_picked":["All Out Attack+1","Catalyst","Dash"],"picked":"Backflip","floor":30},{"not_picked":["Setup","Sucker Punch","Dagger Spray","PiercingWail"],"picked":"SKIP","floor":31}],"player_experience":1135412,"relics_obtained":[{"floor":6.0,"key":"Du-Vu Doll"},{"floor":8.0,"key":"MealTicket"},{"floor":9.0,"key":"Potion Belt"},{"floor":10.0,"key":"Question Card"},{"floor":22.0,"key":"Red Mask"},{"floor":23.0,"key":"Tiny Chest"},{"floor":26.0,"key":"Oddly Smooth Stone"},{"floor":28,"key":"Lizard Tail"},{"floor":30,"key":"Ancient Tea Set"}],"event_choices":[{"damage_healed":0.0,"max_hp_gain":0.0,"max_hp_loss":0.0,"gold_gain":0.0,"event_name":"Cursed Tome","player_choice":"Ignored","floor":19.0,"gold_loss":0.0,"damage_taken":0.0},{"cards_removed":["A Thousand Cuts"],"damage_healed":0.0,"max_hp_gain":0.0,"max_hp_loss":0.0,"gold_gain":0.0,"event_name":"Back to Basics","player_choice":"Elegance","floor":20.0,"gold_loss":0.0,"damage_taken":0.0},{"damage_healed":0.0,"max_hp_gain":0.0,"max_hp_loss":0.0,"gold_gain":0.0,"event_name":"Masked Bandits","player_choice":"Fought Bandits","floor":22.0,"gold_loss":0.0,"damage_taken":0.0}],"is_beta":false,"boss_relics":[{"not_picked":["Calling Bell","HoveringKite"],"picked":"Fusion Hammer"}],"items_purged_floors":[],"is_endless":false,"potions_floor_spawned":[4,8,10,12,14,18,23,25,28],"killed_by":"Champ","ascension_level":20}}