{"host":"y76clbnovzmw9ubx","time":1613404666,"event":{"mods":["AchievementEnabler","BaseMod","Minty Spire (QoL Compilation)","Permanent Neow","Relic Stats"],"gold_per_floor":[54,84,114,190,54,122,159,159,159,159,218,273,365,365,365],"floor_reached":14,"language":"ENG","playtime":786,"items_purged":[],"score":192,"play_id":"040949e6-0392-444b-a0c9-413902f475cb","local_time":"20210215105746","is_ascension_mode":true,"campfire_choices":[{"floor":8,"key":"REST"},{"floor":10,"key":"REST"}],"circlet_count":0,"master_deck":["AscendersBane","Strike_G","Strike_G","Strike_G","Strike_G","Strike_G","Defend_G","Defend_G","Defend_G","Defend_G","Defend_G","Survivor","Neutralize","HandOfGreed","Deadly Poison","Sucker Punch","Venomology","Flechettes","Footwork","Poisoned Stab","Dagger Spray","Leg Sweep","Backstab"],"relics":["Ring of the Snake","Paper Crane","InkBottle"],"acts_visited":["Exordium"],"potions_floor_usage":[6,6,7,14,14,14,14],"damage_taken":[{"damage":1,"enemies":"2 Louse","floor":1,"turns":3},{"damage":1,"enemies":"Cultist","floor":2,"turns":4},{"damage":2,"enemies":"Jaw Worm","floor":3,"turns":5},{"damage":29,"enemies":"Gremlin Gang","floor":4,"turns":8},{"damage":19,"enemies":"3 Sentries","floor":6,"turns":10},{"damage":0,"enemies":"Exordium Thugs","floor":7,"turns":3},{"damage":15,"enemies":"Large Slime","floor":11,"turns":10},{"damage":2,"enemies":"3 Louse","floor":12,"turns":6},{"damage":11,"enemies":"Gremlin Gang","floor":13,"turns":13},{"damage":31,"enemies":"Gremlin Nob","floor":14,"turns":4}],"seed_played":"-6904984868437823274","potions_obtained":[{"floor":1,"key":"FearPotion"},{"floor":3,"key":"EssenceOfSteel"},{"floor":7,"key":"PowerPotion"}],"is_trial":false,"path_per_floor":["M","M","M","M","$","E","M","R","T","R","M","M","M","E"],"character_chosen":"THE_SILENT","items_purchased":["Footwork","Poisoned Stab"],"campfire_rested":2,"item_purchase_floors":[5,5],"current_hp_per_floor":[58,57,55,26,26,7,7,26,26,45,30,28,17,0,0],"gold":365,"neow_bonus":"RANDOM_COLORLESS_2","is_daily":false,"chose_seed":false,"campfire_upgraded":0,"win_rate":0.0,"timestamp":1613404666,"path_taken":["M","M","M","M","$","E","M","R","T","R","M","M","M","E"],"items_purchased_type":["Card","Card"],"build_version":"2020-12-22","purchased_purges":0,"victory":false,"max_hp_per_floor":[66,66,66,66,66,66,66,66,66,66,66,66,66,66,66],"relic_stats":{"counters":[10,66],"obtain_stats":[{"Paper Crane":6,"InkBottle":9,"Ring of the Snake":0},{"Paper Crane":5,"InkBottle":6,"Ring of the Snake":0},{"Paper Crane":30,"InkBottle":33,"Ring of the Snake":0}],"InkBottle":[6],"Ring of the Snake":[20]},"card_choices":[{"not_picked":["Secret Weapon","Secret Technique"],"picked":"HandOfGreed","floor":0},{"not_picked":["Slice","Sucker Punch"],"picked":"Deadly Poison","floor":1},{"not_picked":["PiercingWail","Outmaneuver"],"picked":"Sucker Punch","floor":2},{"not_picked":["Expertise","Choke"],"picked":"Venomology","floor":3},{"not_picked":["Accuracy","Finisher"],"picked":"Flechettes","floor":4},{"not_picked":["Backflip","Sucker Punch"],"picked":"Dagger Spray","floor":6},{"not_picked":["Sucker Punch","Finisher","Tactician"],"picked":"SKIP","floor":7},{"not_picked":["Slice","Quick Slash","Cloak And Dagger"],"picked":"SKIP","floor":11},{"not_picked":["Underhanded Strike","Calculated Gamble"],"picked":"Leg Sweep","floor":12},{"not_picked":["Blade Dance","Glass Knife"],"picked":"Backstab","floor":13}],"player_experience":3243758,"relics_obtained":[{"floor":6,"key":"Paper Crane"},{"floor":9,"key":"InkBottle"}],"event_choices":[],"is_beta":false,"boss_relics":[],"items_purged_floors":[],"is_endless":false,"potions_floor_spawned":[1,3,7,11],"killed_by":"Gremlin Nob","ascension_level":20}}