{"host":"sav7uxregyirlf69","time":1613370380,"event":{"mods":["AchievementEnabler","BaseMod","Colored Map","DeckTracker","Keyboard Shortcuts","Minty Spire (QoL Compilation)","READ ME - Guardian Mod","StSLib","SuperFastMode"],"gold_per_floor":[114,127,145,157,58,87,87,87,387,387,387,387,129,140,140,140,140],"floor_reached":16,"language":"KOR","playtime":215,"items_purged":["Strike_G","Strike_G"],"score":200,"play_id":"9a640fd8-895c-420b-9652-2289264eb096","local_time":"20210215152620","is_ascension_mode":true,"campfire_choices":[{"floor":7,"key":"REST"},{"data":"Dagger Spray","floor":12,"key":"SMITH"},{"data":"Bouncing Flask","floor":15,"key":"SMITH"}],"circlet_count":0,"master_deck":["AscendersBane","Strike_G","Strike_G+1","Defend_G","Defend_G","Defend_G","Defend_G","Survivor","Neutralize+1","Poisoned Stab","Bouncing Flask+1","Dagger Spray+1","Dagger Throw","Bane","Die Die Die"],"relics":["Ring of the Snake","Pantograph","Old Coin","OrangePellets"],"acts_visited":["Exordium"],"potions_floor_usage":[16,16],"damage_taken":[{"damage":1,"enemies":"Cultist","floor":1,"turns":4},{"damage":3,"enemies":"Small Slimes","floor":2,"turns":4},{"damage":0,"enemies":"2 Louse","floor":3,"turns":3},{"damage":20,"enemies":"Large Slime","floor":4,"turns":7},{"damage":19,"enemies":"Gremlin Nob","floor":6,"turns":4},{"damage":1,"enemies":"Blue Slaver","floor":14,"turns":3},{"damage":48,"enemies":"Slime Boss","floor":16,"turns":8}],"seed_played":"-4383180323150869367","potions_obtained":[{"floor":3,"key":"SpeedPotion"},{"floor":6,"key":"AttackPotion"}],"is_trial":false,"path_per_floor":["M","M","M","M","$","E","R","?","T","?","?","R","$","M","R","B"],"character_chosen":"THE_SILENT","items_purchased":["Bane","OrangePellets"],"campfire_rested":1,"item_purchase_floors":[5,13],"current_hp_per_floor":[43,40,40,20,20,1,20,20,20,42,22,22,22,21,21,0,0],"gold":140,"neow_bonus":"REMOVE_TWO","is_daily":false,"chose_seed":false,"campfire_upgraded":2,"win_rate":0.0,"timestamp":1613370380,"path_taken":["M","M","?","M","$","E","R","?","T","?","?","R","$","M","R","BOSS"],"items_purchased_type":["Card","Relic"],"build_version":"2020-12-22","purchased_purges":2,"victory":false,"max_hp_per_floor":[66,66,66,66,66,66,66,66,66,66,66,66,66,66,66,66,66],"card_choices":[{"not_picked":["Acrobatics","Prepared"],"picked":"Poisoned Stab","floor":1},{"not_picked":["Quick Slash","Underhanded Strike"],"picked":"Bouncing Flask","floor":2},{"not_picked":["Reflex","Slice"],"picked":"Dagger Spray","floor":3},{"not_picked":["Dodge and Roll","Outmaneuver"],"picked":"Dagger Throw","floor":4},{"not_picked":["Accuracy","Cloak And Dagger","Dagger Throw"],"picked":"SKIP","floor":6},{"not_picked":["Dagger Spray","Noxious Fumes"],"picked":"Die Die Die","floor":14}],"player_experience":1576451,"relics_obtained":[{"floor":6,"key":"Pantograph"},{"floor":9,"key":"Old Coin"}],"event_choices":[{"damage_healed":0,"gold_gain":0,"player_choice":"Searched \u00270\u0027 times","damage_taken":0,"max_hp_gain":0,"max_hp_loss":0,"event_name":"Dead Adventurer","floor":8,"gold_loss":0},{"damage_healed":22,"gold_gain":0,"player_choice":"Banana","damage_taken":0,"max_hp_gain":0,"max_hp_loss":0,"event_name":"Big Fish","floor":10,"gold_loss":0},{"damage_healed":0,"gold_gain":0,"player_choice":"Entered Light","damage_taken":20,"max_hp_gain":0,"max_hp_loss":0,"event_name":"Shining Light","floor":11,"gold_loss":0,"cards_upgraded":["Strike_G","Neutralize"]}],"is_beta":false,"boss_relics":[],"items_purged_floors":[5,13],"is_endless":false,"potions_floor_spawned":[3,6,14],"killed_by":"Slime Boss","ascension_level":20}}