{"host":"x3688v8yj57o2b0e","time":1613422768,"event":{"mods":["BaseMod","Minty Spire (QoL Compilation)"],"gold_per_floor":[119,135,135,135,155,190,1,1,1,19,19,39,39,53,53,177,177,193,218,218,243,255,255,273,273,273,273,373,384,384,395,395,496,496,506,506,143,143,143],"floor_reached":38,"language":"ENG","playtime":2246,"items_purged":["Strike_B"],"score":430,"play_id":"02c4a6cf-bb76-4aee-85fd-fe775913df63","local_time":"20210215155928","is_ascension_mode":true,"campfire_choices":[{"data":"Loop","floor":8,"key":"SMITH"},{"floor":11,"key":"REST"},{"data":"Coolheaded","floor":15,"key":"SMITH"},{"data":"Seek","floor":23,"key":"SMITH"},{"data":"Biased Cognition","floor":25,"key":"SMITH"},{"floor":27,"key":"REST"},{"floor":32,"key":"REST"}],"circlet_count":0,"master_deck":["Strike_B","Strike_B","Defend_B","Defend_B","Defend_B","Defend_B","Zap","Dualcast","Ball Lightning","Loop+1","Coolheaded+1","Barrage","Melter","Ball Lightning","Static Discharge","Redo","Seek+1","Stack+1","Go for the Eyes+1","Clumsy","Hologram+1","Biased Cognition+1","Cold Snap","Streamline+1","Electrodynamics","Leap","Panacea","Thinking Ahead"],"relics":["Cursed Key","Tiny Chest","Toolbox","Runic Pyramid","Red Mask","Regal Pillow","Snecko Eye","Membership Card","Anchor","Art of War"],"acts_visited":["Exordium","TheCity","TheBeyond"],"potions_floor_usage":[16,19,33,33],"damage_taken":[{"damage":4,"enemies":"2 Louse","floor":1,"turns":3},{"damage":7,"enemies":"Small Slimes","floor":2,"turns":2},{"damage":7,"enemies":"Jaw Worm","floor":5,"turns":4},{"damage":14,"enemies":"Lagavulin","floor":6,"turns":6},{"damage":18,"enemies":"Exordium Thugs","floor":10,"turns":4},{"damage":0,"enemies":"Large Slime","floor":12,"turns":4},{"damage":16,"enemies":"3 Louse","floor":14,"turns":2},{"damage":21,"enemies":"Hexaghost","floor":16,"turns":7},{"damage":32,"enemies":"2 Thieves","floor":18,"turns":4},{"damage":41,"enemies":"Masked Bandits","floor":19,"turns":6},{"damage":1,"enemies":"3 Byrds","floor":22,"turns":5},{"damage":11,"enemies":"Sentry and Sphere","floor":24,"turns":3},{"damage":25,"enemies":"Shelled Parasite and Fungi","floor":29,"turns":4},{"damage":3,"enemies":"Snake Plant","floor":31,"turns":5},{"damage":59,"enemies":"Collector","floor":33,"turns":8},{"damage":14,"enemies":"3 Shapes","floor":35,"turns":5},{"damage":66,"enemies":"3 Darklings","floor":38,"turns":5}],"seed_played":"-7674758772638601484","potions_obtained":[{"floor":1,"key":"Strength Potion"},{"floor":2,"key":"Explosive Potion"},{"floor":5,"key":"FearPotion"},{"floor":12,"key":"ColorlessPotion"},{"floor":13,"key":"SmokeBomb"},{"floor":19,"key":"PowerPotion"},{"floor":24,"key":"FocusPotion"},{"floor":29,"key":"EssenceOfSteel"},{"floor":35,"key":"DuplicationPotion"}],"is_trial":false,"path_per_floor":["M","M","?","?","M","E","$","R","T","M","R","M","?","M","R","B",null,"M","?","?","T","M","R","M","R","T","R","?","M","T","M","R","B",null,"M","?","$","M"],"character_chosen":"DEFECT","items_purchased":["Melter","Toolbox","Membership Card","Anchor","Art of War","FocusPotion"],"campfire_rested":3,"item_purchase_floors":[7,7,37,37,37,37],"current_hp_per_floor":[71,64,69,69,62,48,48,48,48,30,54,54,54,38,38,17,80,48,7,33,33,32,32,21,21,21,60,60,35,35,32,71,12,80,66,56,56,0,0],"gold":143,"neow_bonus":"BOSS_RELIC","is_daily":false,"chose_seed":false,"campfire_upgraded":4,"win_rate":0.0,"timestamp":1613422768,"path_taken":["M","M","?","?","M","E","$","R","T","M","R","M","?","M","R","BOSS","M","?","?","?","M","R","?","R","T","R","?","?","?","M","R","BOSS","M","?","$","M"],"items_purchased_type":["Card","Relic","Relic","Relic","Relic","Potion"],"build_version":"2020-12-22","purchased_purges":1,"victory":false,"max_hp_per_floor":[75,75,80,80,80,80,80,80,80,80,80,80,80,80,80,80,80,80,80,80,80,80,80,80,80,80,80,80,80,80,80,80,80,80,80,80,80,80,80],"card_choices":[{"not_picked":["Scrape","FTL"],"picked":"Ball Lightning","floor":1},{"not_picked":["Go for the Eyes","BootSequence"],"picked":"Loop","floor":2},{"not_picked":["Sweeping Beam","Redo"],"picked":"Coolheaded","floor":5},{"not_picked":["Fission","Rebound"],"picked":"Barrage","floor":6},{"not_picked":["Undo","Gash"],"picked":"Ball Lightning","floor":10},{"not_picked":["Hello World","Beam Cell"],"picked":"Static Discharge","floor":12},{"not_picked":["Sweeping Beam","Go for the Eyes"],"picked":"Redo","floor":14},{"not_picked":["Core Surge","Meteor Strike"],"picked":"Seek","floor":16},{"not_picked":["Steam","Go for the Eyes"],"picked":"Stack+1","floor":18},{"not_picked":["Rebound","Undo"],"picked":"Go for the Eyes+1","floor":19},{"not_picked":["Double Energy","Leap"],"picked":"Hologram+1","floor":22},{"not_picked":["Stack","Rebound+1"],"picked":"Biased Cognition","floor":24},{"not_picked":["Sunder+1","Heatsinks"],"picked":"Cold Snap","floor":29},{"not_picked":["Hello World","BootSequence+1"],"picked":"Streamline+1","floor":31},{"not_picked":["Hyperbeam","Core Surge"],"picked":"Electrodynamics","floor":33},{"not_picked":["Stack+1","Auto Shields+1"],"picked":"Leap","floor":35},{"not_picked":["Thinking Ahead","Dramatic Entrance"],"picked":"Panacea","floor":36},{"not_picked":["Blind","Bandage Up"],"picked":"Thinking Ahead","floor":36}],"player_experience":252595,"relics_obtained":[{"floor":6,"key":"Tiny Chest"},{"floor":19,"key":"Red Mask"},{"floor":21,"key":"Regal Pillow"}],"event_choices":[{"damage_healed":0,"gold_gain":0,"player_choice":"Donut","damage_taken":0,"max_hp_gain":5,"max_hp_loss":0,"event_name":"Big Fish","floor":3,"gold_loss":0},{"cards_removed":["Strike_B"],"damage_healed":0,"gold_gain":0,"player_choice":"Forget","damage_taken":0,"max_hp_gain":0,"max_hp_loss":0,"event_name":"Living Wall","floor":4,"gold_loss":0},{"damage_healed":0,"gold_gain":0,"player_choice":"Got Potions","damage_taken":0,"max_hp_gain":0,"max_hp_loss":0,"event_name":"Lab","floor":13,"gold_loss":0},{"damage_healed":0,"gold_gain":0,"player_choice":"Fought Bandits","damage_taken":0,"max_hp_gain":0,"max_hp_loss":0,"event_name":"Masked Bandits","floor":19,"gold_loss":0},{"damage_healed":26,"gold_gain":0,"player_choice":"Heal","damage_taken":0,"max_hp_gain":0,"max_hp_loss":0,"event_name":"The Library","floor":20,"gold_loss":0},{"damage_healed":0,"gold_gain":100,"player_choice":"Pray","damage_taken":0,"max_hp_gain":0,"max_hp_loss":0,"event_name":"Golden Shrine","floor":28,"gold_loss":0},{"damage_healed":0,"gold_gain":0,"player_choice":"Memory 3","damage_taken":10,"max_hp_gain":0,"max_hp_loss":0,"event_name":"SensoryStone","floor":36,"gold_loss":0}],"is_beta":false,"boss_relics":[{"not_picked":["Empty Cage","Coffee Dripper"],"picked":"Runic Pyramid"},{"not_picked":["Runic Dome","Busted Crown"],"picked":"Snecko Eye"}],"items_purged_floors":[37],"is_endless":false,"potions_floor_spawned":[1,2,5,12,19,24,29,31,35],"killed_by":"3 Darklings","ascension_level":3}}