{"host":"or8fr2mp0k3eluj8","time":1613368430,"event":{"mods":["AchievementEnabler","BaseMod","Colored Map","DeckTracker","Minty Spire (QoL Compilation)","SuperFastMode"],"gold_per_floor":[119,119,119,137,154,154,0,58,58,58,20,30,45,56,56,154,154,171,171,121,137,137,137],"floor_reached":22,"language":"KOR","playtime":721,"items_purged":["Strike_P"],"score":226,"play_id":"1ca09fe0-99d5-466b-bf2c-47f18c5f6b78","local_time":"20210215145350","is_ascension_mode":false,"campfire_choices":[{"data":"PathToVictory","floor":6,"key":"SMITH"},{"floor":15,"key":"REST"}],"circlet_count":0,"master_deck":["Strike_P","Strike_P","Strike_P","Defend_P","Defend_P","Defend_P+1","Defend_P","Eruption+1","Vigilance","Scrawl","PathToVictory+1","InnerPeace","Evaluate","SashWhip","DevaForm","EmptyMind"],"relics":["PureWater","Membership Card","Ice Cream","VioletLotus"],"acts_visited":["Exordium","TheCity"],"potions_floor_usage":[4,8,14,16,16],"damage_taken":[{"damage":0,"enemies":"2 Louse","floor":1,"turns":2},{"damage":2,"enemies":"Cultist","floor":4,"turns":3},{"damage":0,"enemies":"Jaw Worm","floor":5,"turns":3},{"damage":21,"enemies":"Lagavulin Event","floor":8,"turns":5},{"damage":2,"enemies":"Red Slaver","floor":12,"turns":3},{"damage":2,"enemies":"3 Louse","floor":13,"turns":2},{"damage":5,"enemies":"Exordium Wildlife","floor":14,"turns":3},{"damage":0,"enemies":"Slime Boss","floor":16,"turns":4},{"damage":26,"enemies":"Spheric Guardian","floor":18,"turns":7},{"damage":8,"enemies":"Shell Parasite","floor":21,"turns":6},{"damage":68,"enemies":"Cultist and Chosen","floor":22,"turns":6}],"seed_played":"-2138655427504796584","potions_obtained":[{"floor":3,"key":"FairyPotion"},{"floor":3,"key":"SneckoOil"},{"floor":3,"key":"AttackPotion"},{"floor":12,"key":"Fire Potion"},{"floor":13,"key":"SkillPotion"},{"floor":14,"key":"AttackPotion"}],"is_trial":false,"path_per_floor":["M","?","?","M","M","R","$","?","T","?","$","M","M","M","R","B",null,"M","?","?","M","M"],"character_chosen":"WATCHER","items_purchased":["Membership Card"],"campfire_rested":1,"item_purchase_floors":[7],"current_hp_per_floor":[72,72,72,70,70,70,70,49,49,35,35,33,31,26,47,47,72,46,46,46,38,0,0],"gold":137,"neow_bonus":"ONE_RANDOM_RARE_CARD","is_daily":false,"chose_seed":false,"campfire_upgraded":1,"win_rate":0.0,"timestamp":1613368430,"path_taken":["M","?","?","?","M","R","$","?","T","?","$","M","M","M","R","BOSS","M","?","?","M","?"],"items_purchased_type":["Relic"],"build_version":"2020-12-22","purchased_purges":1,"victory":false,"max_hp_per_floor":[72,72,72,72,72,72,72,72,72,72,72,72,72,72,72,72,72,72,72,72,72,72,72],"card_choices":[{"not_picked":["SashWhip","Sanctity"],"picked":"PathToVictory","floor":1},{"not_picked":["Crescendo","Prostrate"],"picked":"InnerPeace","floor":4},{"not_picked":["FlyingSleeves","Fasting2"],"picked":"Evaluate","floor":5},{"not_picked":["CutThroughFate","EmptyFist"],"picked":"SashWhip","floor":12},{"not_picked":["FollowUp","BowlingBash","Brilliance"],"picked":"SKIP","floor":13},{"not_picked":["Evaluate","BattleHymn","Weave"],"picked":"SKIP","floor":14},{"not_picked":["Blasphemy","Establishment"],"picked":"DevaForm","floor":16},{"not_picked":["BattleHymn","FlyingSleeves"],"picked":"EmptyMind","floor":18},{"not_picked":["Fasting2","Consecrate","Sanctity"],"picked":"SKIP","floor":21}],"player_experience":316526,"relics_obtained":[],"event_choices":[{"damage_healed":0,"gold_gain":0,"player_choice":"Ignored","damage_taken":0,"max_hp_gain":0,"max_hp_loss":0,"event_name":"Golden Idol","floor":2,"gold_loss":0},{"damage_healed":0,"gold_gain":0,"player_choice":"Got Potions","damage_taken":0,"max_hp_gain":0,"max_hp_loss":0,"event_name":"Lab","floor":3,"gold_loss":0},{"damage_healed":0,"gold_gain":0,"player_choice":"Searched \u00273\u0027 times","damage_taken":0,"relics_obtained":["Ice Cream"],"max_hp_gain":0,"max_hp_loss":0,"event_name":"Dead Adventurer","floor":8,"gold_loss":0},{"damage_healed":0,"gold_gain":0,"player_choice":"Entered Light","damage_taken":14,"max_hp_gain":0,"max_hp_loss":0,"event_name":"Shining Light","floor":10,"gold_loss":0,"cards_upgraded":["Defend_P","Eruption"]},{"damage_healed":0,"gold_gain":0,"player_choice":"Ignored","damage_taken":0,"max_hp_gain":0,"max_hp_loss":0,"event_name":"Vampires","floor":19,"gold_loss":0},{"damage_healed":0,"gold_gain":0,"player_choice":"Bet on Owner","damage_taken":0,"max_hp_gain":0,"max_hp_loss":0,"event_name":"The Joust","floor":20,"gold_loss":50}],"is_beta":false,"boss_relics":[{"not_picked":["Philosopher\u0027s Stone","HolyWater"],"picked":"VioletLotus"}],"items_purged_floors":[11],"is_endless":false,"potions_floor_spawned":[12,13,14],"killed_by":"Cultist and Chosen","ascension_level":0}}