{"host":"vbswmqvkphw5sjbx","time":1613367129,"event":{"mods":["BaseMod","BetterRewards","CatGirl Mod","Downfall","Hubris","Infinite Spire","Jorbs\u0027s Wanderer Trilogy","Koishi","Minty Spire (QoL Compilation)","Replay The Spire","SacredBarkPlus","Shade Mod","Spicy Shops","StSLib","The Clintock","The Jungle","The Marked","The Mystic","TheSwordswoman","everything is the same but u backflip on backflip"],"gold_per_floor":[111,111,125,141,105,136,150,150,150,175,21,21,40,73,73,175,175,191,207,0,11,11,11,11,11,93,93,112,145,163,233,233,338,338,353,366,366,384,12,12,22,77,77,77,52,52,52,52,52,52],"floor_reached":51,"language":"ENG","playtime":5094,"items_purged":[],"score":798,"play_id":"42e23b0d-9c8f-4561-8137-20fbcce77611","local_time":"20210214213209","is_ascension_mode":false,"campfire_choices":[{"floor":12,"key":"REST"},{"floor":15,"key":"REST"},{"floor":23,"key":"REST"},{"data":"theMarked:GodGivenPower","floor":25,"key":"SMITH"},{"floor":32,"key":"REST"},{"data":"theMarked:Overcharge","floor":40,"key":"SMITH"},{"floor":44,"key":"REST"},{"data":"theMarked:Levitate","floor":44,"key":"SMITH"},{"data":"theMarked:Static","floor":46,"key":"SMITH"},{"data":"theMarked:FavorableWinds","floor":49,"key":"SMITH"}],"circlet_count":0,"master_deck":["theMarked:Strike","theMarked:Strike","theMarked:Strike","theMarked:Strike","theMarked:Strike","theMarked:Defend","theMarked:Defend","theMarked:Defend","theMarked:Defend","theMarked:SoldierOfQuellstein","theMarked:Indomitable+1","theMarked:Aftermath","theMarked:HeightenedSenses","theMarked:Electrocute","theMarked:MagusForm+1","theMarked:Overcharge+1","theMarked:SwordAndMagic","theMarked:Improvise","theMarked:DispelDoubt+1","theMarked:ChannelForce","theMarked:SwordAndMagic+1","theMarked:GodGivenPower+1","Shame","theMarked:CreepingChasm","theMarked:AttractMetal+1","Koishi:PhantomBarrier","theMarked:FavorableWinds+1","CurseOfTheBell","theMarked:Improvise+1","theMarked:WardOff","theMarked:ElectricStrings","theMarked:WardOff","theMarked:Levitate+1","ReplayTheSpireMod:IOU","theMarked:Static+1"],"relics":["theMarked:ArtifactOfAir","Durian","Bag of Preparation","hubris:SlimyHat","Regal Pillow","infinitespire:CursedDice","Replay:Grab Bag","Busted Crown","hubris:RunicObelisk","hubris:Backtick","Guide Book","theJungle:PaperFaux","InkBottle","hubris:DisguiseKit","Bottled Lightning","Calling Bell","Nunchaku","Eternal Feather","Replay:Kaleidoscope","Membership Card","Pear","Pen Nib","infinitespire:Magic Flask","Sundial","Replay:Wax Seal","BargainBundle","hubris:Icosahedron"],"acts_visited":["Exordium","theJungle:Jungle","TheBeyond"],"potions_floor_usage":[10,16,18,28,30,33,35,41,41,50],"damage_taken":[{"damage":0.0,"enemies":"Small Slimes","floor":1.0,"turns":5.0},{"damage":8.0,"enemies":"Jaw Worm","floor":3.0,"turns":4.0},{"damage":3.0,"enemies":"2 Louse","floor":4.0,"turns":3.0},{"damage":31.0,"enemies":"Replay:BlueRogue","floor":6.0,"turns":8.0},{"damage":9.0,"enemies":"Exordium Wildlife","floor":7.0,"turns":5.0},{"damage":30,"enemies":"Gremlin Nob","floor":10,"turns":5},{"damage":9,"enemies":"Blue Slaver","floor":13,"turns":4},{"damage":19,"enemies":"Hexaghost","floor":16,"turns":8},{"damage":21,"enemies":"Shell Parasite","floor":18,"turns":6},{"damage":28,"enemies":"theJungle:GiantWrat","floor":19,"turns":4},{"damage":7,"enemies":"theJungle:SlimyTreeVines","floor":21,"turns":5},{"damage":49,"enemies":"theJungle:2_Flameangoes","floor":28,"turns":5},{"damage":0,"enemies":"theJungle:MamaSnecko","floor":29,"turns":4},{"damage":0,"enemies":"Snake Plant","floor":30,"turns":2},{"damage":68,"enemies":"theJungle:TotemBoss","floor":33,"turns":10},{"damage":28,"enemies":"3 Darklings","floor":35,"turns":5},{"damage":1,"enemies":"3 Shapes","floor":36,"turns":4},{"damage":2,"enemies":"Transient","floor":38,"turns":5},{"damage":4,"enemies":"Maw","floor":41,"turns":5},{"damage":38,"enemies":"2 Orb Walkers","floor":42,"turns":4},{"damage":35,"enemies":"hubris:GrandSnecko","floor":50,"turns":7}],"seed_played":"-9031719689138653944","potions_obtained":[{"floor":7.0,"key":"GamblersBrew"},{"floor":13,"key":"LiquidBronze"},{"floor":16,"key":"AttackPotion"},{"floor":18,"key":"sneckomod:MuddlingPotion"},{"floor":28,"key":"Guardian:BlockOnCardUsePotion"},{"floor":29,"key":"LiquidMemories"},{"floor":35,"key":"Fruit Juice"},{"floor":36,"key":"Adrenaline Potion"},{"floor":37,"key":"SkillPotion"},{"floor":37,"key":"LifebloodPotion"}],"is_trial":false,"path_per_floor":["M","?","M","M","$","E","M","?","T","E","$","R","M","?","R","B",null,"M","M","$","M","?","R","?","R","T","?","M","E","M","T","R","B",null,"M","M","?","M","$","R","M","?","T","R","$","R","?","?","R","B",null],"character_chosen":"THE_DEFAULT","items_purchased":["theMarked:Electrocute","Regal Pillow","theMarked:GodGivenPower","Membership Card","Pear","Pen Nib","theMarked:WardOff","Replay:Wax Seal","BargainBundle","theMarked:Static"],"campfire_rested":5,"item_purchase_floors":[5,11,20,39,39,39,39,45,45,45],"current_hp_per_floor":[77,77,69,66,66,40,31,36,36,6,6,47,38,4,45,26,87,66,38,38,34,37,79,79,79,79,79,30,30,30,30,72,4,90,67,66,66,64,74,92,88,50,50,105,105,105,105,105,105,70],"gold":52,"neow_bonus":"TEN_PERCENT_HP_BONUS","is_daily":false,"chose_seed":false,"campfire_upgraded":5,"win_rate":0.0,"timestamp":1613367129,"path_taken":["M","?","M","M","$","E","M","?","T","E","$","R","M","?","R","BOSS","M","M","$","M","?","R","?","R","T","?","M","E","M","?","R","BOSS","M","M","?","?","$","R","M","?","T","R","$","R","?","?","R","BOSS"],"items_purchased_type":["Card","Relic","Card","Relic","Relic","Relic","Card","Relic","Relic","Card"],"build_version":"2020-12-22","purchased_purges":0,"victory":true,"max_hp_per_floor":[77,77,77,77,77,82,82,87,87,87,87,87,87,87,87,87,87,87,87,87,87,90,90,90,90,90,90,90,90,90,90,90,90,90,95,95,95,95,105,105,105,105,105,105,105,105,105,105,105,105],"card_choices":[{"not_picked":["theMarked:Seal","theMarked:Parkour"],"picked":"theMarked:Indomitable","floor":1.0},{"not_picked":["theMarked:Parkour","theMarked:ResourceFulStrike"],"picked":"theMarked:Aftermath","floor":3.0},{"not_picked":["theMarked:WardOff","theMarked:Maelstrom"],"picked":"theMarked:HeightenedSenses","floor":4.0},{"not_picked":["theMarked:BanishingStrike","theMarked:Static"],"picked":"theMarked:MagusForm","floor":6.0},{"not_picked":["theMarked:TakeCover","theMarked:Electrify","theMarked:TunnelVision"],"picked":"SKIP","floor":7.0},{"not_picked":["theMarked:Frustration","theMarked:KeepCalmAndFight"],"picked":"theMarked:Overcharge","floor":10},{"not_picked":["theMarked:TwofoldDefense","theMarked:Frustration"],"picked":"theMarked:SwordAndMagic","floor":13},{"not_picked":["theMarked:Parry","theMarked:HeightenedSenses"],"picked":"theMarked:Improvise","floor":14},{"not_picked":["theMarked:MagusForm","theMarked:ThrowWeapon"],"picked":"theMarked:DispelDoubt","floor":16},{"not_picked":[],"picked":"theMarked:ChannelForce","floor":18},{"not_picked":[],"picked":"theMarked:SwordAndMagic+1","floor":19},{"not_picked":["theMarked:Panic+1"],"picked":"SKIP","floor":21},{"not_picked":[],"picked":"theMarked:CreepingChasm","floor":28},{"not_picked":[],"picked":"theMarked:AttractMetal+1","floor":29},{"not_picked":["theMarked:BanishingWave"],"picked":"Koishi:PhantomBarrier","floor":30},{"not_picked":["Koishi:Heartbroken"],"picked":"theMarked:FavorableWinds","floor":33},{"not_picked":["Koishi:HeartfeltFancy"],"picked":"theMarked:Improvise+1","floor":35},{"not_picked":["Koishi:EmbryosDream"],"picked":"theMarked:WardOff","floor":36},{"not_picked":["Koishi:SpiritedAway"],"picked":"theMarked:ElectricStrings","floor":38},{"not_picked":["Koishi:Prune"],"picked":"theMarked:Levitate","floor":41}],"player_experience":185941,"relics_obtained":[{"floor":6.0,"key":"Durian"},{"floor":9.0,"key":"Bag of Preparation"},{"floor":10,"key":"hubris:SlimyHat"},{"floor":14,"key":"infinitespire:CursedDice"},{"floor":26,"key":"InkBottle"},{"floor":29,"key":"hubris:DisguiseKit"},{"floor":31,"key":"Bottled Lightning"},{"floor":34,"key":"Nunchaku"},{"floor":34,"key":"Eternal Feather"},{"floor":34,"key":"Replay:Kaleidoscope"},{"floor":42,"key":"infinitespire:Magic Flask"},{"floor":43,"key":"Sundial"}],"event_choices":[{"damage_healed":0.0,"max_hp_gain":5.0,"max_hp_loss":0.0,"gold_gain":0.0,"event_name":"Big Fish","player_choice":"Donut","floor":8.0,"gold_loss":0.0,"damage_taken":0.0},{"damage_healed":0,"gold_gain":0,"player_choice":"Got Potions","damage_taken":0,"max_hp_gain":0,"max_hp_loss":0,"event_name":"Lab","floor":37,"gold_loss":0},{"damage_healed":0,"gold_gain":0,"player_choice":"Fight","damage_taken":0,"max_hp_gain":0,"max_hp_loss":0,"event_name":"Mysterious Sphere","floor":42,"gold_loss":0}],"is_beta":false,"boss_relics":[{"not_picked":["Velvet Choker","hubris:ScarierMask"],"picked":"Replay:Grab Bag"},{"not_picked":["Runic Dome","Replay:Wanted Poster"],"picked":"Busted Crown"},{"not_picked":["hubris:CrackedHourglass","Fusion Hammer"],"picked":"hubris:RunicObelisk"},{"not_picked":["Black Star","hubris:BlackHole"],"picked":"hubris:Backtick"},{"not_picked":["theMarked:Eyepatch","Ring of Chaos"],"picked":"Calling Bell"}],"items_purged_floors":[],"is_endless":false,"potions_floor_spawned":[7,13,16,18,28,29,35,36],"ascension_level":0}}