{"host":"3mt4w4o4jnuk8q1t","time":1613400694,"event":{"mods":["Act Like it!","BaseMod","Colored Map","Colored Powertips","Decade(王小明)","Gensokyo","GungeonMod","Hermit","Jedi Mod","Marisa（F雨　魔理沙）","Minty Spire (QoL Compilation)","Red Circlet Mod","Reimu（博丽灵梦）","Remilia（蕾米莉亚）","Replay The Spire","RumiaBox-露米娅的神秘盒子","Shop Mod","Spicy Shops","StSLib","TestMod","The Jungle","Waifu the Spire","Yakumo Yukari mod","Youmu（魂魄妖梦）","[IsaacMod]以撒尖塔","【功能Mod】混沌之环修复补丁","【功能Mod】聪明的最终Boss"],"gold_per_floor":[115,35,115,0,100,126,137,137,187,219,219],"floor_reached":10,"language":"ZHS","playtime":650,"items_purged":[],"score":103,"play_id":"9273e6aa-275d-44ef-922e-f6a9f7663488","local_time":"20210215225134","is_ascension_mode":true,"campfire_choices":[{"floor":8,"key":"RECALL"}],"circlet_count":0,"master_deck":["Decade_Attack","Decade_Attack","Decade_Attack","Decade_Attack","KamenRide","Decade_SpecialSkill","Decade_Defend","Decade_Defend","Decade_Defend","Decade_Defend","EpicFetus","Gensokyo:TarnishedGold","Gensokyo:Shovel","Blade_Beat","Blade_Metal","Blade_Mach","PrometheusPower"],"relics":["Decadriver","TOEIDeficitBill","HushsDoor","testmod-TestBox","DeadEye","testmod-TimeTraveler","NeowsBlessing","DemoMod:GnawedKey","Baka2","ReplayTheSpireMod:Ninjato","ScarletDevilRocket","DemoMod:GlassGuonStoneRelic"],"acts_visited":["Exordium"],"potions_floor_usage":[6,10,10],"damage_taken":[{"damage":0,"enemies":"Gensokyo:Gryphon","floor":1,"turns":1},{"damage":0,"enemies":"Gensokyo:Mamizou","floor":6,"turns":1},{"damage":0,"enemies":"Gensokyo:2_Kodama","floor":7,"turns":1},{"damage":23,"enemies":"Gensokyo:Aya","floor":10,"turns":9}],"seed_played":"5093279686754871754","potions_obtained":[{"floor":3,"key":"PanachePotion"},{"floor":3,"key":"Elixir"},{"floor":3,"key":"Fire Potion"},{"floor":7,"key":"AttackPotion"}],"is_trial":false,"path_per_floor":["M","COS","?","$","?","E","M","R","T","E"],"character_chosen":"Decade","items_purchased":["DemoMod:GnawedKey"],"campfire_rested":0,"item_purchase_floors":[4],"current_hp_per_floor":[70,70,53,53,53,53,53,53,53,30,30],"gold":219,"neow_bonus":"THREE_ENEMY_KILL","is_daily":false,"chose_seed":false,"campfire_upgraded":0,"win_rate":0.0,"timestamp":1613400694,"path_taken":["M","COS","?","$","?","E","?","R","T","E"],"items_purchased_type":["Relic"],"build_version":"2020-12-22","purchased_purges":0,"victory":false,"max_hp_per_floor":[70,70,70,70,70,70,70,70,70,70,70],"card_choices":[{"not_picked":[],"picked":"EpicFetus","floor":0},{"not_picked":["Hibiki_Attack2","AutoVajin"],"picked":"Blade_Beat","floor":3},{"not_picked":["Blade_Slash","KamenRideDecade"],"picked":"Blade_Metal","floor":5},{"not_picked":["MirrorWorld","AutoVajin"],"picked":"Blade_Mach","floor":7},{"not_picked":["FormRideStorm","DenO_Rod"],"picked":"PrometheusPower","floor":10}],"player_experience":204599,"relics_obtained":[{"floor":1,"key":"Baka"},{"floor":6,"key":"Baka2"},{"floor":6,"key":"ReplayTheSpireMod:Ninjato"},{"floor":10,"key":"ScarletDevilRocket"}],"event_choices":[],"is_beta":false,"boss_relics":[],"items_purged_floors":[],"is_endless":false,"potions_floor_spawned":[7],"killed_by":"Gensokyo:Aya","ascension_level":1}}