{"host":"9nqlpswyo8o6ezw3","time":1613432455,"event":{"mods":["Act Like it!","BaseMod","Colored Powertips","Downfall","Hallownest","Hermit","Lobotomy","LobotomyExtend","Marisa????????","Minty Spire (QoL Compilation)","StSLib","The Bug Knight","The Cursed"],"gold_per_floor":[117,117,117,117,129,129,129,129],"floor_reached":7,"language":"ENG","playtime":577,"items_purged":[],"score":39,"play_id":"15230e87-e412-4941-a4ff-de0290d109a3","local_time":"20210215184055","is_ascension_mode":false,"campfire_choices":[{"floor":6,"key":"REST"}],"circlet_count":0,"master_deck":["hermit:Strike_Hermit","hermit:Strike_Hermit","hermit:Strike_Hermit","hermit:Strike_Hermit","hermit:Defend_Hermit","hermit:Defend_Hermit","hermit:Defend_Hermit","hermit:Defend_Hermit","hermit:Snapshot+1","hermit:Covet","MeatLantern","hermit:Virtue","FairyFestival","hermit:CalledShot"],"relics":["hermit:Momento","CogitoBucket","LetterFromLob","LaetitiaHeart"],"acts_visited":["Exordium"],"potions_floor_usage":[],"damage_taken":[{"damage":5,"enemies":"Small Slimes","floor":1,"turns":4},{"damage":0,"enemies":"Small Slimes","floor":4,"turns":3},{"damage":0,"enemies":"Small Slimes","floor":4,"turns":2},{"damage":46,"enemies":"Jaw Worm","floor":5,"turns":3},{"damage":45,"enemies":"HollowMod:MossKnight","floor":7,"turns":1}],"seed_played":"-9154761839013328877","potions_obtained":[{"floor":1,"key":"sneckomod:MuddlingPotion"}],"is_trial":false,"path_per_floor":["M","?","?","?","M","R","E"],"character_chosen":"HERMIT","items_purchased":[],"campfire_rested":1,"item_purchase_floors":[],"current_hp_per_floor":[70,70,70,56,10,32,0,0],"gold":129,"neow_bonus":"","is_daily":false,"chose_seed":false,"campfire_upgraded":0,"win_rate":0.0,"timestamp":1613432455,"path_taken":["M","?","?","?","M","R","E"],"items_purchased_type":[],"build_version":"2020-12-22","purchased_purges":0,"victory":false,"max_hp_per_floor":[75,75,75,75,75,75,75,75],"card_choices":[{"not_picked":["Wellcheers","BeautyBeast"],"picked":"MeatLantern","floor":1},{"not_picked":["hermit:Desperado","hermit:Ricochet"],"picked":"hermit:Virtue","floor":1},{"not_picked":["LittlePrince","VoidDream"],"picked":"FairyFestival","floor":5},{"not_picked":["hermit:LoneWolf","hermit:Shortfuse"],"picked":"hermit:CalledShot","floor":5}],"player_experience":39356,"relics_obtained":[{"floor":1,"key":"LetterFromLob"}],"event_choices":[{"damage_healed":0,"gold_gain":0,"player_choice":"Leave","damage_taken":0,"max_hp_gain":0,"max_hp_loss":0,"event_name":"The Cleric","floor":2,"gold_loss":0},{"damage_healed":0,"gold_gain":0,"player_choice":"Ignored","damage_taken":0,"max_hp_gain":0,"max_hp_loss":0,"event_name":"Liars Game","floor":3,"gold_loss":0}],"is_beta":false,"boss_relics":[],"items_purged_floors":[],"is_endless":false,"potions_floor_spawned":[1,4],"killed_by":"HollowMod:MossKnight","ascension_level":0}}