{"host":"9hmnsypyq1c5u7i3","time":1613432059,"event":{"mods":["BaseMod","Bestiary","Hermit","Marisa????????","Minty Spire (QoL Compilation)","Permanent Neow","Quick Restart","Relic Stats","StSLib","The Cursed","The Hierophant","The Runesmith"],"gold_per_floor":[119,139,139,214,226,226,255,267,312,312,337,337,337,353,353,428,428,448,85,101,101,119,150,150,150,150,160,189,200,215,245,245,321,321,334,347,347,367,367,367,380,411,487,521,546,201,201,59,59,59,59,59,59,15,43,43],"floor_reached":57,"language":"ENG","playtime":6619,"items_purged":["Strike_G","Strike_G+1","Dodge and Roll"],"score":2710,"play_id":"b6f1c25c-b421-4b9a-b3a6-70e759ff1639","local_time":"20210215183419","is_ascension_mode":true,"campfire_choices":[{"data":"Well Laid Plans","floor":6.0,"key":"SMITH"},{"floor":10.0,"key":"REST"},{"floor":13.0,"key":"REST"},{"data":"Bouncing Flask","floor":15.0,"key":"SMITH"},{"data":"Catalyst","floor":24.0,"key":"SMITH"},{"data":"Catalyst","floor":32.0,"key":"SMITH"},{"data":"Phantasmal Killer","floor":40.0,"key":"SMITH"},{"floor":47.0,"key":"RECALL"},{"data":"Leg Sweep","floor":49.0,"key":"SMITH"},{"floor":53.0,"key":"REST"}],"circlet_count":0,"master_deck":["AscendersBane","Defend_G+1","Defend_G+1","Defend_G+1","Defend_G+1","Survivor","Neutralize+1","Terror","Well Laid Plans+1","Bouncing Flask+1","Escape Plan","Phantasmal Killer+1","Adrenaline","PiercingWail+1","Corpse Explosion+1","Flechettes+1","Catalyst+1","Dash","Backstab","Die Die Die","Catalyst+1","Backflip","Night Terror+1","Blur","Leg Sweep+1","Bouncing Flask+1","Escape Plan+1","Crippling Poison","Footwork"],"relics":["Ring of the Snake","Lizard Tail","White Beast Statue","Orichalcum","Ancient Tea Set","Astrolabe","Membership Card","Happy Flower","Toy Ornithopter","Singing Bowl","Calipers","CaptainsWheel","SlaversCollar","Runesmith:AutoHammer","PreservedInsect","Unceasing Top","Strange Spoon","Torii","Art of War","Tingsha"],"acts_visited":["Exordium","TheCity","TheBeyond","TheEnding"],"potions_floor_usage":[56,56],"damage_taken":[{"damage":1.0,"enemies":"2 Louse","floor":1.0,"turns":3.0},{"damage":3.0,"enemies":"Small Slimes","floor":2.0,"turns":4.0},{"damage":0.0,"enemies":"Jaw Worm","floor":5.0,"turns":4.0},{"damage":26.0,"enemies":"Lagavulin","floor":7.0,"turns":10.0},{"damage":4.0,"enemies":"Blue Slaver","floor":8.0,"turns":4.0},{"damage":20.0,"enemies":"3 Sentries","floor":11.0,"turns":12.0},{"damage":0.0,"enemies":"Red Slaver","floor":14.0,"turns":3.0},{"damage":17.0,"enemies":"Hexaghost","floor":16.0,"turns":9.0},{"damage":6.0,"enemies":"2 Thieves","floor":18.0,"turns":3.0},{"damage":0.0,"enemies":"3 Byrds","floor":20.0,"turns":3.0},{"damage":0.0,"enemies":"Centurion and Healer","floor":22.0,"turns":4.0},{"damage":10.0,"enemies":"Book of Stabbing","floor":23.0,"turns":4.0},{"damage":0.0,"enemies":"Chosen and Byrds","floor":27.0,"turns":4.0},{"damage":15.0,"enemies":"Slavers","floor":28.0,"turns":4.0},{"damage":14.0,"enemies":"Shelled Parasite and Fungi","floor":29.0,"turns":3.0},{"damage":0.0,"enemies":"Centurion and Healer","floor":30.0,"turns":2.0},{"damage":15.0,"enemies":"Book of Stabbing","floor":31.0,"turns":4.0},{"damage":13.0,"enemies":"Champ","floor":33.0,"turns":7.0},{"damage":6.0,"enemies":"3 Darklings","floor":35.0,"turns":5.0},{"damage":3.0,"enemies":"3 Shapes","floor":36.0,"turns":4.0},{"damage":12.0,"enemies":"Spire Growth","floor":38.0,"turns":4.0},{"damage":8.0,"enemies":"Sphere and 2 Shapes","floor":41.0,"turns":9.0},{"damage":4.0,"enemies":"Reptomancer","floor":42.0,"turns":5.0},{"damage":5.0,"enemies":"Giant Head","floor":44.0,"turns":3.0},{"damage":13.0,"enemies":"Mind Bloom Boss Battle","floor":45.0,"turns":6.0},{"damage":1.0,"enemies":"Time Eater","floor":50.0,"turns":5.0},{"damage":22.0,"enemies":"Donu and Deca","floor":51.0,"turns":4.0},{"damage":17.0,"enemies":"Shield and Spear","floor":55.0,"turns":8.0},{"damage":50,"enemies":"The Heart","floor":56,"turns":7}],"seed_played":"5944455645231582769","potions_obtained":[{"floor":5.0,"key":"FairyPotion"},{"floor":7.0,"key":"Poison Potion"},{"floor":8.0,"key":"DistilledChaos"},{"floor":11.0,"key":"PowerPotion"},{"floor":16.0,"key":"SteroidPotion"},{"floor":18.0,"key":"EssenceOfSteel"},{"floor":20.0,"key":"SteroidPotion"},{"floor":22.0,"key":"LiquidMemories"},{"floor":27.0,"key":"Fire Potion"},{"floor":28.0,"key":"SkillPotion"},{"floor":29.0,"key":"GamblersBrew"},{"floor":30.0,"key":"SteroidPotion"},{"floor":31.0,"key":"PowerPotion"},{"floor":33.0,"key":"EntropicBrew"},{"floor":35.0,"key":"Explosive Potion"},{"floor":36.0,"key":"Ancient Potion"},{"floor":38.0,"key":"ColorlessPotion"},{"floor":41.0,"key":"DistilledChaos"},{"floor":42.0,"key":"SkillPotion"},{"floor":44.0,"key":"BlessingOfTheForge"},{"floor":45.0,"key":"LiquidBronze"},{"floor":55.0,"key":"Weak Potion"}],"is_trial":false,"path_per_floor":["M","M","?","?","M","R","E","M","T","R","E","?","R","M","R","B",null,"M","$","M","?","M","E","R","?","T","M","E","M","M","E","R","B",null,"M","M","?","M","?","R","M","E","T","E","?","$","R","$","R","B","B",null,"R","$","E","B",null],"character_chosen":"THE_SILENT","items_purchased":["Membership Card","Catalyst","Happy Flower","Dash","Crippling Poison","Strange Spoon","Torii","Art of War","Footwork"],"campfire_rested":3,"item_purchase_floors":[19,19,19,19,46,46,46,48,54],"current_hp_per_floor":[58,55,55,44,44,44,18,14,14,32,12,12,30,30,30,13,48,42,42,42,42,42,32,32,60,60,62,47,40,47,37,37,29,57,65,64,64,56,56,56,58,61,61,56,50,50,50,50,50,49,32,62,72,72,57,17],"gold":43,"neow_bonus":"ONE_RARE_RELIC","is_daily":false,"chose_seed":false,"campfire_upgraded":6,"win_rate":0.0,"timestamp":1613432059,"path_taken":["M","M","?","?","M","R","E","M","T","R","E","?","R","M","R","BOSS","M","$","M","?","M","E","R","?","T","M","E","M","?","E","R","BOSS","M","M","?","?","?","R","M","E","T","E","?","$","R","$","R","BOSS","BOSS","R","$","E","BOSS"],"items_purchased_type":["Relic","Card","Relic","Card","Card","Relic","Relic","Relic","Card"],"build_version":"2020-12-22","purchased_purges":3,"victory":true,"max_hp_per_floor":[60,60,60,60,60,60,60,60,60,60,60,60,60,60,60,60,60,60,60,60,60,60,60,60,60,60,62,62,64,66,66,66,66,66,66,68,68,68,68,68,68,70,70,70,72,72,72,72,72,72,72,72,72,72,74,74],"relic_stats":{"Happy Flower":[31],"Singing Bowl":14,"Torii":25,"counters":[29,147],"Astrolabe":["PiercingWail","Corpse Explosion","Flechettes"],"Tingsha":[3],"PreservedInsect":77,"Orichalcum":[174],"Strange Spoon":[13],"Lizard Tail":0,"Art of War":[10],"obtain_stats":[{"Calipers":28,"Happy Flower":19,"Singing Bowl":26,"Torii":46,"Astrolabe":17,"Tingsha":55,"PreservedInsect":44,"Orichalcum":9,"Ancient Tea Set":11,"White Beast Statue":7,"SlaversCollar":34,"Strange Spoon":46,"Lizard Tail":0,"CaptainsWheel":31,"Art of War":48,"Membership Card":19,"Runesmith:AutoHammer":42,"Toy Ornithopter":23,"Unceasing Top":45,"Ring of the Snake":0},{"Calipers":14,"Happy Flower":9,"Singing Bowl":12,"Torii":25,"Astrolabe":8,"Tingsha":28,"PreservedInsect":24,"Orichalcum":5,"Ancient Tea Set":6,"White Beast Statue":4,"SlaversCollar":18,"Strange Spoon":25,"Lizard Tail":0,"CaptainsWheel":17,"Art of War":25,"Membership Card":9,"Runesmith:AutoHammer":23,"Toy Ornithopter":12,"Unceasing Top":25,"Ring of the Snake":0},{"Calipers":71,"Happy Flower":52,"Singing Bowl":63,"Torii":123,"Astrolabe":49,"Tingsha":140,"PreservedInsect":117,"Orichalcum":25,"Ancient Tea Set":37,"White Beast Statue":21,"SlaversCollar":87,"Strange Spoon":123,"Lizard Tail":0,"CaptainsWheel":80,"Art of War":123,"Membership Card":52,"Runesmith:AutoHammer":114,"Toy Ornithopter":63,"Unceasing Top":123,"Ring of the Snake":0}],"Toy Ornithopter":73,"Unceasing Top":[1],"Ring of the Snake":[58]},"card_choices":[{"not_picked":["Poisoned Stab","Skewer"],"picked":"Terror","floor":1.0},{"not_picked":["Dagger Throw","Concentrate"],"picked":"Dodge and Roll","floor":2.0},{"not_picked":["Deflect","Dagger Throw"],"picked":"Well Laid Plans","floor":5.0},{"not_picked":["Bullet Time","Dagger Spray","Underhanded Strike"],"picked":"SKIP","floor":7.0},{"not_picked":["Catalyst","PiercingWail"],"picked":"Bouncing Flask","floor":8.0},{"not_picked":["Infinite Blades","Backflip"],"picked":"Escape Plan","floor":11.0},{"not_picked":["Dagger Spray","Blade Dance"],"picked":"Phantasmal Killer","floor":14.0},{"not_picked":["Die Die Die","Phantasmal Killer"],"picked":"Adrenaline","floor":16.0},{"not_picked":["Underhanded Strike","Sucker Punch","Expertise"],"picked":"SKIP","floor":18.0},{"not_picked":["Finisher+1","Distraction"],"picked":"Backstab","floor":20.0},{"not_picked":["Slice","Dodge and Roll","Dagger Throw"],"picked":"SKIP","floor":22.0},{"not_picked":["Slice","Underhanded Strike"],"picked":"Die Die Die","floor":23.0},{"not_picked":["Flying Knee","Deflect","Masterful Stab"],"picked":"Singing Bowl","floor":27.0},{"not_picked":["PiercingWail","Dodge and Roll"],"picked":"Catalyst","floor":28.0},{"not_picked":["Caltrops","Dash","Dagger Throw"],"picked":"Singing Bowl","floor":29.0},{"not_picked":["Sucker Punch","Blade Dance","Endless Agony"],"picked":"Singing Bowl","floor":30.0},{"not_picked":["All Out Attack","Endless Agony"],"picked":"Backflip","floor":31.0},{"not_picked":["Grand Finale","Envenom"],"picked":"Night Terror","floor":33.0},{"not_picked":["Bane","Backflip"],"picked":"Blur","floor":35.0},{"not_picked":["Flechettes","Accuracy","Outmaneuver"],"picked":"Singing Bowl","floor":36.0},{"not_picked":["Underhanded Strike","Acrobatics"],"picked":"Leg Sweep","floor":38.0},{"not_picked":["Blade Dance","Bane"],"picked":"Bouncing Flask+1","floor":41.0},{"not_picked":["Bane+1","Dagger Throw","Bullet Time"],"picked":"Singing Bowl","floor":42.0},{"not_picked":["Sucker Punch+1","Bane"],"picked":"Escape Plan+1","floor":44.0},{"not_picked":["Outmaneuver","Deflect","Cloak And Dagger"],"picked":"Singing Bowl","floor":45.0},{"not_picked":["Corpse Explosion","Dodge and Roll","Infinite Blades+1"],"picked":"Singing Bowl","floor":55.0}],"player_experience":965008,"relics_obtained":[{"floor":7.0,"key":"White Beast Statue"},{"floor":9.0,"key":"Orichalcum"},{"floor":11.0,"key":"Ancient Tea Set"},{"floor":23.0,"key":"Toy Ornithopter"},{"floor":26.0,"key":"Singing Bowl"},{"floor":28.0,"key":"Calipers"},{"floor":31.0,"key":"CaptainsWheel"},{"floor":42.0,"key":"Runesmith:AutoHammer"},{"floor":44.0,"key":"PreservedInsect"},{"floor":45.0,"key":"Unceasing Top"},{"floor":55.0,"key":"Tingsha"}],"event_choices":[{"damage_healed":0.0,"max_hp_gain":0.0,"max_hp_loss":0.0,"gold_gain":0.0,"event_name":"Living Wall","player_choice":"Grow","floor":3.0,"gold_loss":0.0,"damage_taken":0.0,"cards_upgraded":["Neutralize"]},{"damage_healed":0.0,"max_hp_gain":0.0,"max_hp_loss":0.0,"gold_gain":75.0,"event_name":"World of Goop","player_choice":"Gather Gold","floor":4.0,"gold_loss":0.0,"damage_taken":11.0},{"damage_healed":0.0,"max_hp_gain":0.0,"max_hp_loss":0.0,"gold_gain":0.0,"event_name":"Scrap Ooze","player_choice":"Fled","floor":12.0,"gold_loss":0.0,"damage_taken":0.0},{"damage_healed":0.0,"max_hp_gain":0.0,"max_hp_loss":0.0,"gold_gain":0.0,"event_name":"Back to Basics","player_choice":"Simplicity","floor":21.0,"gold_loss":0.0,"damage_taken":0.0,"cards_upgraded":["Strike_G","Strike_G","Defend_G","Defend_G","Defend_G","Defend_G"]},{"damage_healed":28.0,"max_hp_gain":0.0,"max_hp_loss":0.0,"gold_gain":0.0,"event_name":"Wheel of Change","player_choice":"Full Heal","floor":25.0,"gold_loss":0.0,"damage_taken":0.0},{"damage_healed":0.0,"max_hp_gain":0.0,"max_hp_loss":0.0,"gold_gain":0.0,"event_name":"Accursed Blacksmith","player_choice":"Forge","floor":37.0,"gold_loss":0.0,"damage_taken":0.0,"cards_upgraded":["Night Terror"]},{"cards_removed":["Strike_G"],"damage_healed":0.0,"max_hp_gain":0.0,"max_hp_loss":0.0,"gold_gain":0.0,"event_name":"Falling","player_choice":"Removed Attack","floor":39.0,"gold_loss":0.0,"damage_taken":0.0},{"damage_healed":0.0,"max_hp_gain":0.0,"max_hp_loss":0.0,"gold_gain":0.0,"event_name":"MindBloom","player_choice":"Fight","floor":45.0,"gold_loss":0.0,"damage_taken":0.0}],"is_beta":false,"boss_relics":[{"not_picked":["WristBlade","Coffee Dripper"],"picked":"Astrolabe"},{"not_picked":["Ring of the Serpent","Tiny House"],"picked":"SlaversCollar"}],"items_purged_floors":[19,46,48],"is_endless":false,"potions_floor_spawned":[5,7,8,11,14,16,18,20,22,23,27,28,29,30,31,33,35,36,38,41,42,44,45,55],"ascension_level":20}}