{"host":"3n5xmnb54n2y5mb4","time":1613354333,"event":{"mods":["BaseMod","Colored Map","Colored Powertips","Minty Spire (QoL Compilation)","Permanent Neow","StSLib","Unceasing Turn Reminder","everything is the same but u backflip on backflip"],"gold_per_floor":[115,128,139,64,64,99,111,123,162,174,222,234,270,301,313,438,531,569,491,514,551,563,563],"floor_reached":22,"language":"ENG","playtime":812,"items_purged":["Regret"],"score":304,"play_id":"2ddf56fe-a6d8-49f5-951e-dfca96fa9bca","local_time":"20210214205853","is_ascension_mode":true,"campfire_choices":[{"floor":8,"key":"REST"},{"data":"Bash","floor":10,"key":"SMITH"},{"floor":12,"key":"REST"},{"floor":15,"key":"REST"}],"circlet_count":0,"master_deck":["AscendersBane","Bash+1","Violence","Sever Soul","Sentinel","Metallicize","Clash","Thunderclap","Headbutt","Limit Break","Limit Break","Searing Blow","Battle Trance","Inflame","Bludgeon","Flex","Reaper","Bloodletting","Fire Breathing+1","Thunderclap","Power Through"],"relics":["Burning Blood","MawBank","CeramicFish","Champion Belt","Pandora\u0027s Box"],"acts_visited":["Exordium","TheCity"],"potions_floor_usage":[11,16,20],"damage_taken":[{"damage":9,"enemies":"Cultist","floor":1,"turns":5},{"damage":11,"enemies":"Jaw Worm","floor":2,"turns":4},{"damage":6,"enemies":"2 Louse","floor":3,"turns":4},{"damage":22,"enemies":"Gremlin Nob","floor":6,"turns":4},{"damage":14,"enemies":"Lagavulin","floor":11,"turns":7},{"damage":6,"enemies":"2 Fungi Beasts","floor":13,"turns":3},{"damage":21,"enemies":"Gremlin Gang","floor":14,"turns":4},{"damage":66,"enemies":"Slime Boss","floor":16,"turns":14},{"damage":20,"enemies":"Shell Parasite","floor":18,"turns":3},{"damage":30,"enemies":"2 Thieves","floor":20,"turns":3},{"damage":45,"enemies":"Snecko","floor":21,"turns":5},{"damage":51,"enemies":"Masked Bandits","floor":22,"turns":3}],"seed_played":"4954956176721504237","potions_obtained":[{"floor":1,"key":"HeartOfIron"},{"floor":2,"key":"BlessingOfTheForge"},{"floor":13,"key":"ColorlessPotion"},{"floor":14,"key":"Strength Potion"},{"floor":18,"key":"Dexterity Potion"}],"is_trial":false,"path_per_floor":["M","M","M","$","?","E","$","R","T","R","E","R","M","M","R","B",null,"M","?","M","M","?"],"character_chosen":"IRONCLAD","items_purchased":[],"campfire_rested":3,"item_purchase_floors":[],"current_hp_per_floor":[69,64,64,64,48,32,32,56,56,56,48,72,72,57,80,20,65,51,51,40,10,0,0],"gold":563,"neow_bonus":"RANDOM_COLORLESS_2","is_daily":false,"chose_seed":false,"campfire_upgraded":1,"win_rate":0.0,"timestamp":1613354333,"path_taken":["M","M","M","$","?","E","$","R","T","R","E","R","M","M","R","BOSS","M","?","?","?","?"],"items_purchased_type":[],"build_version":"2020-12-22","purchased_purges":1,"victory":false,"max_hp_per_floor":[80,80,80,80,80,80,80,80,80,80,80,80,80,80,80,80,80,80,80,80,80,80,80],"card_choices":[{"not_picked":["Master of Strategy","Secret Technique"],"picked":"Violence","floor":0},{"not_picked":["Intimidate","Headbutt"],"picked":"Sever Soul","floor":1},{"not_picked":["Twin Strike","Shrug It Off"],"picked":"Sentinel","floor":2},{"not_picked":["Iron Wave","Flex"],"picked":"Metallicize","floor":3},{"not_picked":["Iron Wave","Clothesline"],"picked":"Clash","floor":6},{"not_picked":["Feed","Heavy Blade"],"picked":"Thunderclap","floor":11},{"not_picked":["Flex","Body Slam"],"picked":"Headbutt","floor":13},{"not_picked":["Wild Strike","Flex"],"picked":"Limit Break","floor":14},{"not_picked":["Feed","Exhume"],"picked":"Limit Break","floor":16},{"not_picked":["Clothesline","Heavy Blade"],"picked":"Thunderclap","floor":18},{"not_picked":["Sword Boomerang","Perfected Strike","Warcry"],"picked":"SKIP","floor":20},{"not_picked":["Clothesline","Wild Strike"],"picked":"Power Through","floor":21}],"player_experience":970727,"relics_obtained":[{"floor":6,"key":"MawBank"},{"floor":9,"key":"CeramicFish"},{"floor":11,"key":"Champion Belt"}],"event_choices":[{"damage_healed":0,"gold_gain":0,"player_choice":"Entered Light","damage_taken":16,"max_hp_gain":0,"max_hp_loss":0,"event_name":"Shining Light","floor":5,"gold_loss":0,"cards_upgraded":["Strike_R","Defend_R"]},{"cards_removed":["Bludgeon"],"damage_healed":0,"gold_gain":0,"player_choice":"Upgrade and Remove","damage_taken":0,"max_hp_gain":0,"max_hp_loss":0,"event_name":"Designer","floor":19,"gold_loss":90,"cards_upgraded":["Fire Breathing"]},{"damage_healed":0,"gold_gain":0,"player_choice":"Fought Bandits","damage_taken":0,"max_hp_gain":0,"max_hp_loss":0,"event_name":"Masked Bandits","floor":22,"gold_loss":0}],"is_beta":false,"boss_relics":[{"not_picked":["Tiny House","Runic Dome"],"picked":"Pandora\u0027s Box"}],"items_purged_floors":[4],"is_endless":false,"potions_floor_spawned":[1,2,13,14,18],"killed_by":"Masked Bandits","ascension_level":11}}