{"host":"y3tal5djvejpcno2","time":1613424154,"event":{"mods":["A Magickal Journey","BaseMod","Clockwork Mod","Colored Map","Colored Powertips","Hermit","Infinite Spire","Kratos Character Expansion","Minty Spire (QoL Compilation)","Permanent Neow","Quick Restart","Relic Stats","Replay The Spire","SOS???????","StSLib","The Blue Laboratory","The Bug Knight","The Cursed","The Druid","The Jungle","Wandering Minibosses"],"gold_per_floor":[141,151,151,139,139,139,172,172,221,221,232,2,22,32,32,137,137,98,117,117,167,167,167],"floor_reached":22,"language":"ENG","playtime":1601,"items_purged":["KratosMod:Defend_K"],"score":286,"play_id":"25394fb5-a0ab-48ad-b9d4-834c637013e0","local_time":"20210215192234","is_ascension_mode":false,"campfire_choices":[{"data":"KratosMod:Roll","floor":6,"key":"SMITH"},{"data":"KratosMod:cyclone","floor":8,"key":"SMITH"},{"data":"KratosMod:clawsofhades","floor":10,"key":"SMITH"}],"circlet_count":0,"master_deck":["KratosMod:Strike_K","KratosMod:Strike_K","KratosMod:Strike_K","KratosMod:Strike_K","KratosMod:Defend_K","KratosMod:Defend_K","KratosMod:Defend_K","KratosMod:cyclone+1","KratosMod:AthenaBane","KratosMod:SmashStone","KratosMod:clawsofhades+1","KratosMod:Roll+1","KratosMod:SmashStone","KratosMod:BladeWhip","KratosMod:conjuresoul","KratosMod:Roll","KratosMod:BladeWhip","KratosMod:BladeWhip","KratosMod:BladeWhip","KratosMod:Revenge","KratosMod:Tempor","KratosMod:Roll"],"relics":["infinitespire:Satchel","Quantum Egg","Strawberry","Black Star"],"acts_visited":["Exordium","Exordium"],"potions_floor_usage":[18],"damage_taken":[{"damage":12,"enemies":"Small Slimes","floor":1,"turns":3},{"damage":5,"enemies":"2 Louse","floor":2,"turns":2},{"damage":16,"enemies":"Cultist","floor":4,"turns":6},{"damage":0,"enemies":"Lagavulin","floor":7,"turns":12},{"damage":17,"enemies":"3 Louse","floor":11,"turns":4},{"damage":0,"enemies":"Large Slime","floor":13,"turns":9},{"damage":17,"enemies":"Exordium Wildlife","floor":14,"turns":4},{"damage":0,"enemies":"Slime Boss","floor":16,"turns":11},{"damage":55,"enemies":"theJungle:5_Spyders","floor":18,"turns":12},{"damage":64,"enemies":"theJungle:Flameango_and_Byrd","floor":19,"turns":8},{"damage":14,"enemies":"Snake Plant","floor":22,"turns":1}],"seed_played":"7463137704920545680","potions_obtained":[{"floor":2,"key":"blueLaboratory:NullPotion"},{"floor":14,"key":"Swift Potion"},{"floor":16,"key":"Explosive Potion"}],"is_trial":false,"path_per_floor":["M","M","?","M","?","R","E","R","T","R","M","$","M","M","R_BF","B",null,"M","M","?","?","M"],"character_chosen":"KRATOS","items_purchased":["KratosMod:conjuresoul","KratosMod:Roll","KratosMod:BladeWhip"],"campfire_rested":0,"item_purchase_floors":[12,12,12],"current_hp_per_floor":[53,53,53,65,65,65,65,65,72,72,68,68,72,72,72,72,72,49,18,18,8,0,0],"gold":167,"neow_bonus":"RANDOM_EVENT","is_daily":false,"chose_seed":false,"campfire_upgraded":3,"win_rate":0.0,"timestamp":1613424154,"path_taken":["M","M","?","M","?","R","E","R","T","R","M","$","M","M","R_BF","BOSS","M","M","?","?","M"],"items_purchased_type":["Card","Card","Card"],"build_version":"2020-12-22","purchased_purges":1,"victory":false,"max_hp_per_floor":[65,65,65,65,65,65,65,65,72,72,72,72,72,72,72,72,72,72,72,72,72,72,72],"relic_stats":{"counters":[11,72],"Black Star":0,"obtain_stats":[{"Regal Pillow":15,"Quantum Egg":7,"Strawberry":9,"infinitespire:Satchel":3,"KratosMod:eagle":0,"Black Star":17},{"Regal Pillow":7,"Quantum Egg":4,"Strawberry":4,"infinitespire:Satchel":2,"KratosMod:eagle":0,"Black Star":8},{"Regal Pillow":40,"Quantum Egg":23,"Strawberry":23,"infinitespire:Satchel":5,"KratosMod:eagle":0,"Black Star":51}]},"card_choices":[{"not_picked":["KratosMod:rattle","KratosMod:settle"],"picked":"KratosMod:SmashStone","floor":1},{"not_picked":["KratosMod:conjuresoul","KratosMod:settle"],"picked":"KratosMod:clawsofhades","floor":2},{"not_picked":["KratosMod:rattle","KratosMod:settle"],"picked":"KratosMod:Roll","floor":4},{"not_picked":["KratosMod:Endure","KratosMod:rattle"],"picked":"KratosMod:SmashStone","floor":7},{"not_picked":["KratosMod:settle","KratosMod:Tempor"],"picked":"KratosMod:BladeWhip","floor":11},{"not_picked":["KratosMod:Endure","KratosMod:conjuresoul"],"picked":"KratosMod:BladeWhip","floor":13},{"not_picked":["KratosMod:SmashStone","KratosMod:clawsofhades","KratosMod:Roll"],"picked":"SKIP","floor":14},{"not_picked":["KratosMod:tartarusrage","KratosMod:ablockalypse"],"picked":"KratosMod:Revenge","floor":16},{"not_picked":["KratosMod:Roll","KratosMod:SmashStone"],"picked":"KratosMod:Tempor","floor":18},{"not_picked":["KratosMod:Tempor","KratosMod:BladeWhip"],"picked":"KratosMod:Roll","floor":19}],"player_experience":69830,"relics_obtained":[{"floor":3,"key":"infinitespire:Satchel"},{"floor":7,"key":"Quantum Egg"},{"floor":9,"key":"Strawberry"}],"event_choices":[{"damage_healed":0,"gold_gain":0,"player_choice":"Donut","damage_taken":0,"max_hp_gain":5,"max_hp_loss":0,"event_name":"Big Fish","floor":0,"gold_loss":0},{"damage_healed":0,"gold_gain":0,"player_choice":"Bought 0 Potions","damage_taken":0,"max_hp_gain":0,"max_hp_loss":0,"event_name":"The Woman in Blue","floor":5,"gold_loss":0},{"damage_healed":0,"gold_gain":0,"player_choice":"Gave Potion","damage_taken":0,"relics_obtained":["Regal Pillow"],"max_hp_gain":0,"max_hp_loss":0,"event_name":"WeMeetAgain","floor":15,"gold_loss":0}],"is_beta":false,"boss_relics":[{"not_picked":["Velvet Choker","SacredBark"],"picked":"Black Star"}],"items_purged_floors":[12],"is_endless":false,"potions_floor_spawned":[2,14,16],"killed_by":"Snake Plant","ascension_level":0}}