{"host":"06gxn1c1bsk424jw","time":1613374219,"event":{"mods":["BaseMod","DeckTracker","Minty Spire (QoL Compilation)","SuperFastMode"],"gold_per_floor":[361,376,376,376,390,390,408,245,269,269,304,323,323,69,69,141,141,161,148,148,148,148],"floor_reached":21,"language":"KOR","playtime":945,"items_purged":[],"score":322,"play_id":"7fbd4c5f-0593-4cdb-b0e1-55bd39a4cc98","local_time":"20210215163019","is_ascension_mode":true,"campfire_choices":[{"data":"Catalyst","floor":6,"key":"SMITH"},{"data":"Neutralize","floor":10,"key":"SMITH"},{"data":"Deadly Poison","floor":13,"key":"SMITH"},{"floor":15,"key":"REST"}],"circlet_count":0,"master_deck":["AscendersBane","Strike_G","Strike_G","Strike_G","Strike_G","Defend_G","Defend_G","Defend_G","Defend_G","Survivor","Neutralize+1","Infinite Blades","Noxious Fumes","Catalyst+1","Deadly Poison+1","Caltrops","Night Terror","Catalyst","Burst","Predator"],"relics":["Ring of the Snake","Akabeko","Sling","Pen Nib","Gremlin Horn","OrangePellets","WristBlade"],"acts_visited":["Exordium","TheCity"],"potions_floor_usage":[11,21],"damage_taken":[{"damage":12.0,"enemies":"Jaw Worm","floor":1.0,"turns":4.0},{"damage":2,"enemies":"2 Louse","floor":2,"turns":4},{"damage":0,"enemies":"Cultist","floor":5,"turns":4},{"damage":12,"enemies":"Gremlin Gang","floor":7,"turns":6},{"damage":11,"enemies":"Gremlin Nob","floor":11,"turns":4},{"damage":2,"enemies":"Blue Slaver","floor":12,"turns":4},{"damage":16,"enemies":"Hexaghost","floor":16,"turns":6},{"damage":14,"enemies":"Chosen","floor":18,"turns":5},{"damage":23,"enemies":"2 Thieves","floor":19,"turns":4},{"damage":16,"enemies":"Chosen and Byrds","floor":21,"turns":4}],"seed_played":"-1372233055003722902","potions_obtained":[{"floor":1.0,"key":"ColorlessPotion"},{"floor":5,"key":"SkillPotion"}],"is_trial":false,"path_per_floor":["M","M","?","?","M","R","M","$","T","R","E","M","R","$","R","B",null,"M","M","?","M"],"character_chosen":"THE_SILENT","items_purchased":["Sling","OrangePellets","Caltrops"],"campfire_rested":1,"item_purchase_floors":[8,14,14],"current_hp_per_floor":[47,45,45,45,45,45,33,33,33,33,22,20,20,20,38,22,51,37,14,14,0,0],"gold":148,"neow_bonus":"TWO_FIFTY_GOLD","is_daily":false,"chose_seed":false,"campfire_upgraded":3,"win_rate":0.0,"timestamp":1613374219,"path_taken":["M","M","?","?","M","R","?","$","T","R","E","M","R","$","R","BOSS","M","?","?","M"],"items_purchased_type":["Relic","Relic","Card"],"build_version":"2020-12-22","purchased_purges":0,"victory":false,"max_hp_per_floor":[60,60,60,60,60,60,60,60,60,60,60,60,60,60,60,60,60,60,60,60,60,60],"card_choices":[{"not_picked":["Choke","Deadly Poison"],"picked":"Infinite Blades","floor":1.0},{"not_picked":["Blur","Quick Slash"],"picked":"Noxious Fumes","floor":2},{"not_picked":["Endless Agony","Blade Dance"],"picked":"Catalyst","floor":5},{"not_picked":["Flechettes","Outmaneuver","Acrobatics"],"picked":"SKIP","floor":7},{"not_picked":["Terror","Cloak And Dagger"],"picked":"Deadly Poison","floor":11},{"not_picked":["Concentrate","Sucker Punch","Dagger Throw"],"picked":"SKIP","floor":12},{"not_picked":["Phantasmal Killer","Storm of Steel"],"picked":"Night Terror","floor":16},{"not_picked":["Expertise","Cloak And Dagger"],"picked":"Catalyst","floor":18},{"not_picked":["Choke","Bane+1","Expertise"],"picked":"SKIP","floor":19}],"player_experience":840145,"relics_obtained":[{"floor":9,"key":"Pen Nib"},{"floor":11,"key":"Gremlin Horn"}],"event_choices":[{"damage_healed":0,"gold_gain":0,"player_choice":"Box","damage_taken":0,"relics_obtained":["Akabeko"],"max_hp_gain":0,"max_hp_loss":0,"event_name":"Big Fish","floor":3,"gold_loss":0,"cards_obtained":["Regret"]},{"cards_removed":["Regret"],"damage_healed":0,"gold_gain":0,"player_choice":"Removed Curses","damage_taken":0,"max_hp_gain":0,"max_hp_loss":0,"event_name":"Fountain of Cleansing","floor":4,"gold_loss":0},{"damage_healed":0,"gold_gain":0,"cards_transformed":["Strike_G","Defend_G"],"player_choice":"Became Test Subject","damage_taken":0,"max_hp_gain":0,"max_hp_loss":0,"event_name":"Drug Dealer","floor":20,"gold_loss":0,"cards_obtained":["Burst","Predator"]}],"is_beta":false,"boss_relics":[{"not_picked":["Coffee Dripper","Busted Crown"],"picked":"WristBlade"}],"items_purged_floors":[],"is_endless":false,"potions_floor_spawned":[1,5,7],"killed_by":"Chosen and Byrds","ascension_level":16}}