{"host":"r081svdj6e9i7zze","time":1613408772,"event":{"mods":["AchievementEnabler","BaseMod","Colored Map","Minty Spire (QoL Compilation)","SuperFastMode"],"gold_per_floor":[115,34,54,70,54,79,90,90,90],"floor_reached":8,"language":"KOR","playtime":430,"items_purged":[],"score":60,"play_id":"94cc024b-6196-4611-9d2f-a79f278318e9","local_time":"20210216020612","is_ascension_mode":false,"campfire_choices":[],"circlet_count":0,"master_deck":["Strike_R","Strike_R","Strike_R","Strike_R","Strike_R","Defend_R","Defend_R","Defend_R","Defend_R","Bash","Searing Blow","Bandage Up","Rampage","Flex","Feed"],"relics":["Burning Blood","NeowsBlessing","Ginger"],"acts_visited":["Exordium"],"potions_floor_usage":[6,6,8],"damage_taken":[{"damage":0,"enemies":"Small Slimes","floor":1,"turns":1},{"damage":0,"enemies":"2 Louse","floor":3,"turns":1},{"damage":0,"enemies":"Cultist","floor":4,"turns":1},{"damage":10,"enemies":"Exordium Thugs","floor":5,"turns":4},{"damage":52,"enemies":"3 Sentries","floor":6,"turns":10},{"damage":7,"enemies":"3 Louse","floor":7,"turns":3},{"damage":63,"enemies":"Lagavulin","floor":8,"turns":6}],"seed_played":"-1178311605847605177","potions_obtained":[{"floor":1,"key":"SpeedPotion"},{"floor":3,"key":"Regen Potion"},{"floor":5,"key":"SpeedPotion"},{"floor":6,"key":"BlessingOfTheForge"}],"is_trial":false,"path_per_floor":["M","$","M","M","M","E","M","E"],"character_chosen":"IRONCLAD","items_purchased":["Bandage Up"],"campfire_rested":0,"item_purchase_floors":[2],"current_hp_per_floor":[80,80,80,80,80,53,56,0,0],"gold":90,"neow_bonus":"THREE_ENEMY_KILL","is_daily":false,"chose_seed":false,"campfire_upgraded":0,"win_rate":0.0,"timestamp":1613408772,"path_taken":["M","$","M","M","M","E","M","E"],"items_purchased_type":["Card"],"build_version":"2020-12-22","purchased_purges":0,"victory":false,"max_hp_per_floor":[80,80,80,80,80,80,80,80,80],"card_choices":[{"not_picked":["Intimidate","Headbutt"],"picked":"Searing Blow","floor":1},{"not_picked":["Sword Boomerang","Havoc","Reckless Charge"],"picked":"SKIP","floor":3},{"not_picked":["Power Through","Twin Strike"],"picked":"Rampage","floor":4},{"not_picked":["Pummel","Heavy Blade"],"picked":"Flex","floor":5},{"not_picked":["Heavy Blade","Headbutt"],"picked":"Feed","floor":6},{"not_picked":["True Grit","Sword Boomerang","Armaments"],"picked":"SKIP","floor":7}],"player_experience":56639,"relics_obtained":[{"floor":6,"key":"Ginger"}],"event_choices":[],"is_beta":false,"boss_relics":[],"items_purged_floors":[],"is_endless":false,"potions_floor_spawned":[1,3,5,6],"killed_by":"Lagavulin","ascension_level":0}}