{"host":"2no1vwhhkhf0ohz3","time":1613388383,"event":{"mods":["AchievementEnabler","BaseMod","Colored Map","DeckTracker","Keyboard Shortcuts","Minty Spire (QoL Compilation)","SuperFastMode"],"gold_per_floor":[115,115,127,127,127,127,127,156,156,175,175,186,74,74,74,179,179,194,208,123,136,11,11,11,11,11,26,42,42,42,42],"floor_reached":30,"language":"KOR","playtime":634,"items_purged":["Strike_G"],"score":331,"play_id":"c266d5cb-b2db-4059-b9e8-4c1fe231286b","local_time":"20210215202623","is_ascension_mode":true,"campfire_choices":[{"data":"Cloak And Dagger","floor":6,"key":"SMITH"},{"data":"Choke","floor":11,"key":"SMITH"},{"data":"Calculated Gamble","floor":15,"key":"SMITH"},{"floor":23,"key":"REST"},{"data":"Prepared","floor":25,"key":"SMITH"}],"circlet_count":0,"master_deck":["Strike_G+1","Strike_G+1","Defend_G","Defend_G","Defend_G","Defend_G+1","Defend_G+1","Survivor","Neutralize","Underhanded Strike","Blade Dance+1","Cloak And Dagger+1","Choke+1","Calculated Gamble+1","Well Laid Plans+1","Tactician","Bullet Time","Setup","Backflip+1","Noxious Fumes+1","Prepared+1","Flechettes","Blade Dance"],"relics":["Ring of the Snake","War Paint","Gremlin Horn","WristBlade","Snake Skull","White Beast Statue"],"acts_visited":["Exordium","TheCity"],"potions_floor_usage":[8,16,27,28,30],"damage_taken":[{"damage":5,"enemies":"Cultist","floor":1,"turns":6},{"damage":1,"enemies":"Jaw Worm","floor":3,"turns":3},{"damage":21,"enemies":"Lagavulin","floor":8,"turns":7},{"damage":0,"enemies":"2 Louse","floor":10,"turns":2},{"damage":0,"enemies":"Large Slime","floor":12,"turns":4},{"damage":4,"enemies":"Slime Boss","floor":16,"turns":7},{"damage":11,"enemies":"Spheric Guardian","floor":18,"turns":3},{"damage":14,"enemies":"Shell Parasite","floor":19,"turns":3},{"damage":18,"enemies":"Snake Plant","floor":21,"turns":4},{"damage":20,"enemies":"Centurion and Healer","floor":27,"turns":4},{"damage":0,"enemies":"3 Cultists","floor":28,"turns":2},{"damage":17,"enemies":"Sentry and Sphere","floor":30,"turns":4}],"seed_played":"-3498818543921873591","potions_obtained":[{"floor":3,"key":"DistilledChaos"},{"floor":8,"key":"CultistPotion"},{"floor":18,"key":"CunningPotion"},{"floor":27,"key":"AttackPotion"},{"floor":28,"key":"SneckoOil"},{"floor":29,"key":"GhostInAJar"},{"floor":29,"key":"ColorlessPotion"}],"is_trial":false,"path_per_floor":["M","?","M","?","?","R","?","E","T","M","R","M","$","?","R","B",null,"M","M","?","M","$","R","?","R","T","M","M","?","M"],"character_chosen":"THE_SILENT","items_purchased":["Well Laid Plans","Tactician","Prepared"],"campfire_rested":1,"item_purchase_floors":[13,13,22],"current_hp_per_floor":[58,58,57,43,36,36,59,38,38,38,38,38,38,38,38,34,61,50,36,36,18,18,39,39,39,39,19,19,19,2,2],"gold":42,"neow_bonus":"THREE_CARDS","is_daily":false,"chose_seed":false,"campfire_upgraded":4,"win_rate":0.0,"timestamp":1613388383,"path_taken":["M","?","?","?","?","R","?","E","T","M","R","M","$","?","R","BOSS","M","M","?","M","$","R","?","R","T","M","?","?","M"],"items_purchased_type":["Card","Card","Card"],"build_version":"2020-12-22","purchased_purges":1,"victory":false,"max_hp_per_floor":[70,70,70,70,70,70,70,70,70,70,70,70,70,70,70,70,70,70,70,70,70,70,70,70,70,70,70,70,70,70,70],"card_choices":[{"not_picked":["Dodge and Roll","Slice"],"picked":"Underhanded Strike","floor":0},{"not_picked":["Dagger Spray","Calculated Gamble"],"picked":"Blade Dance","floor":1},{"not_picked":["Distraction","Dodge and Roll"],"picked":"Cloak And Dagger","floor":3},{"not_picked":["Doppelganger","Poisoned Stab","Underhanded Strike"],"picked":"SKIP","floor":8},{"not_picked":["Underhanded Strike","Riddle With Holes"],"picked":"Choke","floor":10},{"not_picked":["Prepared","Dash"],"picked":"Calculated Gamble","floor":12},{"not_picked":["Die Die Die","Malaise"],"picked":"Bullet Time","floor":16},{"not_picked":["Well Laid Plans+1","Skewer"],"picked":"Setup","floor":18},{"not_picked":["Underhanded Strike","Deadly Poison"],"picked":"Backflip+1","floor":19},{"not_picked":["Sucker Punch","Bane"],"picked":"Noxious Fumes+1","floor":21},{"not_picked":["Sucker Punch","Tactician","Deflect"],"picked":"SKIP","floor":27},{"not_picked":["Slice","Heel Hook+1"],"picked":"Blade Dance","floor":28}],"player_experience":304074,"relics_obtained":[{"floor":8,"key":"War Paint"},{"floor":9,"key":"Gremlin Horn"},{"floor":26,"key":"White Beast Statue"}],"event_choices":[{"damage_healed":0,"gold_gain":0,"player_choice":"Upgraded","damage_taken":0,"max_hp_gain":0,"max_hp_loss":0,"event_name":"Upgrade Shrine","floor":2,"gold_loss":0,"cards_upgraded":["Blade Dance"]},{"damage_healed":0,"gold_gain":0,"player_choice":"Entered Light","damage_taken":14,"max_hp_gain":0,"max_hp_loss":0,"event_name":"Shining Light","floor":4,"gold_loss":0,"cards_upgraded":["Strike_G","Strike_G"]},{"cards_removed":["Strike_G"],"damage_healed":0,"gold_gain":0,"player_choice":"Card Removal","damage_taken":7,"max_hp_gain":0,"max_hp_loss":0,"event_name":"Golden Wing","floor":5,"gold_loss":0},{"damage_healed":23,"gold_gain":0,"player_choice":"Banana","damage_taken":0,"max_hp_gain":0,"max_hp_loss":0,"event_name":"Big Fish","floor":7,"gold_loss":0},{"damage_healed":0,"gold_gain":0,"player_choice":"Forge","damage_taken":0,"max_hp_gain":0,"max_hp_loss":0,"event_name":"Accursed Blacksmith","floor":14,"gold_loss":0,"cards_upgraded":["Well Laid Plans"]},{"damage_healed":0,"gold_gain":0,"player_choice":"Obtained Relic","damage_taken":0,"relics_obtained":["Snake Skull"],"max_hp_gain":0,"max_hp_loss":0,"event_name":"Addict","floor":20,"gold_loss":85},{"damage_healed":0,"gold_gain":0,"cards_transformed":["Strike_G"],"player_choice":"Transformed","damage_taken":0,"max_hp_gain":0,"max_hp_loss":0,"event_name":"Transmorgrifier","floor":24,"gold_loss":0,"cards_obtained":["Flechettes"]},{"damage_healed":0,"gold_gain":0,"player_choice":"Got Potions","damage_taken":0,"max_hp_gain":0,"max_hp_loss":0,"event_name":"Lab","floor":29,"gold_loss":0}],"is_beta":false,"boss_relics":[{"not_picked":["HoveringKite","Runic Pyramid"],"picked":"WristBlade"}],"items_purged_floors":[22],"is_endless":false,"potions_floor_spawned":[3,8,18,27,28],"killed_by":"Sentry and Sphere","ascension_level":9}}