{"host":"8rqsnaeml9gxb0kp","time":1613371557,"event":{"mods":["AchievementEnabler","BaseMod","Colored Powertips","Dark Map","Minty Spire (QoL Compilation)","Rare Cards Sparkle","Relic Stats","StSLib","slay the spire mod where everything is the same but ironclad has a cowboy hat"],"gold_per_floor":[111,128,143,158,121,121,153,153,232,232,258,275,234,245,245,346,346,361,371,371,64,64,95,95,121,121,121,131,131,131],"floor_reached":29,"language":"ENG","playtime":1063,"items_purged":[],"score":371,"play_id":"40c537ea-1a50-42f4-9d4e-8e1ef5156ce8","local_time":"20210214224557","is_ascension_mode":true,"campfire_choices":[{"data":"Lockon","floor":6.0,"key":"SMITH"},{"data":"Rainbow","floor":8.0,"key":"SMITH"},{"floor":10.0,"key":"REST"},{"floor":15.0,"key":"REST"},{"floor":24,"key":"REST"},{"floor":27,"key":"REST"}],"circlet_count":0,"master_deck":["Strike_B+1","Strike_B","Strike_B","Strike_B","Defend_B","Defend_B","Defend_B","Defend_B","Zap","Dualcast","Lockon+1","Barrage+1","Compile Driver","Darkness","Rainbow+1","Coolheaded","Leap","Core Surge","CurseOfTheBell","Genetic Algorithm","Rainbow+1","Echo Form","Skim","Loop"],"relics":["Cracked Core","Nunchaku","Unceasing Top","Darkstone Periapt","Whetstone","Calling Bell","Potion Belt","Sundial","TungstenRod","DollysMirror","PreservedInsect","Torii","Blood Vial","Orichalcum"],"acts_visited":["Exordium","TheCity"],"potions_floor_usage":[19,19,23,25],"damage_taken":[{"damage":4.0,"enemies":"Jaw Worm","floor":1.0,"turns":3.0},{"damage":3.0,"enemies":"2 Louse","floor":2.0,"turns":2.0},{"damage":6.0,"enemies":"Cultist","floor":3.0,"turns":3.0},{"damage":11.0,"enemies":"3 Louse","floor":4.0,"turns":3.0},{"damage":12.0,"enemies":"Gremlin Nob","floor":7.0,"turns":3.0},{"damage":30.0,"enemies":"Lagavulin","floor":11.0,"turns":7.0},{"damage":6.0,"enemies":"Large Slime","floor":12.0,"turns":3.0},{"damage":5.0,"enemies":"2 Fungi Beasts","floor":14.0,"turns":3.0},{"damage":0.0,"enemies":"Slime Boss","floor":16.0,"turns":5.0},{"damage":8,"enemies":"Chosen","floor":18,"turns":4},{"damage":11,"enemies":"2 Thieves","floor":19,"turns":3},{"damage":28,"enemies":"Slavers","floor":23,"turns":3},{"damage":57,"enemies":"Gremlin Leader","floor":25,"turns":8},{"damage":22,"enemies":"Centurion and Healer","floor":28,"turns":9},{"damage":7,"enemies":"Snake Plant","floor":29,"turns":2}],"seed_played":"4636002001397602424","potions_obtained":[{"floor":1.0,"key":"Fire Potion"},{"floor":3.0,"key":"EssenceOfSteel"},{"floor":12.0,"key":"Ancient Potion"},{"floor":14.0,"key":"DuplicationPotion"},{"floor":16,"key":"Energy Potion"},{"floor":18,"key":"DistilledChaos"},{"floor":19,"key":"PowerPotion"},{"floor":23,"key":"Strength Potion"},{"floor":25,"key":"Ancient Potion"}],"is_trial":false,"path_per_floor":["M","M","M","M","$","R","E","R","T","R","E","M","?","M","R","B",null,"M","M","?","$","?","E","R","E","T","R","M","M"],"character_chosen":"DEFECT","items_purchased":["Darkness","DollysMirror","PreservedInsect"],"campfire_rested":4,"item_purchase_floors":[5,21,21],"current_hp_per_floor":[71,68,62,51,51,51,39,39,39,61,31,25,25,20,42,42,81,73,62,62,62,62,34,58,1,1,25,5,0,0],"gold":131,"neow_bonus":"RANDOM_COMMON_RELIC","is_daily":false,"chose_seed":false,"campfire_upgraded":2,"win_rate":0.0,"timestamp":1613371557,"path_taken":["M","M","M","M","$","R","E","R","T","R","E","M","?","M","R","BOSS","BOSS","M","M","?","$","?","E","R","E","T","R","M","M"],"items_purchased_type":["Card","Relic","Relic"],"build_version":"2020-12-22","purchased_purges":0,"victory":false,"max_hp_per_floor":[75,75,75,75,75,75,75,75,75,75,75,75,75,75,75,75,81,81,81,81,81,81,81,81,81,81,81,81,81,81],"relic_stats":{"Darkstone Periapt":6,"Blood Vial":4,"Nunchaku":[6],"Torii":12,"counters":[15,61],"Sundial":[2],"PreservedInsect":83,"Whetstone":["Strike_B","Barrage"],"Orichalcum":[6],"obtain_stats":[{"Darkstone Periapt":9,"Potion Belt":17,"Torii":23,"PreservedInsect":21,"Whetstone":11,"Orichalcum":26,"Calling Bell":17,"Blood Vial":25,"Nunchaku":0,"Sundial":17,"DollysMirror":21,"Cracked Core":0,"Unceasing Top":7,"TungstenRod":17},{"Darkstone Periapt":5,"Potion Belt":9,"Torii":12,"PreservedInsect":11,"Whetstone":6,"Orichalcum":13,"Calling Bell":9,"Blood Vial":13,"Nunchaku":0,"Sundial":9,"DollysMirror":11,"Cracked Core":0,"Unceasing Top":5,"TungstenRod":9},{"Darkstone Periapt":14,"Potion Belt":32,"Torii":42,"PreservedInsect":39,"Whetstone":21,"Orichalcum":50,"Calling Bell":32,"Blood Vial":50,"Nunchaku":0,"Sundial":32,"DollysMirror":39,"Cracked Core":0,"Unceasing Top":14,"TungstenRod":32}],"Unceasing Top":[0],"TungstenRod":20},"card_choices":[{"not_picked":["Stack","Cold Snap"],"picked":"Lockon","floor":1.0},{"not_picked":["Turbo","Redo","FTL"],"picked":"SKIP","floor":2.0},{"not_picked":["Compile Driver","Leap"],"picked":"Barrage","floor":3.0},{"not_picked":["Leap","Reprogram"],"picked":"Compile Driver","floor":4.0},{"not_picked":["Ball Lightning","Steam"],"picked":"Rainbow","floor":7.0},{"not_picked":["Rebound","Turbo","Stack"],"picked":"SKIP","floor":11.0},{"not_picked":["Reprogram","Sweeping Beam"],"picked":"Coolheaded","floor":12.0},{"not_picked":["Stack","Streamline"],"picked":"Leap","floor":14.0},{"not_picked":["Reboot","Meteor Strike"],"picked":"Core Surge","floor":16},{"not_picked":["Coolheaded","Streamline","Tempest+1"],"picked":"SKIP","floor":18},{"not_picked":["Chill","Chaos"],"picked":"Genetic Algorithm","floor":19},{"not_picked":["Leap+1","Tempest"],"picked":"Echo Form","floor":23},{"not_picked":["Force Field","Gash"],"picked":"Skim","floor":25},{"not_picked":["Ball Lightning","Compile Driver"],"picked":"Loop","floor":28}],"player_experience":237776,"relics_obtained":[{"floor":7.0,"key":"Unceasing Top"},{"floor":9.0,"key":"Darkstone Periapt"},{"floor":11.0,"key":"Whetstone"},{"floor":17,"key":"Potion Belt"},{"floor":17,"key":"Sundial"},{"floor":17,"key":"TungstenRod"},{"floor":23,"key":"Torii"},{"floor":25,"key":"Blood Vial"},{"floor":26,"key":"Orichalcum"}],"event_choices":[{"damage_healed":0.0,"max_hp_gain":0.0,"max_hp_loss":0.0,"gold_gain":0.0,"event_name":"World of Goop","player_choice":"Left Gold","floor":13.0,"gold_loss":41.0,"damage_taken":0.0},{"damage_healed":0,"gold_gain":0,"player_choice":"Ignored","damage_taken":0,"max_hp_gain":0,"max_hp_loss":0,"event_name":"Ghosts","floor":20,"gold_loss":0},{"damage_healed":0,"gold_gain":0,"player_choice":"Ignored","damage_taken":0,"max_hp_gain":0,"max_hp_loss":0,"event_name":"Vampires","floor":22,"gold_loss":0}],"is_beta":false,"boss_relics":[{"not_picked":["SlaversCollar","Runic Pyramid"],"picked":"Calling Bell"}],"items_purged_floors":[],"is_endless":false,"potions_floor_spawned":[1,3,12,14,16,18,19,23,25],"killed_by":"Snake Plant","ascension_level":3}}