{"host":"ftf7rwqr5w72pdsx","time":1613354343,"event":{"mods":["BaseMod","Bestiary","Minty Spire (QoL Compilation)","Relic Stats","Slay the Relics Exporter"],"gold_per_floor":[115,131,91,111,125,125,151,151,151,162,174,188,41,59,59,59,59],"floor_reached":16,"language":"ENG","playtime":754,"items_purged":[],"score":164,"play_id":"5b3fa312-eb8e-47b5-bb23-dea4f96314a2","local_time":"20210214195903","is_ascension_mode":true,"campfire_choices":[{"floor":6,"key":"REST"},{"floor":8,"key":"REST"},{"floor":15,"key":"REST"}],"circlet_count":0,"master_deck":["AscendersBane","Strike_B","Strike_B","Strike_B","Strike_B","Defend_B","Defend_B","Defend_B","Defend_B","Zap","Dualcast","Barrage","Hello World","Streamline","Sweeping Beam","Biased Cognition","Capacitor","Force Field","Consume","Echo Form","Recycle"],"relics":["Snecko Eye","Bag of Marbles","Mercury Hourglass"],"acts_visited":[],"potions_floor_usage":[12,16],"damage_taken":[{"damage":1.0,"enemies":"Cultist","floor":1.0,"turns":4.0},{"damage":7.0,"enemies":"Jaw Worm","floor":2.0,"turns":3.0},{"damage":7.0,"enemies":"2 Louse","floor":4.0,"turns":3.0},{"damage":11.0,"enemies":"Blue Slaver","floor":5.0,"turns":3.0},{"damage":44,"enemies":"Gremlin Nob","floor":7,"turns":5},{"damage":14,"enemies":"Exordium Wildlife","floor":10,"turns":3},{"damage":7,"enemies":"3 Louse","floor":11,"turns":3},{"damage":2,"enemies":"Large Slime","floor":12,"turns":6},{"damage":14,"enemies":"Red Slaver","floor":14,"turns":4},{"damage":33,"enemies":"Slime Boss","floor":16,"turns":5}],"seed_played":"8911829927550862548","potions_obtained":[{"floor":3.0,"key":"Weak Potion"},{"floor":3.0,"key":"LiquidMemories"},{"floor":5.0,"key":"DuplicationPotion"},{"floor":10,"key":"Energy Potion"}],"is_trial":false,"path_per_floor":["M","M","?","M","M","R","E","R","T","M","M","M","$","M","R","B"],"character_chosen":"DEFECT","items_purchased":["Echo Form"],"campfire_rested":3,"item_purchase_floors":[13],"current_hp_per_floor":[67,60,60,53,42,64,20,42,42,28,21,19,19,5,27,0,0],"gold":59,"neow_bonus":"BOSS_RELIC","is_daily":false,"chose_seed":false,"campfire_upgraded":0,"win_rate":0.0,"timestamp":1613354343,"path_taken":["M","?","?","M","M","R","E","R","T","M","?","M","$","M","R","BOSS"],"items_purchased_type":["Card"],"build_version":"2020-12-22","purchased_purges":0,"victory":false,"max_hp_per_floor":[75,75,75,75,75,75,75,75,75,75,75,75,75,75,75,75,75],"relic_stats":{"counters":[6,26],"Snecko Eye":[41,38,49,55],"obtain_stats":[{"Snecko Eye":0,"Bag of Marbles":7,"Mercury Hourglass":9},{"Snecko Eye":0,"Bag of Marbles":1,"Mercury Hourglass":1},{"Snecko Eye":0,"Bag of Marbles":5,"Mercury Hourglass":5}],"Mercury Hourglass":[91]},"card_choices":[{"not_picked":["Hologram","Redo"],"picked":"Barrage","floor":1.0},{"not_picked":["Stack","Sweeping Beam"],"picked":"Hello World","floor":2.0},{"not_picked":["Compile Driver","Leap"],"picked":"Streamline","floor":4.0},{"not_picked":["Rebound","Hologram"],"picked":"Sweeping Beam","floor":5.0},{"not_picked":["Force Field","Capacitor"],"picked":"Biased Cognition","floor":7},{"not_picked":["Compile Driver","Redo"],"picked":"Capacitor","floor":10},{"not_picked":["Barrage","Reinforced Body"],"picked":"Force Field","floor":11},{"not_picked":["Force Field","Compile Driver"],"picked":"Consume","floor":12},{"not_picked":["Stack","Steam"],"picked":"Recycle","floor":14}],"player_experience":813613,"relics_obtained":[{"floor":7,"key":"Bag of Marbles"},{"floor":9,"key":"Mercury Hourglass"}],"event_choices":[{"damage_healed":0.0,"max_hp_gain":0.0,"max_hp_loss":0.0,"gold_gain":0.0,"event_name":"The Woman in Blue","player_choice":"Bought 3 Potions","floor":3.0,"gold_loss":0.0,"damage_taken":0.0}],"is_beta":false,"boss_relics":[],"items_purged_floors":[],"is_endless":false,"potions_floor_spawned":[4,5,7,10],"killed_by":"Slime Boss","ascension_level":11}}