{"host":"w7pthw6r6331n954","time":1613372637,"event":{"mods":["AchievementEnabler","Act Like it!","BaseMod","BetterRewards","Colored Map","Colored Powertips","Custom Start","Downfall","Hallownest","Hermit","Jorbs\u0027s Wanderer Trilogy","Minty Spire (QoL Compilation)","Replay The Spire","Shop Mod","StSLib","SuperFastMode"],"gold_per_floor":[112,127,6,20,38,38,38,38,84,49,49,49,82,99,99,200,200,212,223,243,258,7,7,31,31,85,85,85,85,103,155,171,177,177],"floor_reached":33,"language":"ENG","playtime":2342,"items_purged":[],"score":436,"play_id":"d1ced367-cd73-4e7a-8242-ef272f5cfbb5","local_time":"20210215020357","is_ascension_mode":true,"campfire_choices":[{"floor":6.0,"key":"REST"},{"floor":8.0,"key":"RECALL"},{"data":"ReplayRNGCard","floor":15.0,"key":"SMITH"},{"data":"Double Energy","floor":23,"key":"SMITH"},{"floor":25,"key":"REST"}],"circlet_count":0,"master_deck":["Strike_B","Strike_B","Strike_B","Defend_B","Defend_B","Defend_B","Zap","Dualcast","Echo Form","Sadistic Nature","Turbo","Conserve Battery","Self Repair+1","Genetic Algorithm","ReplayRNGCard+1","Conserve Battery","Electrodynamics","Leap","Coolheaded","Echo Form","Beam Cell","Sunder","Double Energy+1","Steam Power+1","Ball Lightning","FTL","ReplayTheSpireMod:System Scan","ReplayGash","Meteor Strike"],"relics":["Cracked Core","MerchantsRug","Oddly Smooth Stone","Ring of Chaos","Replay:Bandana","ReplayTheSpireMod:Lightbulb","Blue Candle","Regal Pillow"],"acts_visited":["Exordium","TheCity"],"potions_floor_usage":[21,33],"damage_taken":[{"damage":10.0,"enemies":"Cultist","floor":1.0,"turns":5.0},{"damage":10.0,"enemies":"2 Louse","floor":2.0,"turns":3.0},{"damage":1.0,"enemies":"Small Slimes","floor":4.0,"turns":2.0},{"damage":7.0,"enemies":"Looter","floor":5.0,"turns":4.0},{"damage":21.0,"enemies":"Lagavulin","floor":13.0,"turns":5.0},{"damage":5.0,"enemies":"3 Louse","floor":14.0,"turns":3.0},{"damage":23.0,"enemies":"The Guardian","floor":16.0,"turns":13.0},{"damage":2,"enemies":"Shell Parasite","floor":18,"turns":8},{"damage":12,"enemies":"3 Byrds","floor":19,"turns":2},{"damage":39,"enemies":"Centurion and Healer","floor":20,"turns":4},{"damage":8,"enemies":"3 Cultists","floor":21,"turns":5},{"damage":24,"enemies":"Snake Plant","floor":24,"turns":5},{"damage":55,"enemies":"Centurion and Healer","floor":30,"turns":5},{"damage":16,"enemies":"3 Cultists","floor":32,"turns":4},{"damage":17,"enemies":"Replay:Snechameleon","floor":33,"turns":4}],"seed_played":"-7964944922862942257","potions_obtained":[{"floor":1.0,"key":"Block Potion"},{"floor":13.0,"key":"Languid Potion"},{"floor":14.0,"key":"Strength Potion"},{"floor":16.0,"key":"Doom Potion"},{"floor":20,"key":"Regen Potion"},{"floor":21,"key":"SteroidPotion"}],"is_trial":false,"path_per_floor":["M","M","$","M","M","R","?","R","T","?","$","?","E","M","R","B",null,"M","M","M","M","$","R","M","R","T","?","PTL","PTL","M","T","M","E"],"character_chosen":"DEFECT","items_purchased":["MerchantsRug","Echo Form","Sadistic Nature","Self Repair+1","Genetic Algorithm","Replay:Bandana","Ball Lightning","FTL"],"campfire_rested":2,"item_purchase_floors":[0,0,0,3,3,22,22,22],"current_hp_per_floor":[48,38,38,37,40,62,62,62,62,75,75,75,74,69,69,56,70,75,63,44,60,60,60,36,58,58,58,58,58,23,23,17,0,0],"gold":177,"neow_bonus":"","is_daily":false,"chose_seed":false,"campfire_upgraded":2,"win_rate":0.0,"timestamp":1613372637,"path_taken":["M","?","$","?","M","R","?","R","T","?","$","?","E","M","R","BOSS","M","?","?","?","$","R","M","R","T","?","PTL","PTL","M","?","M","E"],"items_purchased_type":["Relic","Card","Card","Card","Card","Relic","Card","Card"],"build_version":"2020-12-22","purchased_purges":0,"victory":false,"max_hp_per_floor":[75,75,75,75,75,75,75,75,75,75,75,75,75,75,75,75,75,75,75,75,75,75,75,75,75,75,75,75,75,75,75,75,75,75],"card_choices":[{"not_picked":["Coolheaded","Hologram"],"picked":"Turbo","floor":1.0},{"not_picked":["Barrage","Redo"],"picked":"Conserve Battery","floor":2.0},{"not_picked":["Sunder","Cold Snap"],"picked":"ReplayRNGCard","floor":4.0},{"not_picked":["Skim","Compile Driver"],"picked":"Conserve Battery","floor":5.0},{"not_picked":["Redo","ReplaySort"],"picked":"Leap","floor":13.0},{"not_picked":["Barrage","Compile Driver"],"picked":"Coolheaded","floor":14.0},{"not_picked":["Machine Learning","Multi-Cast"],"picked":"Echo Form","floor":16.0},{"not_picked":["Lockon","Hello World"],"picked":"Beam Cell","floor":18},{"not_picked":["Coolheaded","Hologram"],"picked":"Sunder","floor":19},{"not_picked":["Undo","Ball Lightning"],"picked":"Double Energy","floor":20},{"not_picked":["Hologram","Go for the Eyes"],"picked":"Steam Power+1","floor":21},{"not_picked":["Conserve Battery+1","BasicCrystalCard"],"picked":"ReplayTheSpireMod:System Scan","floor":24},{"not_picked":["Conserve Battery+1","Turbo"],"picked":"ReplayGash","floor":30},{"not_picked":["Steam","Panic Button"],"picked":"Meteor Strike","floor":32}],"player_experience":1258337,"relics_obtained":[{"floor":13.0,"key":"Oddly Smooth Stone"},{"floor":26,"key":"ReplayTheSpireMod:Lightbulb"},{"floor":31,"key":"Regal Pillow"}],"event_choices":[{"damage_healed":18.0,"max_hp_gain":0.0,"max_hp_loss":0.0,"gold_gain":0.0,"event_name":"The Cleric","player_choice":"Healed","floor":10.0,"gold_loss":35.0,"damage_taken":0.0},{"damage_healed":0.0,"max_hp_gain":0.0,"max_hp_loss":0.0,"gold_gain":0.0,"cards_transformed":["Defend_B"],"event_name":"Transmorgrifier","player_choice":"Transformed","floor":12.0,"gold_loss":0.0,"damage_taken":0.0,"cards_obtained":["Electrodynamics"]},{"damage_healed":0,"gold_gain":0,"player_choice":"Opened","damage_taken":0,"relics_obtained":["Blue Candle"],"max_hp_gain":0,"max_hp_loss":0,"event_name":"The Mausoleum","floor":27,"gold_loss":0}],"is_beta":false,"boss_relics":[{"not_picked":["Busted Crown","Replay:Bronze Core"],"picked":"Ring of Chaos"}],"items_purged_floors":[],"is_endless":false,"potions_floor_spawned":[1,13,14,16,20,21,24,30],"killed_by":"Replay:Snechameleon","ascension_level":5}}