{"host":"x1d9cj1vze2ie4yu","time":1613407861,"event":{"mods":["Act Like it!","Aspiration","BaseMod","Better Vampires","CapriCore","Conspire","Minty Spire (QoL Compilation)","Pale of the Ancients","Permanent Neow","Relic Stats","Reliquary","Replay The Spire","Spicy Shops","StSLib","[IsaacMod]以撒尖塔","【功能Mod】聪明的最终Boss"],"gold_per_floor":[113,128,140,140,140,166,181,181,181],"floor_reached":8,"language":"ZHS","playtime":255,"items_purged":[],"score":84,"play_id":"996ad0aa-3a4d-4836-b457-ddbbf27805c6","local_time":"20210216005101","is_ascension_mode":true,"campfire_choices":[],"circlet_count":0,"master_deck":["Strike_R","Strike_R","Strike_R","Strike_R","Strike_R","Defend_R","Defend_R","Defend_R","Bash","Perfected Strike","Infernal Blade","Clash","Looming Evil"],"relics":["Burning Blood","HushsDoor","BookofShadows","aspiration:DSix","ReplayTheSpireMod:Ring of Challenge","Ring of Hypnosis","ReplayTheSpireMod:Ninjato"],"acts_visited":["Exordium"],"potions_floor_usage":[],"damage_taken":[{"damage":6.0,"enemies":"Cultist","floor":1.0,"turns":3.0},{"damage":12.0,"enemies":"Jaw Worm","floor":2.0,"turns":2.0},{"damage":12.0,"enemies":"Small Slimes","floor":3.0,"turns":2.0},{"damage":43,"enemies":"Replay:BlueRogue","floor":6,"turns":4},{"damage":9,"enemies":"3 Louse","floor":7,"turns":4},{"damage":20,"enemies":"3 Sentries","floor":8,"turns":4}],"seed_played":"-4480416278604940823","potions_obtained":[{"floor":3.0,"key":"SteroidPotion"},{"floor":6,"key":"Weak Potion"},{"floor":7,"key":"Explosive Potion"}],"is_trial":false,"path_per_floor":["M","M","M","?","?","E","M","E"],"character_chosen":"IRONCLAD","items_purchased":[],"campfire_rested":0,"item_purchase_floors":[],"current_hp_per_floor":[72,66,60,60,60,23,20,0,0],"gold":181,"neow_bonus":"DSIX","is_daily":false,"chose_seed":false,"campfire_upgraded":0,"win_rate":0.0,"timestamp":1613407861,"path_taken":["M","M","?","?","?","E","?","E"],"items_purchased_type":[],"build_version":"2020-12-22","purchased_purges":0,"victory":false,"max_hp_per_floor":[80,80,80,80,80,80,80,80,80],"relic_stats":{"counters":[6,19],"obtain_stats":[{"KeepersGift":0,"BookofShadows":0,"ReplayTheSpireMod:Ninjato":6,"Ring of Hypnosis":5,"ReplayTheSpireMod:Ring of Challenge":5,"HushsDoor":0,"aspiration:DSix":0,"Burning Blood":0},{"KeepersGift":0,"BookofShadows":0,"ReplayTheSpireMod:Ninjato":4,"Ring of Hypnosis":3,"ReplayTheSpireMod:Ring of Challenge":3,"HushsDoor":0,"aspiration:DSix":0,"Burning Blood":0},{"KeepersGift":0,"BookofShadows":0,"ReplayTheSpireMod:Ninjato":11,"Ring of Hypnosis":7,"ReplayTheSpireMod:Ring of Challenge":7,"HushsDoor":0,"aspiration:DSix":0,"Burning Blood":0}],"Burning Blood":30},"card_choices":[{"not_picked":["Havoc","Fire Breathing"],"picked":"Perfected Strike","floor":1.0},{"not_picked":["Uppercut","Havoc"],"picked":"Infernal Blade","floor":2.0},{"not_picked":["Clash","Wild Strike","Immolate"],"picked":"SKIP","floor":3.0},{"not_picked":["Wild Strike","Immolate"],"picked":"Clash","floor":3.0},{"not_picked":["True Grit","Cleave","Rampage"],"picked":"SKIP","floor":6},{"not_picked":["ReplayReversal","Havoc","Thunderclap"],"picked":"SKIP","floor":7}],"player_experience":83575,"relics_obtained":[{"floor":5.0,"key":"ReplayTheSpireMod:Ring of Challenge"},{"floor":5.0,"key":"Ring of Hypnosis"},{"floor":6,"key":"ReplayTheSpireMod:Ninjato"}],"event_choices":[{"cards_removed":["Defend_R"],"damage_healed":0.0,"max_hp_gain":0.0,"max_hp_loss":0.0,"gold_gain":0.0,"event_name":"Living Wall","player_choice":"Forget","floor":4.0,"gold_loss":0.0,"damage_taken":0.0}],"is_beta":false,"boss_relics":[],"items_purged_floors":[],"is_endless":false,"potions_floor_spawned":[3,6,7],"killed_by":"3 Sentries","ascension_level":9}}