{"host":"y36bp6mnm73x3iob","time":1613404617,"event":{"mods":["2.2 Compatiblity","BaseMod","Bossed Relics","GifTheSpireLib","Hermit","Minty Spire (QoL Compilation)","Reliquary","StSLib"],"gold_per_floor":[112,112,132,152,9,9,43,43,43,73,85,105,31,31,31,128,128,147,422,437,143,155,155,183,194,219,219,239,239,7,19,19,116,116,129,129,129,129,143,143,171,96,96,96,96,109,136,182,182,182,182,182,39,74,74],"floor_reached":56,"language":"ENG","playtime":2634,"items_purged":["Pain","Regret"],"score":1398,"play_id":"a0fe0092-857a-43e0-b92f-fc7fd22a7d80","local_time":"20210215175657","is_ascension_mode":true,"campfire_choices":[{"data":"Poisoned Stab","floor":6,"key":"SMITH"},{"data":"Footwork","floor":8,"key":"SMITH"},{"data":"Noxious Fumes","floor":15,"key":"SMITH"},{"data":"After Image","floor":23,"key":"SMITH"},{"floor":29,"key":"REST"},{"floor":32,"key":"REST"},{"data":"Footwork","floor":40,"key":"SMITH"},{"floor":45,"key":"RECALL"},{"floor":49,"key":"DIG"},{"floor":52,"key":"DIG"}],"circlet_count":0,"master_deck":["Strike_G+1","Strike_G+1","Strike_G+1","Strike_G+1","Defend_G+1","Defend_G+1","Defend_G+1","Defend_G+1","Defend_G+1","Survivor+1","Neutralize+1","Poisoned Stab+1","Backflip+1","Backflip+1","Footwork+1","Accuracy+1","Storm of Steel+1","Deadly Poison+1","Noxious Fumes+1","After Image+1","Backflip+1","Poisoned Stab+1","Panache+1","Poisoned Stab+1","Dash+1","After Image+1","Malaise+1","Blade Dance+1","Footwork+1","Blade Dance+1","Accuracy+1","Storm of Steel+1","Accuracy+1","Secret Technique+1","Discovery+1","Deflect+1","Blade Dance+1","Well Laid Plans+1","Skewer","Cloak And Dagger","Doppelganger","Caltrops","Dagger Throw+1"],"relics":["Ring of the Snake","NeowsBlessing","WarpedTongs","reliquary:Pushpin","Tingsha","reliquary:NewFriend","HoveringKite","Dream Catcher","Chemical X","reliquary:RedCape","reliquary:Firecrackers","Mark of the Bloom","Shovel","Bag of Preparation","Juzu Bracelet","reliquary:SharkskinSheath","Bottled Tornado","reliquary:PrincelyHelmet"],"acts_visited":["Exordium","TheCity","TheBeyond","TheEnding"],"potions_floor_usage":[12,16,22,24,25,28,41,55,55],"damage_taken":[{"damage":0,"enemies":"Small Slimes","floor":1,"turns":1},{"damage":1,"enemies":"Cultist","floor":3,"turns":1},{"damage":2,"enemies":"2 Louse","floor":4,"turns":1},{"damage":5,"enemies":"Lagavulin","floor":7,"turns":9},{"damage":2,"enemies":"3 Sentries","floor":10,"turns":12},{"damage":0,"enemies":"Large Slime","floor":11,"turns":4},{"damage":3,"enemies":"Lots of Slimes","floor":12,"turns":3},{"damage":4,"enemies":"Slime Boss","floor":16,"turns":8},{"damage":18,"enemies":"3 Byrds","floor":18,"turns":7},{"damage":7,"enemies":"Shell Parasite","floor":20,"turns":4},{"damage":3,"enemies":"Centurion and Healer","floor":22,"turns":7},{"damage":29,"enemies":"Slavers","floor":24,"turns":5},{"damage":5,"enemies":"3 Cultists","floor":25,"turns":5},{"damage":4,"enemies":"Snake Plant","floor":28,"turns":5},{"damage":15,"enemies":"Centurion and Healer","floor":31,"turns":7},{"damage":8,"enemies":"Collector","floor":33,"turns":9},{"damage":0,"enemies":"Orb Walker","floor":35,"turns":4},{"damage":2,"enemies":"3 Shapes","floor":39,"turns":4},{"damage":9,"enemies":"Nemesis","floor":41,"turns":5},{"damage":0,"enemies":"Maw","floor":46,"turns":5},{"damage":0,"enemies":"Giant Head","floor":47,"turns":7},{"damage":13,"enemies":"Donu and Deca","floor":50,"turns":6},{"damage":6,"enemies":"Shield and Spear","floor":54,"turns":5},{"damage":22,"enemies":"The Heart","floor":55,"turns":10}],"seed_played":"3402916156091922973","potions_obtained":[{"floor":10,"key":"Poison Potion"},{"floor":11,"key":"ColorlessPotion"},{"floor":12,"key":"Block Potion"},{"floor":20,"key":"AttackPotion"},{"floor":24,"key":"LiquidMemories"},{"floor":25,"key":"Dexterity Potion"},{"floor":31,"key":"Poison Potion"},{"floor":46,"key":"SneckoOil"},{"floor":54,"key":"Regen Potion"}],"is_trial":false,"path_per_floor":["M","?","M","M","$","R","E","R","T","E","M","M","$","?","R","B",null,"M","?","M","$","M","R","E","M","T","?","M","R","$","M","R","B",null,"M","?","?","?","M","R","E","$","T","?","R","M","E","T","R","B",null,"R","$","E","B",null],"character_chosen":"THE_SILENT","items_purchased":["Footwork","Noxious Fumes","Panache","Chemical X","Footwork","Well Laid Plans","Doppelganger","Caltrops"],"campfire_rested":2,"item_purchase_floors":[5,13,21,30,30,42,53,53],"current_hp_per_floor":[70,70,69,67,67,67,62,62,62,60,60,57,57,50,50,46,70,52,52,45,45,42,42,13,8,8,8,4,25,25,10,31,23,70,70,66,66,56,54,54,45,45,45,45,45,45,45,45,45,32,32,32,32,26,4],"gold":74,"neow_bonus":"THREE_ENEMY_KILL","is_daily":false,"chose_seed":false,"campfire_upgraded":5,"win_rate":0.0,"timestamp":1613404617,"path_taken":["M","?","?","M","$","R","E","R","T","E","M","M","$","?","R","BOSS","M","?","M","$","M","R","E","?","T","?","?","R","?","M","R","BOSS","M","?","?","?","M","R","E","$","T","?","R","M","E","?","R","BOSS","R","$","E","BOSS"],"items_purchased_type":["Card","Card","Card","Relic","Card","Card","Card","Card"],"build_version":"2020-12-22","purchased_purges":2,"victory":true,"max_hp_per_floor":[70,70,70,70,70,70,70,70,70,70,70,70,70,70,70,70,70,70,70,70,70,70,70,70,70,70,70,70,70,70,70,70,70,70,70,66,66,66,66,66,66,66,66,66,66,66,66,66,66,66,66,66,66,66,66],"card_choices":[{"not_picked":["Dagger Spray","Backflip"],"picked":"Poisoned Stab","floor":1},{"not_picked":["All Out Attack","Setup"],"picked":"Backflip","floor":3},{"not_picked":["Flying Knee","Endless Agony"],"picked":"Backflip","floor":4},{"not_picked":["Heel Hook","Predator"],"picked":"Accuracy","floor":7},{"not_picked":["Infinite Blades","Terror"],"picked":"Storm of Steel","floor":10},{"not_picked":["Flying Knee","Bane","Sucker Punch"],"picked":"SKIP","floor":11},{"not_picked":["Prepared","Dodge and Roll"],"picked":"Deadly Poison","floor":12},{"not_picked":["Storm of Steel","Unload"],"picked":"After Image","floor":16},{"not_picked":["Quick Slash+1","Acrobatics"],"picked":"Backflip","floor":18},{"not_picked":["Outmaneuver+1","Dagger Spray+1"],"picked":"Poisoned Stab","floor":20},{"not_picked":["Dagger Spray","Dodge and Roll","Underhanded Strike"],"picked":"SKIP","floor":22},{"not_picked":["Terror","Dodge and Roll"],"picked":"Poisoned Stab+1","floor":24},{"not_picked":["Predator+1","Slice"],"picked":"Dash","floor":25},{"not_picked":["Heel Hook+1","Bane+1"],"picked":"Malaise","floor":28},{"not_picked":["Heel Hook+1","Poisoned Stab"],"picked":"Blade Dance","floor":29},{"not_picked":["Dagger Throw","Prepared"],"picked":"Blade Dance+1","floor":31},{"not_picked":["Backflip","Outmaneuver"],"picked":"Accuracy","floor":32},{"not_picked":["Unload","Doppelganger"],"picked":"Storm of Steel","floor":33},{"not_picked":["Slice","Riddle With Holes+1"],"picked":"Accuracy+1","floor":35},{"not_picked":["Thinking Ahead","Mayhem"],"picked":"Secret Technique","floor":38},{"not_picked":["Enlightenment","Forethought"],"picked":"Discovery","floor":38},{"not_picked":["Prepared","Outmaneuver"],"picked":"Deflect+1","floor":39},{"not_picked":["Sucker Punch","Predator+1"],"picked":"Blade Dance+1","floor":41},{"not_picked":["Dodge and Roll","Deflect"],"picked":"Skewer","floor":46},{"not_picked":["Backstab","Reflex"],"picked":"Cloak And Dagger","floor":47},{"not_picked":["Setup","Bane"],"picked":"Dagger Throw+1","floor":54}],"player_experience":549202,"relics_obtained":[{"floor":7,"key":"reliquary:Pushpin"},{"floor":9,"key":"Tingsha"},{"floor":10,"key":"reliquary:NewFriend"},{"floor":24,"key":"reliquary:FerryPass"},{"floor":26,"key":"Dream Catcher"},{"floor":41,"key":"reliquary:Firecrackers"},{"floor":47,"key":"Shovel"},{"floor":47,"key":"Bag of Preparation"},{"floor":48,"key":"Juzu Bracelet"},{"floor":49,"key":"reliquary:SharkskinSheath"},{"floor":52,"key":"Bottled Tornado"},{"floor":54,"key":"reliquary:PrincelyHelmet"}],"event_choices":[{"damage_healed":0,"gold_gain":0,"player_choice":"Rummage","damage_taken":0,"relics_obtained":["WarpedTongs"],"max_hp_gain":0,"max_hp_loss":0,"event_name":"Accursed Blacksmith","floor":2,"gold_loss":0,"cards_obtained":["Pain"]},{"cards_removed":["Strike_G"],"damage_healed":0,"gold_gain":0,"player_choice":"Card Removal","damage_taken":7,"max_hp_gain":0,"max_hp_loss":0,"event_name":"Golden Wing","floor":14,"gold_loss":0},{"damage_healed":0,"gold_gain":275,"player_choice":"Desecrate","damage_taken":0,"max_hp_gain":0,"max_hp_loss":0,"event_name":"Golden Shrine","floor":19,"gold_loss":0,"cards_obtained":["Regret"]},{"damage_healed":0,"gold_gain":0,"player_choice":"Copied","damage_taken":0,"max_hp_gain":0,"max_hp_loss":0,"event_name":"Duplicator","floor":27,"gold_loss":0,"cards_obtained":["After Image"]},{"damage_healed":0,"gold_gain":0,"player_choice":"Max HP","damage_taken":0,"max_hp_gain":0,"max_hp_loss":4,"event_name":"Winding Halls","floor":36,"gold_loss":0},{"damage_healed":0,"gold_gain":0,"player_choice":"Ignored","damage_taken":0,"max_hp_gain":0,"max_hp_loss":0,"event_name":"Tomb of Lord Red Mask","floor":37,"gold_loss":0},{"damage_healed":0,"gold_gain":0,"player_choice":"Memory 3","damage_taken":10,"max_hp_gain":0,"max_hp_loss":0,"event_name":"SensoryStone","floor":38,"gold_loss":0},{"damage_healed":0,"gold_gain":0,"player_choice":"Upgrade","damage_taken":0,"relics_obtained":["Mark of the Bloom"],"max_hp_gain":0,"max_hp_loss":0,"event_name":"MindBloom","floor":44,"gold_loss":0,"cards_upgraded":["Strike_G","Strike_G","Strike_G","Strike_G","Defend_G","Defend_G","Defend_G","Defend_G","Defend_G","Survivor","Neutralize","Backflip","Backflip","Accuracy","Storm of Steel","Deadly Poison","Backflip","Poisoned Stab","Panache","Dash","Malaise","Blade Dance","Accuracy","Storm of Steel","Secret Technique","Discovery","Well Laid Plans"]}],"is_beta":false,"boss_relics":[{"not_picked":["Calling Bell","reliquary:Craggleroot"],"picked":"HoveringKite"},{"not_picked":["Velvet Choker","SacredBark"],"picked":"reliquary:RedCape"}],"items_purged_floors":[5,21],"is_endless":false,"potions_floor_spawned":[10,11,12,20,24,25,31,46,54],"ascension_level":3}}