{"host":"y6zg4wwu39otf01a","time":1613424974,"event":{"mods":["Act Like it!","Aspiration","BaseMod","Better Altar","Better Match","Better Note","Better Sensory Stone","Better Skull","Better Third Choice","Challenge The Spire","Colored Map","Colored Powertips","Conspire","GifTheSpireLib","Glutton Mod","Halation","Hermit","Highlight Path","Hubris","Infinite Spire","Mimic Mod","Minty Spire (QoL Compilation)","Quick Restart","Random Character Button","Rare Cards Sparkle","Replay The Spire","Retaliation","Spicy Shops","StSLib","Stuff the Spire","The Blue Laboratory","The Jungle"],"gold_per_floor":[119,119,131,39,39,39,97,97,97,97,116,134,169,169,169,169,169],"floor_reached":16,"language":"ENG","playtime":891,"items_purged":[],"score":98,"play_id":"c13166a8-ad0d-4d09-ae60-f1bc4e0fc21b","local_time":"20210215153614","daily_mods":["SealedDeck","Purple Cards","Elite Swarm"],"is_ascension_mode":false,"campfire_choices":[{"data":"Calculated Gamble","floor":6,"key":"SMITH"},{"data":"Collect","floor":8,"key":"SMITH"},{"data":"WreathOfFlame","floor":10,"key":"SMITH"},{"data":"ReplayTheSpireMod:Scrap Shanks","floor":10,"key":"SMITH"},{"data":"CrushJoints","floor":15,"key":"SMITH"},{"data":"Well Laid Plans","floor":15,"key":"SMITH"}],"circlet_count":0,"master_deck":["Consecrate","ReachHeaven+1","Slice","Dagger Spray","WreathOfFlame+1","Fasting2","Collect+1","Tactician","Tactician","Calculated Gamble+1","ReplayTheSpireMod:Scrap Shanks+1","CrushJoints+1","ReplayTheSpireMod:Splinters","Footwork","Well Laid Plans+1","Outmaneuver","Replay:Bag of Tricks"],"relics":["Ring of the Snake","hubris:FunFungus","Anchor","halation:PenCase","infinitespire:PuzzleCube","conspire:TopHat"],"acts_visited":["Exordium"],"potions_floor_usage":[13,16],"damage_taken":[{"damage":0,"enemies":"2 Louse","floor":1,"turns":1},{"damage":11,"enemies":"Jaw Worm","floor":3,"turns":2},{"damage":0,"enemies":"Small Slimes","floor":11,"turns":1},{"damage":2,"enemies":"Exordium Thugs","floor":12,"turns":2},{"damage":21,"enemies":"3 Sentries","floor":13,"turns":4},{"damage":50,"enemies":"The Guardian","floor":16,"turns":7}],"seed_played":"-8441208081297749258","potions_obtained":[{"floor":3,"key":"Cursed Concoction"},{"floor":7,"key":"blueLaboratory:ArtistsPotion"},{"floor":12,"key":"blueLaboratory:ArtistsPotion"}],"is_trial":true,"path_per_floor":["M","?","M","$","?","R","?","R","T","R","M","M","E","?","R","B"],"character_chosen":"THE_SILENT","items_purchased":["hubris:FunFungus"],"campfire_rested":0,"item_purchase_floors":[4],"current_hp_per_floor":[70,70,59,59,59,59,59,59,59,59,59,57,39,39,39,0,0],"gold":169,"neow_bonus":"","is_daily":false,"chose_seed":false,"campfire_upgraded":6,"win_rate":0.0,"timestamp":1613424974,"path_taken":["M","?","M","$","?","R","?","R","T","R","M","?","E","?","R","BOSS"],"items_purchased_type":["Relic"],"build_version":"2020-12-22","purchased_purges":0,"victory":false,"max_hp_per_floor":[70,70,70,70,70,70,70,70,70,70,70,70,70,70,70,70,70],"card_choices":[{"not_picked":["Flying Knee","Tactician"],"picked":"ReplayTheSpireMod:Scrap Shanks","floor":1},{"not_picked":["Blade Dance","Cloak And Dagger"],"picked":"CrushJoints","floor":3},{"not_picked":["Prostrate","Replay:Anticipation"],"picked":"Footwork","floor":7},{"not_picked":["StuffTheSpire:Injection","PathToVictory"],"picked":"Well Laid Plans","floor":7},{"not_picked":["FlurryOfBlows","StuffTheSpire:Python","Swivel"],"picked":"SKIP","floor":11},{"not_picked":["StuffTheSpire:Injection","FlyingSleeves"],"picked":"Outmaneuver","floor":12},{"not_picked":["Replay:AllIn","Unload"],"picked":"Replay:Bag of Tricks","floor":13}],"player_experience":845972,"relics_obtained":[{"floor":7,"key":"Anchor"},{"floor":9,"key":"halation:PenCase"},{"floor":13,"key":"infinitespire:PuzzleCube"},{"floor":14,"key":"conspire:TopHat"}],"event_choices":[{"damage_healed":0,"gold_gain":0,"player_choice":"Disagree","damage_taken":0,"max_hp_gain":0,"max_hp_loss":0,"event_name":"conspire:LoneGhost","floor":2,"gold_loss":0}],"is_beta":false,"boss_relics":[],"items_purged_floors":[],"is_endless":false,"potions_floor_spawned":[3,11,12],"killed_by":"The Guardian","ascension_level":0}}