{"host":"b6kqr6ulwax9qd8q","time":1613359302,"event":{"mods":["BaseMod","Minty Spire (QoL Compilation)"],"gold_per_floor":[117,19,19,31,31,63,63,75,75,104,116,133,203,223,223,322,322,336,354,354,368,4,38,38,38,109,139,149,180,180,192,192,288,288,308,326,326,10,28,63,63,63,63],"floor_reached":42,"language":"ENG","playtime":3537,"items_purged":["Decay"],"score":658,"play_id":"d61ae0e4-f0da-42f5-843f-c0e071ef10e0","local_time":"20210214222142","is_ascension_mode":true,"campfire_choices":[{"data":"Zap","floor":7,"key":"SMITH"},{"floor":15,"key":"REST"},{"floor":25,"key":"REST"},{"data":"Defragment","floor":30,"key":"SMITH"},{"data":"Capacitor","floor":32,"key":"SMITH"},{"floor":41,"key":"REST"}],"circlet_count":0,"master_deck":["Strike_B","Strike_B+1","Defend_B","Defend_B","Defend_B","Zap+1","Dualcast","Static Discharge","Cold Snap+1","Loop+1","Doom and Gloom","Reinforced Body","Defragment+1","Self Repair","Redo","Amplify","Go for the Eyes","Necronomicurse","Glacier","Capacitor+1","Loop+1","Core Surge","Genetic Algorithm+1","Doom and Gloom+1","Meteor Strike","Glacier","Electrodynamics","Fission+1","Loop+1","Auto Shields+1","Ball Lightning+1","Chill+1"],"relics":["Cracked Core","NeowsBlessing","Cables","Mummified Hand","StrikeDummy","Whetstone","Sozu","Necronomicon","DollysMirror","CaptainsWheel","Question Card","Pantograph","Juzu Bracelet","Astrolabe","Pear","Anchor"],"acts_visited":["Exordium","TheCity","TheBeyond"],"potions_floor_usage":[23,27],"damage_taken":[{"damage":0,"enemies":"Jaw Worm","floor":1,"turns":1},{"damage":0,"enemies":"Small Slimes","floor":4,"turns":1},{"damage":0,"enemies":"3 Sentries","floor":6,"turns":1},{"damage":4,"enemies":"2 Louse","floor":8,"turns":2},{"damage":14,"enemies":"Gremlin Nob","floor":10,"turns":3},{"damage":1,"enemies":"Exordium Wildlife","floor":11,"turns":2},{"damage":9,"enemies":"Red Slaver","floor":12,"turns":3},{"damage":4,"enemies":"Blue Slaver","floor":14,"turns":2},{"damage":15,"enemies":"Slime Boss","floor":16,"turns":5},{"damage":0,"enemies":"Spheric Guardian","floor":18,"turns":3},{"damage":35,"enemies":"2 Thieves","floor":19,"turns":3},{"damage":15,"enemies":"3 Cultists","floor":21,"turns":4},{"damage":0,"enemies":"Gremlin Leader","floor":23,"turns":4},{"damage":24,"enemies":"Slavers","floor":27,"turns":5},{"damage":7,"enemies":"Cultist and Chosen","floor":28,"turns":3},{"damage":9,"enemies":"Book of Stabbing","floor":29,"turns":4},{"damage":9,"enemies":"Snecko","floor":31,"turns":3},{"damage":26,"enemies":"Champ","floor":33,"turns":10},{"damage":27,"enemies":"3 Darklings","floor":35,"turns":4},{"damage":0,"enemies":"Orb Walker","floor":36,"turns":2},{"damage":3,"enemies":"Spire Growth","floor":39,"turns":4},{"damage":64,"enemies":"Nemesis","floor":40,"turns":5},{"damage":67,"enemies":"Giant Head","floor":42,"turns":6}],"seed_played":"5792892200060992197","potions_obtained":[{"floor":1,"key":"BlessingOfTheForge"},{"floor":6,"key":"Swift Potion"},{"floor":11,"key":"FairyPotion"}],"is_trial":false,"path_per_floor":["M","$","?","M","?","E","R","M","T","E","M","M","?","M","R","B",null,"M","M","?","M","$","E","?","R","T","E","M","E","R","M","R","B",null,"M","M","?","$","M","E","R","E"],"character_chosen":"DEFECT","items_purchased":["Cold Snap","SkillPotion","Capacitor","DollysMirror","Core Surge","Pear"],"campfire_rested":3,"item_purchase_floors":[2,2,22,22,22,38],"current_hp_per_floor":[75,75,42,42,42,42,42,38,38,24,23,14,14,17,39,31,75,75,47,31,23,23,30,30,52,52,35,35,26,26,24,24,30,75,55,55,55,65,69,12,37,0,0],"gold":63,"neow_bonus":"THREE_ENEMY_KILL","is_daily":false,"chose_seed":false,"campfire_upgraded":3,"win_rate":0.0,"timestamp":1613359302,"path_taken":["M","$","?","M","?","E","R","M","T","E","M","M","?","M","R","BOSS","M","M","?","M","$","E","?","R","T","E","M","E","R","M","R","BOSS","M","M","?","$","M","E","R","E"],"items_purchased_type":["Card","Potion","Card","Relic","Card","Relic"],"build_version":"2020-12-22","purchased_purges":1,"victory":false,"max_hp_per_floor":[75,75,75,75,75,75,75,75,75,75,75,75,75,75,75,75,75,75,75,75,75,75,75,75,75,75,75,75,75,75,75,75,75,75,75,75,75,85,85,85,85,85,85],"card_choices":[{"not_picked":["Sunder","Redo"],"picked":"Static Discharge","floor":1},{"not_picked":["Darkness","Leap"],"picked":"Loop","floor":4},{"not_picked":["Streamline","All For One","Stack"],"picked":"SKIP","floor":6},{"not_picked":["Sweeping Beam","Redo"],"picked":"Doom and Gloom","floor":8},{"not_picked":["All For One","Turbo"],"picked":"Reinforced Body","floor":10},{"not_picked":["Chaos","Doom and Gloom"],"picked":"Defragment","floor":11},{"not_picked":["Auto Shields","Reprogram"],"picked":"Self Repair","floor":12},{"not_picked":["Turbo","Stack"],"picked":"Redo","floor":14},{"not_picked":["Multi-Cast","Machine Learning"],"picked":"Amplify","floor":16},{"not_picked":["Double Energy","Gash","Steam"],"picked":"SKIP","floor":18},{"not_picked":["Hologram","Turbo"],"picked":"Go for the Eyes","floor":19},{"not_picked":["Stack","Gash"],"picked":"Glacier","floor":21},{"not_picked":["Sweeping Beam","Heatsinks"],"picked":"Genetic Algorithm+1","floor":23},{"not_picked":["Coolheaded","Skim","Tempest"],"picked":"Doom and Gloom+1","floor":27},{"not_picked":["Stack+1","Coolheaded+1","Streamline"],"picked":"Meteor Strike","floor":28},{"not_picked":["Doom and Gloom+1","Melter","Go for the Eyes+1","Sweeping Beam"],"picked":"SKIP","floor":29},{"not_picked":["Skim","Machine Learning","Chaos"],"picked":"Glacier","floor":31},{"not_picked":["Meteor Strike","Seek","Amplify"],"picked":"Electrodynamics","floor":33},{"not_picked":["Doom and Gloom","FTL+1","Aggregate+1"],"picked":"Ball Lightning+1","floor":35},{"not_picked":["Streamline","Cold Snap+1","Steam"],"picked":"Chill+1","floor":36},{"not_picked":["Barrage+1","Static Discharge","Lockon+1","Streamline"],"picked":"SKIP","floor":39},{"not_picked":["Skim","Tempest","Undo+1","Gash+1"],"picked":"SKIP","floor":40}],"player_experience":602984,"relics_obtained":[{"floor":6,"key":"Mummified Hand"},{"floor":9,"key":"StrikeDummy"},{"floor":10,"key":"Whetstone"},{"floor":20,"key":"Necronomicon"},{"floor":23,"key":"CaptainsWheel"},{"floor":26,"key":"Question Card"},{"floor":27,"key":"Pantograph"},{"floor":29,"key":"Juzu Bracelet"},{"floor":40,"key":"Anchor"}],"event_choices":[{"damage_healed":0,"gold_gain":0,"player_choice":"Success","damage_taken":33,"relics_obtained":["Cables"],"max_hp_gain":0,"max_hp_loss":0,"event_name":"Scrap Ooze","floor":3,"gold_loss":0},{"damage_healed":0,"gold_gain":0,"player_choice":"Grow","damage_taken":0,"max_hp_gain":0,"max_hp_loss":0,"event_name":"Living Wall","floor":5,"gold_loss":0,"cards_upgraded":["Loop"]},{"damage_healed":0,"gold_gain":70,"player_choice":"Gained Gold","damage_taken":0,"max_hp_gain":0,"max_hp_loss":0,"event_name":"Golden Wing","floor":13,"gold_loss":0},{"damage_healed":0,"gold_gain":0,"player_choice":"Obtained Book","damage_taken":16,"max_hp_gain":0,"max_hp_loss":0,"event_name":"Cursed Tome","floor":20,"gold_loss":0},{"damage_healed":0,"gold_gain":0,"player_choice":"Smashed Altar","damage_taken":0,"max_hp_gain":0,"max_hp_loss":0,"event_name":"Forgotten Altar","floor":24,"gold_loss":0,"cards_obtained":["Decay"]},{"damage_healed":0,"gold_gain":0,"player_choice":"Ignored","damage_taken":0,"max_hp_gain":0,"max_hp_loss":0,"event_name":"Tomb of Lord Red Mask","floor":37,"gold_loss":0}],"is_beta":false,"boss_relics":[{"not_picked":["Ectoplasm","Velvet Choker"],"picked":"Sozu"},{"not_picked":["Snecko Eye","Runic Pyramid"],"picked":"Astrolabe"}],"items_purged_floors":[38],"is_endless":false,"potions_floor_spawned":[1,6,10,11,18,19,28,29,33,36,40],"killed_by":"Giant Head","ascension_level":4}}