{"host":"ydg0vn0pu4pubmdt","time":1613383988,"event":{"mods":["AchievementEnabler","BaseMod","Colored Map","Gold Saver","Minty Spire (QoL Compilation)","Quick Restart","SuperFastMode"],"gold_per_floor":[116,116,191,116,142,142,168,168,168,195,205,24,24,24,24,24,24],"floor_reached":16,"language":"KOR","playtime":180,"items_purged":["Strike_R","Parasite"],"score":308,"play_id":"e740db72-0134-432b-b092-bcf21d5511b2","local_time":"20210215191308","is_ascension_mode":true,"campfire_choices":[{"data":"Bash","floor":6.0,"key":"SMITH"},{"data":"Blood for Blood","floor":15.0,"key":"SMITH"}],"circlet_count":0,"master_deck":["AscendersBane","Strike_R","Strike_R","Strike_R","Defend_R","Defend_R","Defend_R","Defend_R","Bash+1","Wild Strike","Armaments","Blood for Blood+1"],"relics":["Burning Blood","NeowsBlessing","Blood Vial","Oddly Smooth Stone","Toy Ornithopter","InkBottle","Golden Idol"],"acts_visited":["Exordium"],"potions_floor_usage":[],"damage_taken":[{"damage":0.0,"enemies":"2 Louse","floor":1.0,"turns":1.0},{"damage":0.0,"enemies":"Lagavulin","floor":7.0,"turns":1.0},{"damage":0.0,"enemies":"3 Sentries","floor":10.0,"turns":1.0},{"damage":2.0,"enemies":"Small Slimes","floor":11.0,"turns":4.0},{"damage":50,"enemies":"Hexaghost","floor":16,"turns":10}],"seed_played":"569037124044274611","potions_obtained":[{"floor":10.0,"key":"GamblersBrew"},{"floor":11.0,"key":"DuplicationPotion"}],"is_trial":false,"path_per_floor":["M","?","?","$","T","R","E","?","T","E","M","$","$","?","R","B"],"character_chosen":"IRONCLAD","items_purchased":["Blood for Blood"],"campfire_rested":0,"item_purchase_floors":[12],"current_hp_per_floor":[74,67,56,56,56,56,64,75,75,75,75,72,72,47,47,0,0],"gold":24,"neow_bonus":"THREE_ENEMY_KILL","is_daily":false,"chose_seed":false,"campfire_upgraded":2,"win_rate":0.0,"timestamp":1613383988,"path_taken":["M","?","?","$","?","R","E","?","T","E","M","?","$","?","R","BOSS"],"items_purchased_type":["Card"],"build_version":"2020-12-22","purchased_purges":2,"victory":false,"max_hp_per_floor":[75,75,75,75,75,75,75,75,75,75,75,72,72,72,72,72,72],"card_choices":[{"not_picked":["Cleave","Burning Pact"],"picked":"Wild Strike","floor":1.0},{"not_picked":["Headbutt","Dual Wield","Clothesline"],"picked":"SKIP","floor":7.0},{"not_picked":["Berserk","Ghostly Armor"],"picked":"Armaments","floor":10.0},{"not_picked":["Sentinel","Cleave","Havoc"],"picked":"SKIP","floor":11.0}],"player_experience":566465,"relics_obtained":[{"floor":5.0,"key":"Blood Vial"},{"floor":7.0,"key":"Oddly Smooth Stone"},{"floor":9.0,"key":"Toy Ornithopter"},{"floor":10.0,"key":"InkBottle"}],"event_choices":[{"cards_removed":["Strike_R"],"damage_healed":0.0,"max_hp_gain":0.0,"max_hp_loss":0.0,"gold_gain":0.0,"event_name":"Golden Wing","player_choice":"Card Removal","floor":2.0,"gold_loss":0.0,"damage_taken":7.0},{"damage_healed":0.0,"max_hp_gain":0.0,"max_hp_loss":0.0,"gold_gain":75.0,"event_name":"World of Goop","player_choice":"Gather Gold","floor":3.0,"gold_loss":0.0,"damage_taken":11.0},{"damage_healed":18.0,"max_hp_gain":0.0,"max_hp_loss":0.0,"gold_gain":0.0,"event_name":"Mushrooms","player_choice":"Healed and dodged fight","floor":8.0,"gold_loss":0.0,"damage_taken":0.0,"cards_obtained":["Parasite"]},{"damage_healed":0.0,"max_hp_gain":0.0,"max_hp_loss":0.0,"gold_gain":0.0,"event_name":"Golden Idol","player_choice":"Take Damage","floor":14.0,"gold_loss":0.0,"damage_taken":25.0,"relics_obtained":["Golden Idol"]}],"is_beta":false,"boss_relics":[],"items_purged_floors":[4,12],"is_endless":false,"potions_floor_spawned":[10,11],"killed_by":"Hexaghost","ascension_level":20}}