{"host":"srukzmr51nzqg4kt","time":1613355194,"event":{"mods":["BaseMod","Downfall","Friendly Minions","Hermit","Hubris","Infinite Spire","Minty Spire (QoL Compilation)","Relic Stats","Replay The Spire","StSLib"],"gold_per_floor":[99,119,137,153,164,191,241,141,141,158,158,176,188,208,224,224,224,224],"floor_reached":16,"language":"ENG","playtime":1308,"items_purged":[],"score":108,"play_id":"536e7ee9-0a75-4923-b089-017cdd84c9f1","local_time":"20210214191314","is_ascension_mode":false,"campfire_choices":[{"floor":8,"key":"REST"}],"circlet_count":0,"master_deck":["hexamod:Strike","hexamod:Strike","hexamod:Strike","hexamod:Strike","hexamod:Defend","hexamod:Defend","hexamod:Defend","hexamod:Defend","hexamod:Sear","hexamod:Float","hexamod:ExtraCrispy","hexamod:AdvancingGuard+1","hexamod:InspiringFlames+1","hexamod:FastForward","hexamod:FlamesFromBeyond","hexamod:BurningTouch","hexamod:FastForward","hexamod:Firestarter","hexamod:HeatCrush","hexamod:SwordOfDarkness"],"relics":["hexamod:SpiritBrand","Gremlin Food","downfall:TeleportStone","Orichalcum","hubris:SlimyHat","downfall:HeartBlessingGreen","hubris:EvacipatedBox","FossilizedHelix"],"acts_visited":["Exordium"],"potions_floor_usage":[16,16,16],"damage_taken":[{"damage":0,"enemies":"Cultist","floor":2,"turns":4},{"damage":0,"enemies":"Jaw Worm","floor":3,"turns":4},{"damage":2,"enemies":"Small Slimes","floor":4,"turns":4},{"damage":7,"enemies":"Exordium Thugs","floor":5,"turns":7},{"damage":26,"enemies":"3 Sentries","floor":6,"turns":10},{"damage":7,"enemies":"Gremlin Gang","floor":10,"turns":6},{"damage":0,"enemies":"downfall:LooterAlt","floor":12,"turns":3},{"damage":6,"enemies":"3 Louse","floor":13,"turns":4},{"damage":0,"enemies":"Blue Slaver","floor":14,"turns":4},{"damage":0,"enemies":"Exordium Thugs","floor":15,"turns":4},{"damage":12,"enemies":"DF_ARCHETYPE_STREAMLINE","floor":16,"turns":6}],"seed_played":"-454988039214738122","potions_obtained":[{"floor":2,"key":"Energy Potion"},{"floor":3,"key":"hexamod:SoulburnPotion"},{"floor":12,"key":"Venom Potion"}],"is_trial":false,"path_per_floor":["R","M","M","M","M","E","T","R","$","M","?","M","M","M","M","B"],"character_chosen":"THE_SPIRIT","items_purchased":["hubris:EvacipatedBox","FossilizedHelix"],"campfire_rested":1,"item_purchase_floors":[9,9],"current_hp_per_floor":[70,70,70,68,61,35,35,56,17,10,10,10,4,4,4,0,0,0],"gold":224,"neow_bonus":"RANDOM_COMMON_RELIC","is_daily":false,"chose_seed":false,"campfire_upgraded":0,"win_rate":0.0,"timestamp":1613355194,"path_taken":["R","M","M","M","M","E","T","R","?","M","?","M","?","?","M","BOSS"],"items_purchased_type":["Relic","Relic"],"build_version":"2020-12-22","purchased_purges":0,"victory":false,"max_hp_per_floor":[70,70,70,70,70,70,70,70,70,70,70,70,70,70,70,70,70,70],"relic_stats":{"counters":[11,56],"Orichalcum":[0],"obtain_stats":[{"Gremlin Food":0,"downfall:HeartBlessingGreen":8,"downfall:TeleportStone":1,"hubris:SlimyHat":7,"Orichalcum":6,"hexamod:SpiritBrand":0,"hubris:EvacipatedBox":9,"FossilizedHelix":9},{"Gremlin Food":0,"downfall:HeartBlessingGreen":5,"downfall:TeleportStone":0,"hubris:SlimyHat":5,"Orichalcum":5,"hexamod:SpiritBrand":0,"hubris:EvacipatedBox":5,"FossilizedHelix":5},{"Gremlin Food":0,"downfall:HeartBlessingGreen":29,"downfall:TeleportStone":0,"hubris:SlimyHat":29,"Orichalcum":29,"hexamod:SpiritBrand":0,"hubris:EvacipatedBox":29,"FossilizedHelix":29}]},"card_choices":[{"not_picked":["hexamod:ShieldOfDarkness","hexamod:GhostflameBarrier"],"picked":"hexamod:ExtraCrispy","floor":2},{"not_picked":["hexamod:GhostLash","hexamod:NightmareStrike"],"picked":"hexamod:AdvancingGuard","floor":3},{"not_picked":["hexamod:NightmareGuise","hexamod:SwordOfDarkness"],"picked":"hexamod:InspiringFlames","floor":4},{"not_picked":["hexamod:AdvancingGuard","hexamod:ChargedBarrage"],"picked":"hexamod:FastForward","floor":5},{"not_picked":["hexamod:GhostShield","hexamod:GhostOfSpirePresent"],"picked":"hexamod:FlamesFromBeyond","floor":6},{"not_picked":["hexamod:GhostShield","hexamod:ThermalTransfer"],"picked":"hexamod:BurningTouch","floor":10},{"not_picked":["hexamod:RadiantFlame","hexamod:SecondSeal"],"picked":"hexamod:FastForward","floor":12},{"not_picked":["hexamod:RetreatToShadows","hexamod:NecessarySacrifice"],"picked":"hexamod:Firestarter","floor":13},{"not_picked":["hexamod:SwordOfDarkness","hexamod:WildfireWeapon"],"picked":"hexamod:HeatCrush","floor":14},{"not_picked":["hexamod:InspiringFlames","hexamod:NecessarySacrifice"],"picked":"hexamod:SwordOfDarkness","floor":15}],"player_experience":344206,"relics_obtained":[{"floor":6,"key":"Orichalcum"},{"floor":7,"key":"hubris:SlimyHat"}],"event_choices":[{"damage_healed":0,"gold_gain":0,"player_choice":"Forge","damage_taken":0,"max_hp_gain":0,"max_hp_loss":0,"event_name":"Accursed Blacksmith","floor":11,"gold_loss":0,"cards_upgraded":["hexamod:InspiringFlames"]}],"is_beta":false,"boss_relics":[],"items_purged_floors":[],"is_endless":false,"potions_floor_spawned":[2,3,12],"killed_by":"DF_ARCHETYPE_STREAMLINE","ascension_level":0}}