{"host":"i2s4iw62z1dejrqn","time":1613375639,"event":{"mods":["AchievementEnabler","BaseMod","Minty Spire (QoL Compilation)","Random Character Button","SuperFastMode"],"gold_per_floor":[113,113,113,113,131,131,56,97,143,173,196,96,134,9,9,129,129,148,148,73,88,107,107,31,31,31,71,71,71,71,71,71,71,71],"floor_reached":33,"language":"KOR","playtime":1962,"items_purged":["Strike_R","Strike_R","Defend_R"],"score":374,"play_id":"58c96976-7652-45fb-8f7a-e0a027820731","local_time":"20210215165359","is_ascension_mode":true,"campfire_choices":[{"data":"Rampage","floor":6,"key":"SMITH"},{"floor":15,"key":"REST"},{"floor":23,"key":"REST"},{"data":"Berserk","floor":25,"key":"SMITH"},{"floor":28,"key":"REST"},{"data":"Clothesline","floor":30,"key":"SMITH"},{"floor":32,"key":"REST"}],"circlet_count":0,"master_deck":["Defend_R","Defend_R+1","Defend_R","Bash","Rampage+1","Power Through+1","Clothesline+1","Shrug It Off","Inflame","Berserk+1","Warcry+1","Cleave+1","Fire Breathing","Burning Pact"],"relics":["Burning Blood","Bloody Idol","Singing Bowl","War Paint","Nunchaku","Mark of Pain","Juzu Bracelet"],"acts_visited":["Exordium","TheCity"],"potions_floor_usage":[13,16,21,27,33],"damage_taken":[{"damage":11,"enemies":"Jaw Worm","floor":1,"turns":4},{"damage":5,"enemies":"2 Louse","floor":5,"turns":3},{"damage":29,"enemies":"Gremlin Nob","floor":8,"turns":5},{"damage":0,"enemies":"Small Slimes","floor":11,"turns":4},{"damage":44,"enemies":"3 Sentries","floor":13,"turns":10},{"damage":18,"enemies":"Slime Boss","floor":16,"turns":9},{"damage":18,"enemies":"Spheric Guardian","floor":18,"turns":4},{"damage":13,"enemies":"2 Thieves","floor":21,"turns":4},{"damage":36,"enemies":"Shelled Parasite and Fungi","floor":22,"turns":8},{"damage":48,"enemies":"Book of Stabbing","floor":27,"turns":6},{"damage":79,"enemies":"Automaton","floor":33,"turns":6}],"seed_played":"6174413111817870647","potions_obtained":[{"floor":8,"key":"ElixirPotion"},{"floor":13,"key":"FearPotion"},{"floor":16,"key":"Fire Potion"},{"floor":22,"key":"Regen Potion"},{"floor":27,"key":"SkillPotion"}],"is_trial":false,"path_per_floor":["M","?","?","?","M","R","$","E","T","?","M","$","E","$","R","B",null,"M","?","?","M","M","R","$","R","T","E","R","?","R","?","R","B"],"character_chosen":"IRONCLAD","items_purchased":["Fire Breathing"],"campfire_rested":4,"item_purchase_floors":[24],"current_hp_per_floor":[67,72,72,72,73,73,73,50,50,50,56,56,18,18,41,29,67,55,55,55,48,20,44,44,44,44,17,41,41,41,41,65,0,0],"gold":71,"neow_bonus":"TRANSFORM_CARD","is_daily":false,"chose_seed":false,"campfire_upgraded":3,"win_rate":0.0,"timestamp":1613375639,"path_taken":["M","?","?","?","M","R","$","E","T","?","?","$","E","?","R","BOSS","M","?","?","M","M","R","$","R","T","E","R","?","R","?","R","BOSS"],"items_purchased_type":["Card"],"build_version":"2020-12-22","purchased_purges":3,"victory":false,"max_hp_per_floor":[80,85,79,79,79,79,79,79,79,79,79,79,79,79,79,79,79,79,79,79,79,81,81,81,81,81,81,81,81,81,81,81,81,81],"card_choices":[{"not_picked":["True Grit","Thunderclap","Reckless Charge"],"picked":"SKIP","floor":1},{"not_picked":["Sever Soul","Wild Strike"],"picked":"Power Through","floor":5},{"not_picked":["Shrug It Off","Body Slam"],"picked":"Clothesline","floor":8},{"not_picked":["Perfected Strike","Havoc"],"picked":"Shrug It Off","floor":11},{"not_picked":["Entrench","Whirlwind"],"picked":"Inflame","floor":13},{"not_picked":["Juggernaut","Offering"],"picked":"Berserk","floor":16},{"not_picked":["Infernal Blade+1","Flex"],"picked":"Warcry+1","floor":18},{"not_picked":["Iron Wave+1","Entrench"],"picked":"Cleave+1","floor":21},{"not_picked":["Armaments","Wild Strike","Havoc+1"],"picked":"Singing Bowl","floor":22},{"not_picked":["Havoc","Anger"],"picked":"Burning Pact","floor":27}],"player_experience":464210,"relics_obtained":[{"floor":8,"key":"Singing Bowl"},{"floor":9,"key":"War Paint"},{"floor":13,"key":"Nunchaku"},{"floor":27,"key":"Juzu Bracelet"}],"event_choices":[{"damage_healed":0,"gold_gain":0,"player_choice":"Donut","damage_taken":0,"max_hp_gain":5,"max_hp_loss":0,"event_name":"Big Fish","floor":2,"gold_loss":0},{"damage_healed":0,"gold_gain":0,"player_choice":"Lose Max HP","damage_taken":0,"relics_obtained":["Golden Idol"],"max_hp_gain":0,"max_hp_loss":6,"event_name":"Golden Idol","floor":3,"gold_loss":0},{"damage_healed":0,"gold_gain":0,"player_choice":"Ignored","damage_taken":0,"max_hp_gain":0,"max_hp_loss":0,"event_name":"Liars Game","floor":4,"gold_loss":0},{"damage_healed":0,"gold_gain":30,"player_choice":"Searched \u00272\u0027 times","damage_taken":0,"max_hp_gain":0,"max_hp_loss":0,"event_name":"Dead Adventurer","floor":10,"gold_loss":0},{"damage_healed":0,"gold_gain":0,"player_choice":"Ignored","damage_taken":0,"max_hp_gain":0,"max_hp_loss":0,"event_name":"Vampires","floor":19,"gold_loss":0},{"cards_removed":["Strike_R"],"damage_healed":0,"gold_gain":0,"player_choice":"Gave Gold","damage_taken":0,"max_hp_gain":0,"max_hp_loss":0,"event_name":"Beggar","floor":20,"gold_loss":75},{"damage_healed":0,"gold_gain":0,"player_choice":"Gave Idol","damage_taken":0,"relics_obtained":["Bloody Idol"],"max_hp_gain":0,"max_hp_loss":0,"event_name":"Forgotten Altar","floor":29,"relics_lost":["Golden Idol"],"gold_loss":0},{"cards_removed":["Strike_R"],"damage_healed":0,"gold_gain":0,"player_choice":"Offered Basic","damage_taken":0,"max_hp_gain":0,"max_hp_loss":0,"event_name":"Bonfire Elementals","floor":31,"gold_loss":0}],"is_beta":false,"boss_relics":[{"not_picked":["Runic Pyramid","Runic Dome"],"picked":"Mark of Pain"}],"items_purged_floors":[7,12,14],"is_endless":false,"potions_floor_spawned":[8,13,16,22,27],"killed_by":"Automaton","ascension_level":8}}