{"host":"y4fuci1jk2rsxnep","time":1613409538,"event":{"mods":["AchievementEnabler","BaseMod","Colored Powertips","Custom Start","Defuse TimeMaze Blight","Dio Mod","Downfall","Hermit","Hero for Fun","Hubris","Hunter ??","Infinite Spire","Minty Spire (QoL Compilation)","Quick Restart","Reliquary","Remove Card Discount Mod","Replay The Spire","StSLib","The Blackbeard","The Bug Knight","The Mystic","The Runesmith"],"gold_per_floor":[114,114,114,114,128,159,174,174,199,275,275,1,1,19,19,123,123,137,137,153,252,252,252,252,252,252,252,111,128,128,159,159,264,264,282,557,370,385,385,385,385,385,409,421,421,439,36,46,46,51],"floor_reached":51,"language":"ENG","playtime":3990,"items_purged":["hermit:Strike_Hermit","hermit:Snipe","hermit:TrackingShot","hermit:Headshot"],"score":734,"play_id":"88580959-ba35-4dbc-836c-d4131d001583","local_time":"20210215181858","daily_mods":["Heirloom","Time Dilation","Flight"],"is_ascension_mode":false,"campfire_choices":[{"data":"hermit:Snapshot","floor":8,"key":"SMITH"},{"data":"Pot Of Greed","floor":15,"key":"SMITH"},{"data":"hermit:FatalDesire","floor":23,"key":"SMITH"},{"data":"hermit:ShadowCloak","floor":24,"key":"SMITH"},{"data":"hermit:ShadowCloak","floor":25,"key":"SMITH"},{"data":"hermit:CursedWeapon","floor":27,"key":"SMITH"},{"floor":32,"key":"REST"},{"data":"Pot Of Greed","floor":41,"key":"SMITH"},{"data":"hermit:FromBeyond","floor":42,"key":"SMITH"},{"floor":49,"key":"REST"}],"circlet_count":0,"master_deck":["hermit:Strike_Hermit","hermit:Strike_Hermit","hermit:Defend_Hermit","hermit:Defend_Hermit","hermit:Defend_Hermit","hermit:Defend_Hermit","hermit:Snapshot+1","hermit:Covet","hermit:HighCaliber","hermit:Quickdraw","hermit:PistolWhip","hermit:SprayPray","hermit:CursedWeapon+1","Pot Of Greed+1","Pot Of Greed+1","hermit:ShadowCloak+1","hermit:HighCaliber","hermit:FatalDesire+1","hermit:ShadowCloak+1","Pain","hermit:Quickdraw","hermit:Determination+1","Shame","hermit:FromBeyond+1","Pot Of Greed+1","Regret","hermit:ShadowCloak","hermit:Determination","hermit:Reprieve","hermit:ShadowCloak","hermit:EyeOfTheStorm+1"],"relics":["hermit:Momento","replay:Trail_Library","mysticmod:CrystalBall","Guardian:GemstoneGun","hubris:Towel","reliquary:Knoch","infinitespire:BottledMercury","Akabeko","Membership Card","Grinning Jar","expansioncontent:StudyCardRelic","WarpedTongs","infinitespire:CursedDice","infinitespire:EmpoweringShard","Toy Ornithopter","hubris:GlazedTorus","Counterbalance","hermit:Spyglass","Dream Catcher","TungstenRod","Chameleon Ring","Sling"],"acts_visited":["Exordium","TheCity","TheBeyond"],"potions_floor_usage":[50,50],"damage_taken":[{"damage":6,"enemies":"Jaw Worm","floor":1,"turns":3},{"damage":0,"enemies":"Small Slimes","floor":5,"turns":2},{"damage":30,"enemies":"Gremlin Nob","floor":6,"turns":5},{"damage":0,"enemies":"Cultist","floor":7,"turns":2},{"damage":2,"enemies":"3 Louse","floor":14,"turns":2},{"damage":17,"enemies":"The Guardian","floor":16,"turns":11},{"damage":14,"enemies":"2 Thieves","floor":18,"turns":2},{"damage":3,"enemies":"Chosen","floor":20,"turns":2},{"damage":3,"enemies":"Centurion and Healer","floor":29,"turns":3},{"damage":16,"enemies":"Slavers","floor":31,"turns":3},{"damage":2,"enemies":"Champ","floor":33,"turns":4},{"damage":7,"enemies":"3 Darklings","floor":35,"turns":2},{"damage":16,"enemies":"Orb Walker","floor":38,"turns":3},{"damage":14,"enemies":"Spire Growth","floor":44,"turns":4},{"damage":12,"enemies":"Writhing Mass","floor":46,"turns":4},{"damage":11,"enemies":"Jaw Worm Horde","floor":48,"turns":3},{"damage":6,"enemies":"hubris:GrandSnecko","floor":50,"turns":6}],"seed_played":"7200813855228583187","potions_obtained":[{"floor":5,"key":"PowerPotion"},{"floor":6,"key":"SkillPotion"},{"floor":14,"key":"Block Potion"},{"floor":16,"key":"EssenceOfSteel"},{"floor":20,"key":"hermit:Tonic"},{"floor":48,"key":"DistilledChaos"}],"is_trial":true,"path_per_floor":["M","?","?","?","M","E","M","R","T","?","?","$","?","M","R","B",null,"M","?","M","?","?","R","R","R","T","R","$","M","?","E","R","B",null,"M","?","$","M","$","T","R","R","T","M","?","M","$","M","R","B",null],"character_chosen":"HERMIT","items_purchased":["Membership Card","Grinning Jar","hermit:ShadowCloak","infinitespire:EmpoweringShard","hermit:Quickdraw","hermit:ShadowCloak","Counterbalance","TungstenRod","Chameleon Ring","Sling","hermit:ShadowCloak"],"campfire_rested":2,"item_purchase_floors":[12,12,12,28,28,37,37,47,47,47,47],"current_hp_per_floor":[69,69,69,69,69,39,39,39,39,39,39,39,39,37,37,20,75,61,61,58,58,58,58,58,58,58,58,58,55,55,39,61,59,75,68,68,68,52,52,52,52,52,52,38,38,26,26,15,37,41],"gold":51,"neow_bonus":"","is_daily":false,"chose_seed":false,"campfire_upgraded":8,"win_rate":0.0,"timestamp":1613409538,"path_taken":["M","?","?","?","?","E","M","R","T","?","?","?","?","?","R","BOSS","M","?","?","?","?","R","R","R","T","R","$","?","?","E","R","BOSS","M","?","$","?","?","?","R","R","T","?","?","?","$","M","R","BOSS"],"items_purchased_type":["Relic","Relic","Card","Relic","Card","Card","Relic","Relic","Relic","Relic","Card"],"build_version":"2020-12-22","purchased_purges":4,"victory":true,"max_hp_per_floor":[75,75,75,75,75,75,75,75,75,75,75,75,75,75,75,75,75,75,75,75,75,75,75,75,75,75,75,75,75,75,75,75,75,75,75,75,75,75,75,75,75,75,75,75,75,75,75,75,75,75],"card_choices":[{"not_picked":["hermit:PistolWhip","hermit:Showdown"],"picked":"hermit:HighCaliber","floor":1},{"not_picked":["hermit:Snipe","hermit:LuckOfTheDraw"],"picked":"hermit:Quickdraw","floor":5},{"not_picked":["hermit:HoleUp","hermit:Scavenge"],"picked":"hermit:PistolWhip","floor":6},{"not_picked":["hermit:ItchyTrigger","hermit:Spite"],"picked":"hermit:SprayPray","floor":7},{"not_picked":["hermit:Vantage","hermit:Malice"],"picked":"hermit:HighCaliber","floor":14},{"not_picked":["hermit:Roughhouse","hermit:EternalForm"],"picked":"hermit:FatalDesire","floor":16},{"not_picked":["hermit:Scavenge","hermit:BigShot","hermit:Feint"],"picked":"SKIP","floor":18},{"not_picked":["hermit:Showdown+1","hermit:Glare"],"picked":"hermit:ShadowCloak","floor":20},{"not_picked":["hermit:Brawl","hermit:ShadowCloak"],"picked":"hermit:Determination+1","floor":29},{"not_picked":["hermit:Spite","hermit:NoHoldsBarred","hermit:Roulette"],"picked":"SKIP","floor":31},{"not_picked":["hermit:FinalCanter","hermit:Roughhouse"],"picked":"hermit:FromBeyond","floor":33},{"not_picked":["hermit:TakeCover","hermit:Enervate"],"picked":"hermit:TrackingShot","floor":35},{"not_picked":["hermit:HighCaliber+1","hermit:LowProfile+1","hermit:HoleUp"],"picked":"SKIP","floor":38},{"not_picked":["hermit:Manifest+1","hermit:LowProfile","hermit:Vantage"],"picked":"SKIP","floor":44},{"not_picked":["hermit:LowProfile","hermit:Snipe"],"picked":"hermit:Headshot","floor":46},{"not_picked":["hermit:ItchyTrigger+1","hermit:Snipe+1","hermit:Horror"],"picked":"SKIP","floor":48},{"not_picked":["hermit:Coalescence","hermit:Vantage+1"],"picked":"hermit:EyeOfTheStorm+1","floor":49}],"player_experience":567251,"relics_obtained":[{"floor":6,"key":"infinitespire:BottledMercury"},{"floor":9,"key":"Akabeko"},{"floor":26,"key":"infinitespire:CursedDice"},{"floor":31,"key":"hubris:GlazedTorus"},{"floor":40,"key":"hermit:Spyglass"},{"floor":43,"key":"Dream Catcher"}],"event_choices":[{"damage_healed":0,"gold_gain":0,"cards_transformed":["hermit:Strike_Hermit"],"player_choice":"Change","damage_taken":0,"max_hp_gain":0,"max_hp_loss":0,"event_name":"Living Wall","floor":2,"gold_loss":0,"cards_obtained":["hermit:Scavenge"]},{"cards_removed":["hermit:Scavenge"],"damage_healed":0,"gold_gain":0,"player_choice":"Gave Card","damage_taken":0,"relics_obtained":["reliquary:Knoch"],"max_hp_gain":0,"max_hp_loss":0,"event_name":"WeMeetAgain","floor":4,"gold_loss":0},{"damage_healed":0,"gold_gain":76,"player_choice":"Gained Gold","damage_taken":0,"max_hp_gain":0,"max_hp_loss":0,"event_name":"Golden Wing","floor":10,"gold_loss":0},{"damage_healed":0,"gold_gain":0,"player_choice":"Leave","damage_taken":0,"max_hp_gain":0,"max_hp_loss":0,"event_name":"FaceTrader","floor":19,"gold_loss":0},{"damage_healed":0,"gold_gain":99,"player_choice":"Stole From Cult","damage_taken":0,"max_hp_gain":0,"max_hp_loss":0,"event_name":"Nest","floor":21,"gold_loss":0},{"damage_healed":0,"gold_gain":0,"player_choice":"Rummage","damage_taken":0,"relics_obtained":["WarpedTongs"],"max_hp_gain":0,"max_hp_loss":0,"event_name":"Accursed Blacksmith","floor":22,"gold_loss":0,"cards_obtained":["Pain"]},{"damage_healed":0,"gold_gain":0,"player_choice":"Stole Relic","damage_taken":0,"relics_obtained":["Toy Ornithopter"],"max_hp_gain":0,"max_hp_loss":0,"event_name":"Addict","floor":30,"gold_loss":0,"cards_obtained":["Shame"]},{"damage_healed":0,"gold_gain":275,"player_choice":"Desecrate","damage_taken":0,"max_hp_gain":0,"max_hp_loss":0,"event_name":"Golden Shrine","floor":36,"gold_loss":0,"cards_obtained":["Regret"]},{"damage_healed":0,"gold_gain":0,"player_choice":"Bought 0 Potions","damage_taken":0,"max_hp_gain":0,"max_hp_loss":0,"event_name":"The Woman in Blue","floor":45,"gold_loss":0}],"is_beta":false,"boss_relics":[{"not_picked":["Runic Dome","Runic Pyramid"],"picked":"expansioncontent:StudyCardRelic"},{"not_picked":["Snecko Eye","Snecko Heart","ChewingGum"]}],"items_purged_floors":[12,28,37,47],"is_endless":false,"potions_floor_spawned":[5,6,14,16,20,33,35,46,48],"ascension_level":0}}