{"host":"w8hjdfrntrrvtiu5","time":1613361469,"event":{"mods":["AchievementEnabler","BaseMod","BetterRewards","Conspire","Hubris","Marisa????????","Minty Spire (QoL Compilation)","Shop Mod","StSLib","Td1madao Mod","The Animator","egg","everything is the same but u backflip on backflip"],"gold_per_floor":[117,192,192,202,152,187,214,214,214,214,214,238,238,248,248,353,353,363,383,403,101,101,101,133,133,133,133,167,167,167,179,179,278,278,293,306,333,333,333,347,347,364,417,45,72,72,84,14,14,14],"floor_reached":51,"language":"ENG","playtime":1934,"items_purged":[],"score":759,"play_id":"deef8d9b-0016-4df6-acf8-2bae54475caf","local_time":"20210214225749","is_ascension_mode":false,"campfire_choices":[{"data":"Streamline","floor":8,"key":"SMITH"},{"data":"Coolheaded","floor":11,"key":"SMITH"},{"floor":13,"key":"REST"},{"data":"Dualcast","floor":15,"key":"SMITH"},{"data":"Buffer","floor":23,"key":"SMITH"},{"data":"Streamline","floor":25,"key":"SMITH"},{"data":"Leap","floor":27,"key":"SMITH"},{"data":"Steam","floor":29,"key":"SMITH"},{"data":"Darkness","floor":32,"key":"SMITH"},{"data":"Barrage","floor":41,"key":"SMITH"},{"data":"Discovery","floor":49,"key":"SMITH"}],"circlet_count":0,"master_deck":["Strike_B","Strike_B+1","Strike_B+1","Defend_B","Defend_B","Defend_B","Zap+1","Dualcast+1","Skim","Streamline+1","Coolheaded+1","Auto Shields","Steam+1","Buffer+1","Streamline+1","Leap+1","FTL+1","Darkness+1","Buffer+1","Barrage+1","Compile Driver","Discovery+1","Consume","Gash","Ball Lightning+1","Darkness"],"relics":["Cracked Core","Tiny Chest","Sundial","Pen Nib","Cables","hubris:Towel","Odd Mushroom","Velvet Choker","Runic Capacitor","Whetstone","conspire:Dentures","DataDisk","Boot","Frozen Egg 2","Busted Crown","conspire:TopHat","Ancient Tea Set","OrangePellets","conspire:DeflatedDodgeball","conspire:IceCreamScoop"],"acts_visited":["Exordium","TheCity","TheBeyond"],"potions_floor_usage":[12,28,33,33,33,36,37,50],"damage_taken":[{"damage":1,"enemies":"Cultist","floor":1,"turns":3},{"damage":1,"enemies":"Jaw Worm","floor":4,"turns":2},{"damage":22,"enemies":"Gremlin Nob","floor":6,"turns":4},{"damage":21,"enemies":"The Mushroom Lair","floor":12,"turns":3},{"damage":0,"enemies":"Small Slimes","floor":14,"turns":3},{"damage":24,"enemies":"Hexaghost","floor":16,"turns":11},{"damage":15,"enemies":"2 Thieves","floor":18,"turns":5},{"damage":0,"enemies":"Shell Parasite","floor":19,"turns":6},{"damage":10,"enemies":"Snake Plant","floor":20,"turns":4},{"damage":0,"enemies":"conspire:Head Lice","floor":24,"turns":8},{"damage":10,"enemies":"Slavers","floor":28,"turns":5},{"damage":0,"enemies":"Centurion and Healer","floor":31,"turns":4},{"damage":15,"enemies":"Collector","floor":33,"turns":12},{"damage":0,"enemies":"Orb Walker","floor":35,"turns":4},{"damage":0,"enemies":"3 Darklings","floor":36,"turns":5},{"damage":8,"enemies":"conspire:MimicChest","floor":37,"turns":7},{"damage":0,"enemies":"Spire Growth","floor":40,"turns":6},{"damage":2,"enemies":"Transient","floor":42,"turns":5},{"damage":13,"enemies":"Nemesis","floor":45,"turns":6},{"damage":0,"enemies":"Jaw Worm Horde","floor":47,"turns":2},{"damage":37,"enemies":"Time Eater","floor":50,"turns":10}],"seed_played":"2366122235098521792","potions_obtained":[{"floor":4,"key":"ColorlessPotion"},{"floor":12,"key":"SteroidPotion"},{"floor":16,"key":"Explosive Potion"},{"floor":20,"key":"Dexterity Potion"},{"floor":24,"key":"SkillPotion"},{"floor":31,"key":"Block Potion"},{"floor":33,"key":"Block Potion"},{"floor":36,"key":"EntropicBrew"}],"is_trial":false,"path_per_floor":["M","?","?","M","?","E","T","R","T","?","R","?","R","M","R","B",null,"M","M","M","$","T","R","E","R","T","R","E","R","$","M","R","B",null,"M","M","?","?","?","M","R","M","T","$","E","T","M","$","R","B",null],"character_chosen":"DEFECT","items_purchased":["Runic Capacitor","Whetstone","Discovery","Consume","Gash","OrangePellets","Darkness"],"campfire_rested":1,"item_purchase_floors":[21,21,44,44,44,44,48],"current_hp_per_floor":[74,63,63,62,62,40,40,40,40,40,40,19,41,41,41,17,75,60,60,50,50,50,50,50,50,50,50,40,40,40,40,40,25,75,75,75,67,67,67,67,67,65,65,65,52,52,52,52,52,30],"gold":14,"neow_bonus":"RANDOM_COMMON_RELIC","is_daily":false,"chose_seed":false,"campfire_upgraded":10,"win_rate":0.0,"timestamp":1613361469,"path_taken":["M","?","?","M","?","E","?","R","T","?","R","?","R","?","R","BOSS","M","M","M","$","?","R","E","R","T","R","E","R","$","M","R","BOSS","M","M","?","?","?","M","R","M","T","$","E","?","?","$","R","BOSS"],"items_purchased_type":["Relic","Relic","Card","Card","Card","Relic","Card"],"build_version":"2020-12-22","purchased_purges":0,"victory":true,"max_hp_per_floor":[75,75,75,75,75,75,75,75,75,75,75,75,75,75,75,75,75,75,75,75,75,75,75,75,75,75,75,75,75,75,75,75,75,75,75,75,75,75,75,75,75,75,75,75,75,75,75,75,75,75],"card_choices":[{"not_picked":["Barrage","Hologram"],"picked":"Skim","floor":1},{"not_picked":["Stack","Beam Cell"],"picked":"Streamline","floor":4},{"not_picked":["All For One","Steam"],"picked":"Coolheaded","floor":6},{"not_picked":["Beam Cell","Conserve Battery"],"picked":"Auto Shields","floor":12},{"not_picked":["Streamline","Turbo"],"picked":"Steam","floor":14},{"not_picked":["Echo Form","hubris:DoWhile"],"picked":"Buffer","floor":16},{"not_picked":["Conserve Battery","Heatsinks"],"picked":"Streamline","floor":18},{"not_picked":["Tempest+1","Rebound","Rainbow"],"picked":"SKIP","floor":19},{"not_picked":["Rebound+1","Beam Cell"],"picked":"Leap","floor":20},{"not_picked":["Streamline","Storm","Doom and Gloom"],"picked":"SKIP","floor":24},{"not_picked":["Tempest+1","Meteor Strike"],"picked":"FTL+1","floor":28},{"not_picked":["Conserve Battery","Aggregate","Darkness"],"picked":"SKIP","floor":31},{"not_picked":["Conserve Battery","Aggregate"],"picked":"Darkness","floor":31},{"not_picked":["Fission","Multi-Cast"],"picked":"Buffer+1","floor":33},{"not_picked":[],"picked":"Barrage","floor":35},{"not_picked":[],"picked":"Compile Driver","floor":36},{"not_picked":["Leap+1"],"picked":"SKIP","floor":40},{"not_picked":["Cold Snap+1"],"picked":"SKIP","floor":42},{"not_picked":[],"picked":"Ball Lightning+1","floor":45},{"not_picked":["Coolheaded"],"picked":"SKIP","floor":47}],"player_experience":2409314,"relics_obtained":[{"floor":6,"key":"Sundial"},{"floor":7,"key":"Pen Nib"},{"floor":9,"key":"Cables"},{"floor":12,"key":"Odd Mushroom"},{"floor":22,"key":"conspire:Dentures"},{"floor":24,"key":"DataDisk"},{"floor":26,"key":"Boot"},{"floor":28,"key":"Frozen Egg 2"},{"floor":37,"key":"conspire:TopHat"},{"floor":43,"key":"Ancient Tea Set"},{"floor":45,"key":"conspire:DeflatedDodgeball"},{"floor":46,"key":"conspire:IceCreamScoop"}],"event_choices":[{"damage_healed":0,"gold_gain":75,"player_choice":"Gather Gold","damage_taken":11,"max_hp_gain":0,"max_hp_loss":0,"event_name":"World of Goop","floor":2,"gold_loss":0},{"damage_healed":0,"gold_gain":0,"player_choice":"Grow","damage_taken":0,"max_hp_gain":0,"max_hp_loss":0,"event_name":"Living Wall","floor":3,"gold_loss":0,"cards_upgraded":["Zap"]},{"cards_removed":["Strike_B"],"damage_healed":0,"gold_gain":0,"player_choice":"Card Removal","damage_taken":0,"max_hp_gain":0,"max_hp_loss":0,"event_name":"The Cleric","floor":5,"gold_loss":50},{"damage_healed":0,"gold_gain":0,"player_choice":"Fought Mushrooms","damage_taken":0,"max_hp_gain":0,"max_hp_loss":0,"event_name":"Mushrooms","floor":12,"gold_loss":0},{"cards_removed":["Defend_B"],"damage_healed":0,"gold_gain":0,"player_choice":"Removed Skill","damage_taken":0,"max_hp_gain":0,"max_hp_loss":0,"event_name":"Falling","floor":38,"gold_loss":0},{"damage_healed":0,"gold_gain":0,"player_choice":"Ignored","damage_taken":0,"max_hp_gain":0,"max_hp_loss":0,"event_name":"Tomb of Lord Red Mask","floor":39,"gold_loss":0}],"is_beta":false,"boss_relics":[{"not_picked":["Pandora\u0027s Box","Runic Pyramid"],"picked":"Velvet Choker"},{"not_picked":["FrozenCore","Coffee Dripper"],"picked":"Busted Crown"}],"items_purged_floors":[],"is_endless":false,"potions_floor_spawned":[4,12,16,20,24,31,33,36,37,40,47],"ascension_level":0}}