{"host":"0a4nlh1ehg6g254n","time":1613415579,"event":{"mods":["Aspiration","BaseMod","Colored Map","Colored Powertips","Downfall","Friendly Minions","Hermit","Infinite Spire","Marisa????????","Minty Spire (QoL Compilation)","Replay The Spire","StSLib","The Cursed"],"gold_per_floor":[193,208,65,65,65,65,111,111,111,15,34,53,63,92,104,116,143,259,271,283,310,322,84,106,148,160,4,4,61,81,95,95,107,118,221,221,221,232,332,343,359,359,412,412,424,424,424,436,436,436,436],"floor_reached":49,"language":"SPA","playtime":3530,"items_purged":[],"score":482,"play_id":"2ae0c91f-caa3-468d-9feb-933072d47a0b","local_time":"20210215155939","is_ascension_mode":false,"campfire_choices":[{"floor":15,"key":"REST"},{"floor":20,"key":"RECALL"},{"floor":28,"key":"REST"},{"floor":32,"key":"REST"},{"data":"GremboGang","floor":37,"key":"SMITH"},{"floor":42,"key":"REST"}],"circlet_count":0,"master_deck":["Guardian:Strike_Guardian","Guardian:Strike_Guardian","Guardian:Strike_Guardian","Guardian:Strike_Guardian","Guardian:Defend_Guardian","Guardian:Defend_Guardian","Guardian:CurlUp","Guardian:TwinSlam","Guardian:CrystalBeam","Guardian:BronzeArmor","Guardian:SentryBeam+1","Guardian:ArmoredProtocol","Guardian:Incinerate","Guardian:PiercingHide","Guardian:Clone","Guardian:SphericShield","Guardian:TemporalStrike","Guardian:ConstructionForm","downfall:Aged","Guardian:ConstructionForm+1","Guardian:ChargeCore","GremboGang+1","Guardian:CrystalBeam","Guardian:EvasiveProtocol","Guardian:ShieldCharger","Guardian:CrystalBeam","Guardian:GuardianWhirl","Guardian:PrimingBeam","Guardian:PrimingBeam+1","Guardian:StasisStrike","Guardian:ShieldSpikes","Guardian:PrismaticBeam","Guardian:Incinerate","Guardian:Gem_Green","Parasite","Guardian:Gem_Purple"],"relics":["Guardian:ModeShifter","aspiration:Lifesprig","MawBank","ReplayTheSpireMod:Ring of Collecting","Ring of Searing","Astrolabe","aspiration:HummingbirdHeart","Ring of Fury","infinitespire:Beetle Shell","aspiration:RunicSpoon","Ring of Peace","Boot"],"acts_visited":["Exordium","TheCity","TheBeyond"],"potions_floor_usage":[18,18,18,35,35,41,44,48],"damage_taken":[{"damage":0,"enemies":"Cultist","floor":2,"turns":5},{"damage":10,"enemies":"downfall:FleeingMerchant","floor":3,"turns":4},{"damage":0,"enemies":"downfall:FleeingMerchant","floor":10,"turns":4},{"damage":0,"enemies":"2 Louse","floor":11,"turns":3},{"damage":2,"enemies":"Jaw Worm","floor":12,"turns":4},{"damage":0,"enemies":"Blue Slaver","floor":13,"turns":4},{"damage":26,"enemies":"Replay:BlueRogue","floor":14,"turns":7},{"damage":11,"enemies":"2 Fungi Beasts","floor":17,"turns":3},{"damage":30,"enemies":"DF_ARCHETYPE_STREAMLINE","floor":18,"turns":11},{"damage":25,"enemies":"Shell Parasite","floor":21,"turns":6},{"damage":12,"enemies":"3 Byrds","floor":24,"turns":5},{"damage":9,"enemies":"Nightmare","floor":25,"turns":8},{"damage":0,"enemies":"downfall:FleeingMerchant","floor":27,"turns":4},{"damage":5,"enemies":"Snecko","floor":30,"turns":4},{"damage":15,"enemies":"Shelled Parasite and Fungi","floor":31,"turns":6},{"damage":9,"enemies":"Chosen and Byrds","floor":33,"turns":4},{"damage":0,"enemies":"Snake Plant","floor":34,"turns":4},{"damage":19,"enemies":"SI_MIRROR_ARCHETYPE","floor":35,"turns":10},{"damage":24,"enemies":"3 Shapes","floor":38,"turns":4},{"damage":4,"enemies":"3 Darklings","floor":40,"turns":8},{"damage":45,"enemies":"4 Shapes","floor":41,"turns":4},{"damage":36,"enemies":"infinitespire:Three Voidlings","floor":44,"turns":6},{"damage":21,"enemies":"Sphere and 2 Shapes","floor":45,"turns":6},{"damage":7,"enemies":"Writhing Mass","floor":48,"turns":7},{"damage":14,"enemies":"3 Darklings","floor":49,"turns":4}],"seed_played":"-5112870367905715402","potions_obtained":[{"floor":12,"key":"Fire Potion"},{"floor":13,"key":"Elixir"},{"floor":17,"key":"Weak Potion"},{"floor":24,"key":"Reflective Coating"},{"floor":29,"key":"ColorlessPotion"},{"floor":29,"key":"Flashbang"},{"floor":34,"key":"Guardian:AcceleratePotion"},{"floor":41,"key":"SpeedPotion"},{"floor":45,"key":"Guardian:DefensiveModePotion"}],"is_trial":false,"path_per_floor":["R_BF","M","$","?","?","?","T","PTL","PTL","$","M","M","M","E","R","?","M","B",null,"R_BF","M","?","?","M","NM","T","$","R","?","M","M","R","M","M","B",null,"R","M","?","M","M","R","T","?","M","PTL","PTL","M","M"],"character_chosen":"GUARDIAN","items_purchased":["Guardian:SentryBeam+1","Guardian:ArmoredProtocol","Guardian:Gem_Yellow","Guardian:CrystalBeam","Guardian:EvasiveProtocol","Guardian:ShieldCharger"],"campfire_rested":4,"item_purchase_floors":[3,3,10,27,27,27],"current_hp_per_floor":[88,88,78,78,78,78,78,78,78,78,78,76,76,50,76,76,65,35,88,88,63,63,63,51,42,42,42,68,68,63,48,74,65,65,46,88,88,64,64,60,15,41,41,41,20,20,20,13,0,0,0],"gold":436,"neow_bonus":"TEN_PERCENT_HP_BONUS","is_daily":false,"chose_seed":false,"campfire_upgraded":1,"win_rate":0.0,"timestamp":1613415579,"path_taken":["R_BF","M","$","?","?","?","T","PTL","PTL","$","M","?","M","E","R","?","M","BOSS","R_BF","M","?","?","M","NM","T","?","R","?","M","M","R","?","M","BOSS","R","M","?","M","?","R","T","?","M","PTL","PTL","M","M"],"items_purchased_type":["Card","Card","Card","Card","Card","Card"],"build_version":"2020-12-22","purchased_purges":0,"victory":false,"max_hp_per_floor":[88,88,88,88,88,88,88,88,88,88,88,88,88,88,88,88,88,88,88,88,88,88,88,88,88,88,88,88,88,88,88,88,88,88,88,88,88,88,88,88,88,88,88,88,88,88,88,88,88,88,88],"card_choices":[{"not_picked":["Guardian:Incinerate","Guardian:TemporalShield"],"picked":"Guardian:CrystalBeam","floor":2},{"not_picked":["Guardian:Planning","Guardian:PrimingBeam"],"picked":"Guardian:BronzeArmor","floor":3},{"not_picked":["Guardian:ArmoredProtocol","Guardian:Gem_Red"],"picked":"Guardian:Gem_Cyan","floor":10},{"not_picked":["Guardian:Reroute","Guardian:ShieldCharger"],"picked":"Guardian:PiercingHide","floor":11},{"not_picked":["Guardian:FloatingOrbs","Guardian:TemporalStrike"],"picked":"Guardian:Clone","floor":12},{"not_picked":["Guardian:ChargeCore","Guardian:BronzeOrb"],"picked":"Guardian:Gem_White","floor":13},{"not_picked":["Guardian:Planning","Guardian:Repulse"],"picked":"Guardian:SphericShield","floor":14},{"not_picked":["Guardian:Emergency","Guardian:Gem_Green"],"picked":"Guardian:TemporalStrike","floor":17},{"not_picked":["Guardian:ExploitGems","Guardian:TimeSifter"],"picked":"Guardian:ConstructionForm","floor":18},{"not_picked":["Guardian:Planning","Guardian:GuardianWhirl"],"picked":"Guardian:ChargeCore","floor":21},{"not_picked":["Guardian:PrimingBeam","Guardian:RollAttack"],"picked":"Guardian:Gem_Purple","floor":24},{"not_picked":["Guardian:ExploitGems","Guardian:Planning+1"],"picked":"Guardian:Gem_Blue","floor":25},{"not_picked":["Guardian:SphericShield","Guardian:Planning"],"picked":"Guardian:Gem_Lightblue","floor":27},{"not_picked":["Guardian:BronzeArmor+1","Guardian:Gem_Cyan"],"picked":"Guardian:CrystalBeam","floor":29},{"not_picked":["Guardian:TemporalStrike+1","Guardian:EvasiveProtocol"],"picked":"Guardian:GuardianWhirl","floor":30},{"not_picked":["Guardian:Gem_Blue","Guardian:ShieldCharger"],"picked":"Guardian:PrimingBeam","floor":31},{"not_picked":["Guardian:TimeCapacitor","Guardian:RollAttack"],"picked":"Guardian:Gem_Crimson","floor":33},{"not_picked":["Guardian:Clone","Guardian:Repulse+1"],"picked":"Guardian:PrimingBeam+1","floor":34},{"not_picked":["Guardian:FastForward","Guardian:AncientConstruct"],"picked":"Guardian:StasisStrike","floor":35},{"not_picked":["Guardian:SentryBeam+1","Guardian:Recover"],"picked":"Guardian:ShieldSpikes","floor":38},{"not_picked":["Guardian:PrimingBeam","Guardian:Gem_Lightblue"],"picked":"Guardian:PrismaticBeam","floor":40},{"not_picked":["Guardian:Gem_Red","Guardian:BodySlam+1"],"picked":"Guardian:Incinerate","floor":41},{"not_picked":["Guardian:Harden","Guardian:ArmoredProtocol"],"picked":"Guardian:Gem_Green","floor":45},{"not_picked":["Guardian:ShieldCharger+1","Guardian:TemporalStrike+1"],"picked":"Guardian:Gem_Purple","floor":48}],"player_experience":32695,"relics_obtained":[{"floor":7,"key":"aspiration:Lifesprig"},{"floor":14,"key":"MawBank"},{"floor":16,"key":"ReplayTheSpireMod:Ring of Collecting"},{"floor":16,"key":"Ring of Searing"},{"floor":25,"key":"aspiration:HummingbirdHeart"},{"floor":26,"key":"Ring of Fury"},{"floor":29,"key":"infinitespire:Beetle Shell"},{"floor":43,"key":"Ring of Peace"},{"floor":43,"key":"Boot"}],"event_choices":[],"is_beta":false,"boss_relics":[{"not_picked":["Snecko Eye","Runic Pyramid"],"picked":"Astrolabe"},{"not_picked":["Sozu","Runic Dome"],"picked":"aspiration:RunicSpoon"}],"items_purged_floors":[],"is_endless":true,"potions_floor_spawned":[12,13,17,24,31,33,34,41,45],"killed_by":"3 Darklings","ascension_level":0}}