{"host":"rsal8t78l1a5jz1a","time":1613409530,"event":{"mods":["Act Like it!","BaseMod","GifTheSpireLib","Marked Mod","Minty Spire (QoL Compilation)","Remilia£®¿Ÿ√◊¿Ú—«£©","StSLib"],"gold_per_floor":[117,1111161,1111174,1110314,1110328,1110328,1110359,1109662,1109662,1109615,1109627,1108691,1108709,1108103,1108103,1108175,1108175,1108195,1108120,1108120,1108152,1107342,1107373,1107398,1107431,1107458,1106792,1106792,1106804,1106311,1106326,1106326,1106400,1106400,1106415,1106467,1106689,1106063,1105358,1105358,1105393,1105393,1105444,1105469,1104723,1104723,1104757,1104769,1104781,1104793,1104805],"floor_reached":52,"language":"ZHS","playtime":3021,"items_purged":[],"score":2491,"play_id":"a4040352-6e52-4a43-9f9d-8c016e63a015","local_time":"20210216011850","daily_mods":["SealedDeck","Vintage","ControlledChaos","Heirloom","Time Dilation","Flight"],"is_ascension_mode":true,"campfire_choices":[{"data":"RedNightlessCastle","floor":6,"key":"SMITH"},{"data":"EquivalentExchange","floor":15,"key":"SMITH"},{"data":"TricksterDevil","floor":32,"key":"SMITH"},{"data":"ScarletNetherworld","floor":40,"key":"SMITH"},{"data":"BloodyCatastrophe","floor":46,"key":"SMITH"},{"data":"ScarletCoffin","floor":49,"key":"SMITH"}],"circlet_count":0,"master_deck":["AscendersBane","VampireKiss+1","ScarletDream","VampirishNight","DiffusionOfMisfortune+1","Stigmanizer","MiserableFate","RedNightlessCastle+1","NightDance","Maim","ForbiddenFruit","TwelveNightmare","Stigmanizer","HunterOfTheNight","BloodyCatastrophe+1","BloodRain+1","EquivalentExchange+1","TricksterDevil+1","MillenniumVampire+1","ScarletNetherworld+1","BatForm","Stigmanizer+1","TransientEternity","FitfulNightmare","BloodyCatastrophe+1","BloodHunter+1","ScarletCoffin+1"],"relics":["ScarletHat","Frozen Eye","Du-Vu Doll","Pear","Ice Cream","White Beast Statue","Orichalcum","Strange Spoon","Peace Pipe","Ornamental Fan","Thread and Needle","Letter Opener","Mummified Hand","Singing Bowl","Whetstone","Dream Catcher","Toolbox","MealTicket","TheAbacus","Regal Pillow","Bottled Tornado","Runic Pyramid","Eternal Feather","Red Mask","Darkstone Periapt","Matryoshka","Cauldron","Anchor","Omamori","Boot","HornCleat","War Paint","Bag of Marbles","Potion Belt","Sling","Smiling Mask","Pen Nib","Centennial Puzzle","Chemical X","FairyMaid","SlaversCollar","Oddly Smooth Stone","Bird Faced Urn","OrangePellets","Akabeko","Bottled Flame","Question Card","RedBat","Lee\u0027s Waffle","Toxic Egg 2","Happy Flower","Ancient Tea Set","Gambling Chip","TungstenRod","Membership Card","Meat on the Bone","MawBank"],"acts_visited":["Exordium","TheCity","TheBeyond"],"potions_floor_usage":[11,16,16,21,23,23,24,29,50],"damage_taken":[{"damage":0,"enemies":"Small Slimes","floor":1,"turns":1},{"damage":0,"enemies":"Cultist","floor":3,"turns":2},{"damage":0,"enemies":"2 Louse","floor":5,"turns":2},{"damage":5,"enemies":"Gremlin Nob","floor":7,"turns":2},{"damage":5,"enemies":"Exordium Thugs","floor":11,"turns":2},{"damage":40,"enemies":"Exordium Wildlife","floor":13,"turns":1},{"damage":9,"enemies":"The Guardian","floor":16,"turns":2},{"damage":5,"enemies":"Shell Parasite","floor":18,"turns":1},{"damage":5,"enemies":"Masked Bandits","floor":21,"turns":2},{"damage":5,"enemies":"Book of Stabbing","floor":23,"turns":2},{"damage":0,"enemies":"Gremlin Leader","floor":24,"turns":2},{"damage":10,"enemies":"Slavers","floor":25,"turns":2},{"damage":0,"enemies":"Spheric Guardian","floor":29,"turns":1},{"damage":5,"enemies":"Centurion and Healer","floor":31,"turns":1},{"damage":10,"enemies":"Automaton","floor":33,"turns":3},{"damage":0,"enemies":"3 Darklings","floor":35,"turns":2},{"damage":0,"enemies":"2 Orb Walkers","floor":36,"turns":2},{"damage":5,"enemies":"Nemesis","floor":41,"turns":1},{"damage":0,"enemies":"Mind Bloom Boss Battle","floor":44,"turns":1},{"damage":11,"enemies":"Giant Head","floor":47,"turns":2},{"damage":42,"enemies":"Awakened One","floor":50,"turns":4},{"damage":77,"enemies":"Time Eater","floor":51,"turns":4}],"seed_played":"-4339167535613427528","potions_obtained":[{"floor":1,"key":"AttackPotion"},{"floor":11,"key":"LiquidBronze"},{"floor":13,"key":"Regen Potion"},{"floor":16,"key":"ColorlessPotion"},{"floor":18,"key":"SkillPotion"},{"floor":21,"key":"FearPotion"},{"floor":22,"key":"SkillPotion"},{"floor":23,"key":"AttackPotion"},{"floor":29,"key":"Ancient Potion"},{"floor":33,"key":"SkillPotion"}],"is_trial":true,"path_per_floor":["M","?","M","$","M","R","E","$","T","?","M","$","M","$","R","B",null,"M","?","?","?","$","E","E","E","T","$","?","M","$","M","R","B",null,"M","?","?","$","$","R","E","?","T","?","$","R","E","?","R","B","B",null],"character_chosen":"REMILIA","items_purchased":["White Beast Statue","Orichalcum","Strange Spoon","Maim","ForbiddenFruit","TwelveNightmare","Explosive Potion","Thread and Needle","Letter Opener","HunterOfTheNight","Whetstone","Dream Catcher","Toolbox","BloodyCatastrophe","BloodRain","EquivalentExchange","TheAbacus","Regal Pillow","Bottled Tornado","Darkstone Periapt","Matryoshka","ScarletNetherworld","Cauldron","Bag of Marbles","Potion Belt","Sling","SkillPotion","BlessingOfTheForge","Fire Potion","Pen Nib","Centennial Puzzle","Chemical X","OrangePellets","Akabeko","Bottled Flame","Question Card","RedBat","Lee\u0027s Waffle","TungstenRod","Membership Card","Meat on the Bone","BloodyCatastrophe+1","BloodHunter+1"],"campfire_rested":0,"item_purchase_floors":[4,4,4,4,4,4,4,8,8,8,12,12,12,12,12,12,14,14,14,22,22,22,22,27,27,27,27,27,27,30,30,30,38,38,38,39,39,39,45,45,45,45,45],"current_hp_per_floor":[75,75,80,80,80,80,80,80,80,80,80,80,40,55,55,67,77,78,78,78,82,82,84,84,78,78,84,72,72,84,84,84,84,84,84,86,86,86,93,93,90,90,90,94,95,95,95,95,95,95,53],"gold":1104817,"neow_bonus":"","is_daily":false,"chose_seed":false,"campfire_upgraded":6,"win_rate":0.0,"timestamp":1613409530,"path_taken":["M","?","M","$","?","R","E","$","T","?","M","?","?","$","R","BOSS","M","?","?","?","$","E","E","E","T","$","?","?","$","M","R","BOSS","M","?","?","$","$","R","E","?","T","?","$","R","E","?","R","BOSS","BOSS"],"items_purchased_type":["Relic","Relic","Relic","Card","Card","Card","Potion","Relic","Relic","Card","Relic","Relic","Relic","Card","Card","Card","Relic","Relic","Relic","Relic","Relic","Card","Relic","Relic","Relic","Relic","Potion","Potion","Potion","Relic","Relic","Relic","Relic","Relic","Relic","Relic","Relic","Relic","Relic","Relic","Relic","Card","Card"],"build_version":"2020-12-22","purchased_purges":0,"victory":true,"max_hp_per_floor":[80,80,80,80,80,80,80,80,80,80,80,80,80,80,80,80,80,80,80,80,82,82,84,84,84,84,84,84,84,84,84,84,84,84,84,86,86,86,93,93,95,95,95,95,95,95,95,95,95,95,95],"card_choices":[{"not_picked":["BlasphemousPunishment","Maim"],"picked":"Stigmanizer","floor":7},{"not_picked":["ChaoticDestiny","ScarletCoffin"],"picked":"TricksterDevil","floor":16},{"not_picked":["UltimateOffering","UnderTheZenith","EternalNight"],"picked":"Singing Bowl","floor":21},{"not_picked":["ScarletDevil","ScarletNetherworld","UnderTheZenith"],"picked":"Singing Bowl","floor":23},{"not_picked":["UnderTheZenith+1","CharismaGuard"],"picked":"BatForm","floor":24},{"not_picked":["BadLadyScramble","BatForm"],"picked":"Stigmanizer+1","floor":25},{"not_picked":["BloodRain","ForecastOfChange"],"picked":"TransientEternity","floor":33},{"not_picked":["Maim","Septette+1","VampireSweep"],"picked":"Singing Bowl","floor":36},{"not_picked":["ScarletImprint","MiserableFate+1","ChainGang","BadLadyScramble+1"],"picked":"Singing Bowl","floor":41},{"not_picked":["ScarletDream+1","ScarletGensokyo+1","ScarletSymphony+1"],"picked":"FitfulNightmare","floor":44},{"not_picked":["BloodyTrap+1","VampireFantasy+1","RedRainbow"],"picked":"ScarletCoffin","floor":47}],"player_experience":90757,"relics_obtained":[{"floor":1,"key":"Pear"},{"floor":3,"key":"Ice Cream"},{"floor":5,"key":"Peace Pipe"},{"floor":7,"key":"Ornamental Fan"},{"floor":9,"key":"Mummified Hand"},{"floor":11,"key":"Singing Bowl"},{"floor":13,"key":"MealTicket"},{"floor":18,"key":"Eternal Feather"},{"floor":21,"key":"Red Mask"},{"floor":23,"key":"Anchor"},{"floor":24,"key":"Omamori"},{"floor":25,"key":"Boot"},{"floor":26,"key":"HornCleat"},{"floor":26,"key":"War Paint"},{"floor":29,"key":"Smiling Mask"},{"floor":31,"key":"FairyMaid"},{"floor":35,"key":"Oddly Smooth Stone"},{"floor":36,"key":"Bird Faced Urn"},{"floor":41,"key":"Toxic Egg 2"},{"floor":43,"key":"Happy Flower"},{"floor":43,"key":"Ancient Tea Set"},{"floor":44,"key":"Gambling Chip"},{"floor":47,"key":"MawBank"}],"event_choices":[{"damage_healed":0,"gold_gain":50,"player_choice":"Pray","damage_taken":0,"max_hp_gain":0,"max_hp_loss":0,"event_name":"Golden Shrine","floor":2,"gold_loss":0},{"damage_healed":0,"gold_gain":0,"player_choice":"Left Gold","damage_taken":0,"max_hp_gain":0,"max_hp_loss":0,"event_name":"World of Goop","floor":10,"gold_loss":47},{"cards_removed":["Stigmanizer"],"damage_healed":0,"gold_gain":0,"player_choice":"Gave Gold","damage_taken":0,"max_hp_gain":0,"max_hp_loss":0,"event_name":"Beggar","floor":19,"gold_loss":75},{"damage_healed":0,"gold_gain":0,"player_choice":"Read","damage_taken":0,"max_hp_gain":0,"max_hp_loss":0,"event_name":"The Library","floor":20,"gold_loss":0,"cards_obtained":["MillenniumVampire"]},{"damage_healed":0,"gold_gain":0,"player_choice":"Fought Bandits","damage_taken":0,"max_hp_gain":0,"max_hp_loss":0,"event_name":"Masked Bandits","floor":21,"gold_loss":0},{"damage_healed":0,"gold_gain":0,"player_choice":"POTION ","damage_taken":12,"max_hp_gain":0,"max_hp_loss":0,"event_name":"Knowing Skull","floor":28,"potions_obtained":["LiquidMemories"],"gold_loss":0,"cards_obtained":[]},{"damage_healed":0,"gold_gain":0,"player_choice":"Fight","damage_taken":0,"max_hp_gain":0,"max_hp_loss":0,"event_name":"Mysterious Sphere","floor":36,"gold_loss":0},{"damage_healed":0,"gold_gain":222,"player_choice":"Wore Mask","damage_taken":0,"max_hp_gain":0,"max_hp_loss":0,"event_name":"Tomb of Lord Red Mask","floor":37,"gold_loss":0},{"cards_removed":["EternalNight"],"damage_healed":0,"gold_gain":0,"player_choice":"Removed Skill","damage_taken":0,"max_hp_gain":0,"max_hp_loss":0,"event_name":"Falling","floor":42,"gold_loss":0},{"damage_healed":0,"gold_gain":0,"player_choice":"Fight","damage_taken":0,"max_hp_gain":0,"max_hp_loss":0,"event_name":"MindBloom","floor":44,"gold_loss":0},{"damage_healed":19,"gold_gain":0,"player_choice":"Writhe","damage_taken":0,"max_hp_gain":0,"max_hp_loss":0,"event_name":"Winding Halls","floor":48,"gold_loss":0,"cards_obtained":["Writhe"]}],"is_beta":false,"boss_relics":[{"not_picked":["Sozu","Tiny House"],"picked":"Runic Pyramid"},{"not_picked":["Black Star","Astrolabe"],"picked":"SlaversCollar"}],"items_purged_floors":[],"is_endless":false,"potions_floor_spawned":[1,5,7,11,13,16,18,21,23,24,25,29,31,33,35,36,41,44,47],"ascension_level":20}}