{"host":"a92fqxohjrzqy5rn","time":1613427561,"event":{"mods":["AchievementEnabler","BaseMod","Minty Spire (QoL Compilation)","Relic Sorter","Smile Girya"],"gold_per_floor":[114,128,53,66,84,84,84,84,84,104,104,388,139,165,165,269,269,293,308,308,329,329,329,329],"floor_reached":23,"language":"ENG","playtime":997,"items_purged":["Strike_P","Regret"],"score":183,"play_id":"6871170e-e70f-40ce-979f-dc9ce35f38a7","local_time":"20210215221921","is_ascension_mode":false,"campfire_choices":[{"data":"LessonLearned","floor":6,"key":"SMITH"},{"floor":8,"key":"REST"},{"data":"PathToVictory","floor":11,"key":"SMITH"},{"data":"FlyingSleeves","floor":15,"key":"SMITH"}],"circlet_count":0,"master_deck":["Strike_P","Strike_P","Strike_P+1","Defend_P+1","Defend_P+1","Defend_P+1","Defend_P+1","Eruption+1","Vigilance","LessonLearned+1","FlyingSleeves+1","PathToVictory+1","JustLucky+1","Wallop","ThirdEye","Worship","Alpha+1","PathToVictory","Protect+1"],"relics":["PureWater","Kunai","CeramicFish","Omamori","Calling Bell","Yang","WingedGreaves","Nloth\u0027s Gift","Enchiridion"],"acts_visited":["Exordium","TheCity"],"potions_floor_usage":[14,16,16,23],"damage_taken":[{"damage":0,"enemies":"Cultist","floor":1,"turns":2},{"damage":4,"enemies":"2 Louse","floor":2,"turns":2},{"damage":0,"enemies":"Jaw Worm","floor":4,"turns":4},{"damage":0,"enemies":"Blue Slaver","floor":5,"turns":3},{"damage":0,"enemies":"Looter","floor":10,"turns":3},{"damage":0,"enemies":"Large Slime","floor":14,"turns":4},{"damage":25,"enemies":"The Guardian","floor":16,"turns":11},{"damage":27,"enemies":"2 Thieves","floor":18,"turns":4},{"damage":14,"enemies":"Shell Parasite","floor":19,"turns":8},{"damage":19,"enemies":"Snake Plant","floor":21,"turns":7},{"damage":8,"enemies":"Slavers","floor":23,"turns":1}],"seed_played":"6199771559592488856","potions_obtained":[{"floor":1,"key":"DistilledChaos"},{"floor":10,"key":"Fruit Juice"},{"floor":14,"key":"DuplicationPotion"},{"floor":19,"key":"Dexterity Potion"},{"floor":21,"key":"Regen Potion"}],"is_trial":false,"path_per_floor":["M","M","$","M","M","R","T","R","T","M","R","?","$","M","R","B",null,"M","M","?","M","?","E"],"character_chosen":"WATCHER","items_purchased":["Omamori"],"campfire_rested":1,"item_purchase_floors":[13],"current_hp_per_floor":[51,47,47,47,47,47,47,68,68,68,68,68,68,73,73,48,77,50,36,36,17,1,0,0],"gold":329,"neow_bonus":"THREE_RARE_CARDS","is_daily":false,"chose_seed":false,"campfire_upgraded":3,"win_rate":0.0,"timestamp":1613427561,"path_taken":["M","?","?","M","M","R","?","R","T","M","R","?","$","?","R","BOSS","M","M","?","?","?","E"],"items_purchased_type":["Relic"],"build_version":"2020-12-22","purchased_purges":2,"victory":false,"max_hp_per_floor":[72,72,72,72,72,72,72,72,72,72,72,72,72,77,77,77,77,77,77,77,77,77,77,77],"card_choices":[{"not_picked":["Vault","Scrawl"],"picked":"LessonLearned","floor":0},{"not_picked":["ClearTheMind","EmptyMind"],"picked":"FlyingSleeves","floor":1},{"not_picked":["SashWhip","EmptyFist"],"picked":"PathToVictory","floor":2},{"not_picked":["FlurryOfBlows","Fasting2"],"picked":"JustLucky","floor":4},{"not_picked":["ReachHeaven","FollowUp"],"picked":"Wallop","floor":5},{"not_picked":["Blasphemy","Evaluate"],"picked":"ThirdEye","floor":10},{"not_picked":["SashWhip","FlurryOfBlows"],"picked":"Worship","floor":14},{"not_picked":["Judgement","Scrawl"],"picked":"Alpha","floor":16},{"not_picked":["Weave+1","Crescendo"],"picked":"PathToVictory","floor":18},{"not_picked":["FlyingSleeves","FearNoEvil","WaveOfTheHand"],"picked":"SKIP","floor":19},{"not_picked":["Omniscience","Meditate+1"],"picked":"Protect+1","floor":21}],"player_experience":235257,"relics_obtained":[{"floor":7,"key":"Kunai"},{"floor":9,"key":"CeramicFish"},{"floor":17,"key":"Potion Belt"},{"floor":17,"key":"Yang"},{"floor":17,"key":"WingedGreaves"},{"floor":22,"key":"Enchiridion"}],"event_choices":[{"damage_healed":0,"gold_gain":275,"player_choice":"Desecrate","damage_taken":0,"max_hp_gain":0,"max_hp_loss":0,"event_name":"Golden Shrine","floor":12,"gold_loss":0,"cards_obtained":["Regret"]},{"damage_healed":0,"gold_gain":0,"player_choice":"Traded Relic","damage_taken":0,"relics_obtained":["Nloth\u0027s Gift"],"max_hp_gain":0,"max_hp_loss":0,"event_name":"N\u0027loth","floor":20,"relics_lost":["Potion Belt"],"gold_loss":0},{"damage_healed":0,"gold_gain":0,"player_choice":"Obtained Book","damage_taken":16,"max_hp_gain":0,"max_hp_loss":0,"event_name":"Cursed Tome","floor":22,"gold_loss":0}],"is_beta":false,"boss_relics":[{"not_picked":["VioletLotus","Cursed Key"],"picked":"Calling Bell"}],"items_purged_floors":[3,13],"is_endless":false,"potions_floor_spawned":[1,10,14,19,21],"killed_by":"Slavers","ascension_level":0}}