{"host":"m0bekkrd201b63ug","time":1613430768,"event":{"mods":["AchievementEnabler","BaseMod","Colored Powertips","Highlight Path","Minty Spire (QoL Compilation)","Rare Cards Sparkle","StSLib","SuperFastMode","everything is the same but u backflip on backflip","slay the spire mod where everything is the same but ironclad has a cowboy hat"],"gold_per_floor":[217,227,237,237,248,279,279,293,293,324,343,343,19,36,36,140,140,155,2,19,19,35,35,65,65,88,116,116,130,1,21,21,116,116,132,54,54,101,121,121,148,158,158,158,184,202,202,48,48,48],"floor_reached":51,"language":"ENG","playtime":2716,"items_purged":["Strike_B","Strike_B+1"],"score":1207,"play_id":"e1cc0e3f-0429-411d-8459-723c0a2306ac","local_time":"20210215211248","is_ascension_mode":true,"campfire_choices":[{"data":"Auto Shields","floor":7.0,"key":"SMITH"},{"data":"Hologram","floor":12.0,"key":"SMITH"},{"floor":15.0,"key":"REST"},{"data":"Consume","floor":23.0,"key":"SMITH"},{"floor":28.0,"key":"REST"},{"data":"Capacitor","floor":32.0,"key":"SMITH"},{"data":"Glacier","floor":40.0,"key":"SMITH"},{"data":"Defragment","floor":44.0,"key":"SMITH"},{"floor":49,"key":"REST"}],"circlet_count":0,"master_deck":["Strike_B+1","Strike_B+1","Defend_B+1","Defend_B+1","Defend_B+1","Defend_B+1","Zap","Dualcast","Auto Shields+1","Hologram+1","Core Surge+1","Leap","Cold Snap+1","Defragment+1","Consume+1","Machine Learning","Capacitor+1","Loop+1","Ball Lightning+1","Glacier+1"],"relics":["Cracked Core","Pocketwatch","Molten Egg 2","Thread and Needle","Du-Vu Doll","Membership Card","Cables","Sozu","Mango","Girya","Art of War","FossilizedHelix","Oddly Smooth Stone","Inserter","DataDisk","Unceasing Top","White Beast Statue","Bottled Tornado","StoneCalendar","CaptainsWheel"],"acts_visited":["Exordium","TheCity","TheBeyond"],"potions_floor_usage":[50],"damage_taken":[{"damage":3.0,"enemies":"Small Slimes","floor":1.0,"turns":3.0},{"damage":1.0,"enemies":"Cultist","floor":2.0,"turns":3.0},{"damage":3.0,"enemies":"2 Louse","floor":3.0,"turns":3.0},{"damage":0.0,"enemies":"Blue Slaver","floor":5.0,"turns":4.0},{"damage":23.0,"enemies":"Gremlin Nob","floor":6.0,"turns":4.0},{"damage":0.0,"enemies":"3 Louse","floor":8.0,"turns":4.0},{"damage":8.0,"enemies":"3 Sentries","floor":10.0,"turns":9.0},{"damage":0.0,"enemies":"2 Fungi Beasts","floor":11.0,"turns":3.0},{"damage":1.0,"enemies":"Lots of Slimes","floor":14.0,"turns":3.0},{"damage":16.0,"enemies":"Hexaghost","floor":16.0,"turns":9.0},{"damage":5.0,"enemies":"Shell Parasite","floor":18.0,"turns":8.0},{"damage":0.0,"enemies":"Spheric Guardian","floor":20.0,"turns":5.0},{"damage":2.0,"enemies":"Centurion and Healer","floor":22.0,"turns":9.0},{"damage":3.0,"enemies":"Book of Stabbing","floor":24.0,"turns":7.0},{"damage":42.0,"enemies":"Slavers","floor":27.0,"turns":5.0},{"damage":0.0,"enemies":"Snake Plant","floor":29.0,"turns":6.0},{"damage":0.0,"enemies":"Snecko","floor":31.0,"turns":5.0},{"damage":0.0,"enemies":"Champ","floor":33.0,"turns":12.0},{"damage":0.0,"enemies":"3 Darklings","floor":35.0,"turns":6.0},{"damage":4.0,"enemies":"2 Orb Walkers","floor":38.0,"turns":9.0},{"damage":0.0,"enemies":"Orb Walker","floor":39.0,"turns":4.0},{"damage":0.0,"enemies":"Nemesis","floor":41.0,"turns":7.0},{"damage":0.0,"enemies":"Maw","floor":42.0,"turns":6.0},{"damage":39,"enemies":"Reptomancer","floor":45,"turns":9},{"damage":18,"enemies":"3 Darklings","floor":46,"turns":6},{"damage":0,"enemies":"Time Eater","floor":50,"turns":10}],"seed_played":"-8869659443653564336","potions_obtained":[{"floor":1.0,"key":"Explosive Potion"},{"floor":11.0,"key":"Energy Potion"},{"floor":14.0,"key":"PotionOfCapacity"}],"is_trial":false,"path_per_floor":["M","M","M","?","M","E","R","M","T","E","M","R","$","M","R","B",null,"M","$","M","?","M","R","E","?","T","E","R","M","$","M","R","B",null,"M","$","?","?","M","R","E","M","T","R","E","M","?","$","R","B",null],"character_chosen":"DEFECT","items_purchased":["Membership Card","Defragment","Cables","Mango","Oddly Smooth Stone","DataDisk","CaptainsWheel"],"campfire_rested":3,"item_purchase_floors":[13,13,13,19,30,36,48],"current_hp_per_floor":[65,64,61,61,61,38,38,38,38,30,30,30,30,29,51,35,65,60,74,74,74,72,72,69,69,69,27,53,53,53,53,53,53,80,80,80,80,76,76,76,76,76,76,76,37,19,19,19,44,44],"gold":48,"neow_bonus":"HUNDRED_GOLD","is_daily":false,"chose_seed":false,"campfire_upgraded":6,"win_rate":0.0,"timestamp":1613430768,"path_taken":["M","M","M","?","M","E","R","M","T","E","M","R","$","M","R","BOSS","M","$","M","?","M","R","E","?","T","E","R","M","$","M","R","BOSS","M","$","?","?","M","R","E","M","T","R","E","M","?","?","R","BOSS"],"items_purchased_type":["Relic","Card","Relic","Relic","Relic","Relic","Relic"],"build_version":"2020-12-22","purchased_purges":2,"victory":true,"max_hp_per_floor":[75,75,75,75,75,75,75,75,75,75,75,75,75,75,75,75,75,75,89,89,89,89,89,89,89,89,89,89,89,89,89,89,89,89,89,89,89,89,89,89,89,89,89,89,89,89,85,85,85,85],"card_choices":[{"not_picked":["Static Discharge","Stack"],"picked":"Doom and Gloom","floor":1.0},{"not_picked":["Streamline","Stack"],"picked":"Sweeping Beam","floor":2.0},{"not_picked":["Steam","Steam Power"],"picked":"Auto Shields","floor":3.0},{"not_picked":["Steam Power","Self Repair"],"picked":"Hologram","floor":5.0},{"not_picked":["Machine Learning","Seek"],"picked":"Core Surge+1","floor":6.0},{"not_picked":["Tempest","Glacier"],"picked":"Leap","floor":8.0},{"not_picked":["BootSequence","Hello World"],"picked":"Cold Snap+1","floor":10.0},{"not_picked":["Stack","Hologram","Double Energy"],"picked":"SKIP","floor":11.0},{"not_picked":["Hologram","Loop"],"picked":"Consume","floor":14.0},{"not_picked":["Meteor Strike+1","All For One+1"],"picked":"Machine Learning","floor":16.0},{"not_picked":["Sweeping Beam+1","Ball Lightning+1"],"picked":"Capacitor","floor":18.0},{"not_picked":["Hello World+1","Auto Shields+1","Conserve Battery"],"picked":"SKIP","floor":20.0},{"not_picked":["Compile Driver+1","Turbo"],"picked":"Loop+1","floor":22.0},{"not_picked":["Gash+1","Compile Driver+1"],"picked":"Ball Lightning+1","floor":24.0},{"not_picked":["Glacier","Buffer","Streamline+1"],"picked":"SKIP","floor":27.0},{"not_picked":["Buffer","Streamline+1"],"picked":"Glacier","floor":27.0},{"not_picked":["Hologram","Chaos","Go for the Eyes+1"],"picked":"SKIP","floor":29.0},{"not_picked":["Glacier","Turbo","Redo"],"picked":"SKIP","floor":31.0},{"not_picked":["Compile Driver+1","Melter+1","Stack"],"picked":"SKIP","floor":35.0},{"not_picked":["Steam","Force Field+1","Redo+1"],"picked":"SKIP","floor":39.0},{"not_picked":["Hyperbeam+1","White Noise+1","Conserve Battery+1"],"picked":"SKIP","floor":41.0},{"not_picked":["Gash+1","Cold Snap+1","Redo+1"],"picked":"SKIP","floor":42.0},{"not_picked":["Melter+1","Loop+1","Cold Snap+1"],"picked":"SKIP","floor":45},{"not_picked":["Steam+1","Turbo+1","Scrape+1"],"picked":"SKIP","floor":46}],"player_experience":278566,"relics_obtained":[{"floor":6.0,"key":"Molten Egg 2"},{"floor":9.0,"key":"Thread and Needle"},{"floor":10.0,"key":"Du-Vu Doll"},{"floor":24.0,"key":"Girya"},{"floor":26.0,"key":"Art of War"},{"floor":27.0,"key":"FossilizedHelix"},{"floor":38.0,"key":"Unceasing Top"},{"floor":41.0,"key":"White Beast Statue"},{"floor":43.0,"key":"Bottled Tornado"},{"floor":45,"key":"StoneCalendar"}],"event_choices":[{"cards_removed":["Doom and Gloom"],"damage_healed":0.0,"max_hp_gain":0.0,"max_hp_loss":0.0,"gold_gain":0.0,"event_name":"WeMeetAgain","player_choice":"Gave Card","floor":4.0,"gold_loss":0.0,"damage_taken":0.0,"relics_obtained":["Pocketwatch"]},{"damage_healed":0.0,"max_hp_gain":0.0,"max_hp_loss":0.0,"gold_gain":0.0,"event_name":"Back to Basics","player_choice":"Simplicity","floor":21.0,"gold_loss":0.0,"damage_taken":0.0,"cards_upgraded":["Strike_B","Strike_B","Strike_B","Defend_B","Defend_B","Defend_B","Defend_B"]},{"damage_healed":0.0,"max_hp_gain":0.0,"max_hp_loss":0.0,"gold_gain":0.0,"event_name":"Cursed Tome","player_choice":"Ignored","floor":25.0,"gold_loss":0.0,"damage_taken":0.0},{"cards_removed":["Sweeping Beam"],"damage_healed":0.0,"max_hp_gain":0.0,"max_hp_loss":0.0,"gold_gain":0.0,"event_name":"Falling","player_choice":"Removed Attack","floor":37.0,"gold_loss":0.0,"damage_taken":0.0},{"damage_healed":0.0,"max_hp_gain":0.0,"max_hp_loss":0.0,"gold_gain":0.0,"event_name":"Mysterious Sphere","player_choice":"Fight","floor":38.0,"gold_loss":0.0,"damage_taken":0.0},{"damage_healed":0,"gold_gain":0,"player_choice":"Max HP","damage_taken":0,"max_hp_gain":0,"max_hp_loss":4,"event_name":"Winding Halls","floor":47,"gold_loss":0}],"is_beta":false,"boss_relics":[{"not_picked":["SacredBark","Nuclear Battery"],"picked":"Sozu"},{"not_picked":["Cursed Key","Runic Pyramid"],"picked":"Inserter"}],"items_purged_floors":[13,30],"is_endless":false,"potions_floor_spawned":[1,11,14,22,24,27,29,33,35,39,41,42,45,46],"ascension_level":6}}