{"host":"vf63mcydhpkptnpw","time":1613424295,"event":{"mods":["BaseMod","Downfall","Minty Spire (QoL Compilation)","StSLib"],"gold_per_floor":[99,110,210,221,232,142,166,198,209,209,240,259,59,44,58,156,156,156,156,156,173,58,78,126,140,160,160,186,198,198,230,242,242,242,242],"floor_reached":33,"language":"ENG","playtime":2143,"items_purged":["hexamod:Strike","hexamod:SpectralAdrenaline"],"score":279,"play_id":"ebe85582-9d18-4058-86e5-f3036a6cc8b3","local_time":"20210215222455","is_ascension_mode":false,"campfire_choices":[{"floor":1,"key":"RECALL"},{"data":"hexamod:ForkedFlame","floor":13,"key":"SMITH"},{"data":"hexamod:ForkedFlame","floor":18,"key":"SMITH"},{"floor":30,"key":"REST"}],"circlet_count":0,"master_deck":["hexamod:Sear","hexamod:Float","hexamod:RecurringNightmare","hexamod:FlamesFromBeyond","hexamod:AdvancingGuard","hexamod:GhostShield","hexamod:ForkedFlame+1","hexamod:FlamesFromBeyond","hexamod:FlamesFromBeyond","hexamod:ForkedFlame+1","hexamod:VolcanoVisage","hexamod:CatchUp","hexamod:CatchUp","hexamod:GhostLash","hexamod:Firestarter","hexamod:SwordOfDarkness","hexamod:PowerFromBeyond","hexamod:ThermalTransfer","hexamod:TimeOfNeed","hexamod:SoulSteal"],"relics":["hexamod:SpiritBrand","Tiny Chest","Potion Belt","downfall:HeartBlessingRed","downfall:HeartBlessingBlue","Pandora\u0027s Box","Turnip","downfall:KnowingSkull","Ancient Tea Set","Nunchaku","Bird Faced Urn"],"acts_visited":["Exordium","TheCity"],"potions_floor_usage":[8,16,25,26,26,29,31,31,33],"damage_taken":[{"damage":0,"enemies":"2 Louse","floor":2,"turns":2},{"damage":0,"enemies":"Cultist","floor":4,"turns":3},{"damage":0,"enemies":"Small Slimes","floor":5,"turns":3},{"damage":0,"enemies":"downfall:FleeingMerchant","floor":6,"turns":4},{"damage":4,"enemies":"3 Sentries","floor":8,"turns":6},{"damage":5,"enemies":"Exordium Thugs","floor":9,"turns":3},{"damage":3,"enemies":"Lagavulin","floor":11,"turns":5},{"damage":2,"enemies":"Blue Slaver","floor":12,"turns":3},{"damage":0,"enemies":"downfall:FleeingMerchant","floor":14,"turns":4},{"damage":0,"enemies":"Large Slime","floor":15,"turns":4},{"damage":7,"enemies":"DF_ARCHETYPE_STREAMLINE","floor":16,"turns":6},{"damage":6,"enemies":"Chosen","floor":21,"turns":3},{"damage":16,"enemies":"downfall:FleeingMerchant","floor":22,"turns":4},{"damage":8,"enemies":"Centurion and Healer","floor":23,"turns":4},{"damage":32,"enemies":"Snake Plant","floor":25,"turns":3},{"damage":0,"enemies":"3 Cultists","floor":26,"turns":3},{"damage":3,"enemies":"Centurion and Healer","floor":29,"turns":4},{"damage":37,"enemies":"Gremlin Leader","floor":31,"turns":6},{"damage":3,"enemies":"Snake Plant","floor":32,"turns":3},{"damage":12,"enemies":"SI_MIRROR_ARCHETYPE","floor":33,"turns":1}],"seed_played":"7217016034150475785","potions_obtained":[{"floor":2,"key":"FearPotion"},{"floor":5,"key":"PowerPotion"},{"floor":9,"key":"SteroidPotion"},{"floor":10,"key":"Regen Potion"},{"floor":10,"key":"hexamod:InfernoChargePotion"},{"floor":10,"key":"Dexterity Potion"},{"floor":12,"key":"Energy Potion"},{"floor":16,"key":"Explosive Potion"},{"floor":21,"key":"LiquidBronze"},{"floor":23,"key":"Fire Potion"},{"floor":25,"key":"Explosive Potion"},{"floor":31,"key":"BlessingOfTheForge"}],"is_trial":false,"path_per_floor":["R","M","?","M","M","$","T","E","M","?","E","M","R","$","M","B",null,"R","T","?","M","$","M","T","M","M","?","T","M","R","E","M","B"],"character_chosen":"THE_SPIRIT","items_purchased":[],"campfire_rested":1,"item_purchase_floors":[],"current_hp_per_floor":[70,70,70,70,70,70,70,66,61,61,58,56,66,66,66,59,80,80,80,73,67,51,43,43,11,11,11,11,20,44,7,8,0,0,0],"gold":242,"neow_bonus":"TRANSFORM_CARD","is_daily":false,"chose_seed":false,"campfire_upgraded":2,"win_rate":0.0,"timestamp":1613424295,"path_taken":["R","M","?","?","M","$","T","E","M","?","E","?","R","?","M","BOSS","R","?","?","M","$","?","T","M","M","?","?","?","R","E","M","BOSS"],"items_purchased_type":[],"build_version":"2020-12-22","purchased_purges":2,"victory":false,"max_hp_per_floor":[70,70,70,70,70,70,70,70,70,70,70,70,80,80,80,80,80,80,80,80,80,80,80,80,80,80,80,80,80,80,80,80,80,80,80],"card_choices":[{"not_picked":["hexamod:PhantomCloak","hexamod:HauntingEcho"],"picked":"hexamod:FlamesFromBeyond","floor":2},{"not_picked":["hexamod:ChargedBarrage","hexamod:BacktrackSmack"],"picked":"hexamod:AdvancingGuard","floor":4},{"not_picked":["hexamod:ExtraCrispy","hexamod:SuperheatedStrike"],"picked":"hexamod:GhostShield","floor":5},{"not_picked":["hexamod:InspiringFlames","hexamod:GhostOfSpireFuture"],"picked":"hexamod:ForkedFlame","floor":6},{"not_picked":["hexamod:SpectralAdrenaline","hexamod:InspiringFlames","hexamod:ThermalTransfer"],"picked":"SKIP","floor":8},{"not_picked":["hexamod:BacktrackSmack","hexamod:FastForward"],"picked":"hexamod:GhostLash","floor":9},{"not_picked":["hexamod:SwordOfDarkness","hexamod:GhostOfSpireFuture"],"picked":"hexamod:FlamesFromBeyond","floor":11},{"not_picked":["hexamod:HeatMetal","hexamod:RainOfEmbers"],"picked":"hexamod:FlamesFromBeyond","floor":12},{"not_picked":["hexamod:GhostShield","hexamod:Firestarter","hexamod:GhostOfSpirePast"],"picked":"SKIP","floor":14},{"not_picked":["hexamod:HauntingEcho","hexamod:InspiringFlames"],"picked":"hexamod:ForkedFlame","floor":15},{"not_picked":["hexamod:SearingWound","hexamod:GhostflameInferno"],"picked":"hexamod:VolcanoVisage","floor":16},{"not_picked":["hexamod:Hexaguard","hexamod:GhostOfSpirePast","hexamod:BurningTouch"],"picked":"SKIP","floor":21},{"not_picked":["hexamod:NecessarySacrifice","hexamod:ThermalTransfer"],"picked":"hexamod:PowerFromBeyond","floor":22},{"not_picked":["hexamod:NightmareStrike+1","hexamod:SpectralSpark","hexamod:GhostLash"],"picked":"SKIP","floor":23},{"not_picked":["hexamod:BurningTouch","hexamod:RecurringNightmare+1","hexamod:SpectersWail"],"picked":"SKIP","floor":25},{"not_picked":["hexamod:GhostOfSpireFuture","hexamod:SuperheatedStrike","hexamod:Firestarter+1"],"picked":"SKIP","floor":26},{"not_picked":["hexamod:RainOfEmbers","hexamod:BacktrackSmack"],"picked":"hexamod:TimeOfNeed","floor":29},{"not_picked":["hexamod:FlamesFromBeyond+1","hexamod:HauntingEcho"],"picked":"hexamod:SoulSteal","floor":31},{"not_picked":["hexamod:GhostLash","hexamod:RainOfEmbers","hexamod:GhostflameBarrier+1"],"picked":"SKIP","floor":32}],"player_experience":295259,"relics_obtained":[{"floor":8,"key":"Tiny Chest"},{"floor":11,"key":"Potion Belt"},{"floor":19,"key":"Turnip"},{"floor":24,"key":"Ancient Tea Set"},{"floor":28,"key":"Nunchaku"},{"floor":31,"key":"Bird Faced Urn"}],"event_choices":[{"damage_healed":0,"gold_gain":0,"player_choice":"Got Potions","damage_taken":0,"max_hp_gain":0,"max_hp_loss":0,"event_name":"Lab","floor":10,"gold_loss":0}],"is_beta":false,"boss_relics":[{"not_picked":["Fusion Hammer","Snecko Eye"],"picked":"Pandora\u0027s Box"}],"items_purged_floors":[6,22],"is_endless":false,"potions_floor_spawned":[2,5,9,12,16,21,23,25,31],"killed_by":"SI_MIRROR_ARCHETYPE","ascension_level":0}}