{"host":"8d3fefv2347kqkpz","time":1613432357,"event":{"mods":["AchievementEnabler","Aspiration","BaseMod","Better Vampires","BetterRewards","Colored Map","Colored Powertips","Downfall","Emptier Cage","Highlight Path","Marked Mod","Minty Spire (QoL Compilation)","Quick Restart","Rare Cards Sparkle","Relic Stats","Spicy Shops","StSLib","Waifu the Spire"],"gold_per_floor":[99,111,111,111,111,127,127,127,153,153,53,65,83,99,112,112,112,112],"floor_reached":16,"language":"ZHS","playtime":521,"items_purged":[],"score":102,"play_id":"0d00175c-3aa7-4879-a4ca-f3afe39b91ee","local_time":"20210216073917","is_ascension_mode":false,"campfire_choices":[{"data":"sneckomod:SnekBite","floor":1.0,"key":"SMITH"},{"data":"sneckomod:UnknownUncommonPower","floor":8,"key":"SMITH"},{"floor":11,"key":"REST"}],"circlet_count":0,"master_deck":["sneckomod:Strike","sneckomod:Strike","sneckomod:Strike","sneckomod:Defend+1","sneckomod:Defend","sneckomod:Defend","sneckomod:TailWhip","sneckomod:SnekBite+1","sneckomod:Unknown","sneckomod:Unknown","sneckomod:UnknownUncommonPower+1","Injury","sneckomod:UnknownUncommonSkill+1","sneckomod:SoulDraw+1"],"relics":["sneckomod:SneckoSoul","Toxic Egg 2","Bottled Tornado","hexamod:CandleOfCauterizing","downfall:HeartBlessingGreen"],"acts_visited":["Exordium"],"potions_floor_usage":[16,16],"damage_taken":[{"damage":0.0,"enemies":"Jaw Worm","floor":2.0,"turns":4.0},{"damage":0,"enemies":"2 Louse","floor":6,"turns":2},{"damage":47,"enemies":"3 Sentries","floor":9,"turns":9},{"damage":0,"enemies":"Cultist","floor":12,"turns":3},{"damage":10,"enemies":"downfall:LooterAlt","floor":13,"turns":3},{"damage":16,"enemies":"Lots of Slimes","floor":14,"turns":4},{"damage":11,"enemies":"Exordium Wildlife","floor":15,"turns":5},{"damage":48,"enemies":"WA_ARCHETYPE_RETAIN","floor":16,"turns":7}],"seed_played":"115885837298282475","potions_obtained":[{"floor":2.0,"key":"BlessingOfTheForge"},{"floor":14,"key":"Dexterity Potion"}],"is_trial":false,"path_per_floor":["R","M","?","?","?","M","T","R","E","?","R","M","M","M","M","B"],"character_chosen":"THE_SNECKO","items_purchased":[],"campfire_rested":1,"item_purchase_floors":[],"current_hp_per_floor":[99,99,99,99,99,99,99,99,52,52,81,81,71,55,44,0,0,0],"gold":112,"neow_bonus":"TEN_PERCENT_HP_BONUS","is_daily":false,"chose_seed":false,"campfire_upgraded":2,"win_rate":0.0,"timestamp":1613432357,"path_taken":["R","M","?","?","?","?","T","R","E","?","R","M","?","M","M","BOSS"],"items_purchased_type":[],"build_version":"2020-12-22","purchased_purges":0,"victory":false,"max_hp_per_floor":[99,99,99,99,99,99,99,99,99,99,99,99,99,99,99,99,99,99],"relic_stats":{"counters":[8,37],"obtain_stats":[{"hexamod:CandleOfCauterizing":9,"downfall:HeartBlessingGreen":11,"Toxic Egg 2":3,"Bottled Tornado":7,"sneckomod:SneckoSoul":0},{"hexamod:CandleOfCauterizing":3,"downfall:HeartBlessingGreen":3,"Toxic Egg 2":1,"Bottled Tornado":2,"sneckomod:SneckoSoul":0},{"hexamod:CandleOfCauterizing":15,"downfall:HeartBlessingGreen":15,"Toxic Egg 2":4,"Bottled Tornado":6,"sneckomod:SneckoSoul":0}]},"card_choices":[{"not_picked":["sneckomod:UnknownX","sneckomod:RainOfDice"],"picked":"sneckomod:UnknownUncommonPower","floor":2.0},{"not_picked":["sneckomod:UnknownUncommonSkill+1","sneckomod:UnknownDraw+1","sneckomod:DiceCrush"],"picked":"SKIP","floor":6},{"not_picked":["sneckomod:MixItUp","sneckomod:UnknownBlock+1","sneckomod:DiceBlock+1"],"picked":"SKIP","floor":9},{"not_picked":["sneckomod:RainOfDice","sneckomod:MixItUp"],"picked":"sneckomod:UnknownUncommonSkill+1","floor":12},{"not_picked":["sneckomod:Nope+1","sneckomod:UnknownDraw+1","sneckomod:UnknownUncommonSkill+1"],"picked":"SKIP","floor":13},{"not_picked":["sneckomod:DiceBlock+1","sneckomod:UnknownDexterity+1","sneckomod:CheapStock"],"picked":"SKIP","floor":14},{"not_picked":["sneckomod:DefensiveFlair+1","sneckomod:SoulExchange+1"],"picked":"sneckomod:SoulDraw+1","floor":15}],"player_experience":409403,"relics_obtained":[{"floor":7,"key":"Bottled Tornado"},{"floor":9,"key":"hexamod:CandleOfCauterizing"}],"event_choices":[{"damage_healed":0,"gold_gain":0,"player_choice":"Fled","damage_taken":0,"max_hp_gain":0,"max_hp_loss":0,"event_name":"Scrap Ooze","floor":4,"gold_loss":0},{"damage_healed":0,"gold_gain":0,"player_choice":"Forge","damage_taken":0,"max_hp_gain":0,"max_hp_loss":0,"event_name":"Accursed Blacksmith","floor":5,"gold_loss":0,"cards_upgraded":["sneckomod:Defend"]},{"damage_healed":0,"gold_gain":0,"player_choice":"Ignored","damage_taken":0,"max_hp_gain":0,"max_hp_loss":0,"event_name":"NoteForYourself","floor":10,"gold_loss":0}],"is_beta":false,"boss_relics":[],"items_purged_floors":[],"is_endless":false,"potions_floor_spawned":[2,14],"killed_by":"WA_ARCHETYPE_RETAIN","ascension_level":0}}