{"host":"56xwnffi6e9z5l58","time":1613399847,"event":{"mods":["Aspiration","BaseMod","Better Match","Better Note","Better Sensory Stone","BetterRewards","Colored Map","Colored Powertips","Conspire","Downfall","GifTheSpireLib","Hermit","Highlight Path","Hubris","Infinite Spire","Key Reminder","Minty Spire (QoL Compilation)","Permanent Neow","Quick Restart","Rare Cards Sparkle","Replay The Spire","StSLib","Stuff the Spire","SuperFastMode","Unceasing Turn Reminder"],"gold_per_floor":[119,119,141,159,159,159,159,159],"floor_reached":6,"language":"ENG","playtime":174,"items_purged":[],"score":36,"play_id":"e8df127c-2336-4308-90fb-b5b420cbc5e0","local_time":"20210215223727","is_ascension_mode":false,"campfire_choices":[],"circlet_count":0,"master_deck":["hexamod:Strike","hexamod:Strike","hexamod:Strike","hexamod:Strike","hexamod:Defend","hexamod:Defend+1","hexamod:Defend+1","hexamod:Defend","hexamod:Sear","hexamod:Float","hexamod:FifthSeal","hexamod:SecondSeal","hexamod:PowerFromBeyond","StuffTheSpire:CuriosityCurse","hexamod:SixthSeal","hexamod:FourthSeal","hexamod:PhantomFireball"],"relics":["hexamod:SpiritBrand","conspire:InfiniteJournal"],"acts_visited":["Exordium"],"potions_floor_usage":[6],"damage_taken":[{"damage":16,"enemies":"2 Louse","floor":1,"turns":4},{"damage":11,"enemies":"Small Slimes","floor":3,"turns":5},{"damage":7,"enemies":"Cultist","floor":4,"turns":5},{"damage":36,"enemies":"3 Sentries","floor":6,"turns":4}],"seed_played":"2129080175427761552","potions_obtained":[{"floor":4,"key":"PowerPotion"}],"is_trial":false,"path_per_floor":["M","?","M","M","?","E"],"character_chosen":"THE_SPIRIT","items_purchased":[],"campfire_rested":0,"item_purchase_floors":[],"current_hp_per_floor":[54,54,43,36,36,0,0,0],"gold":159,"neow_bonus":"ONE_RANDOM_RARE_CARD","is_daily":false,"chose_seed":false,"campfire_upgraded":0,"win_rate":0.0,"timestamp":1613399847,"path_taken":["M","?","M","M","?","E"],"items_purchased_type":[],"build_version":"2020-12-22","purchased_purges":0,"victory":false,"max_hp_per_floor":[70,70,70,70,70,70,70,70],"card_choices":[{"not_picked":["hexamod:FourthSeal","hexamod:ThirdSeal"],"picked":"hexamod:SecondSeal","floor":1},{"not_picked":["hexamod:Hexaguard","hexamod:BurningTouch"],"picked":"hexamod:PowerFromBeyond","floor":1},{"not_picked":["hexamod:SecondSeal","hexamod:ThirdSeal"],"picked":"hexamod:SixthSeal","floor":3},{"not_picked":["hexamod:NecessarySacrifice","hexamod:RetreatToShadows"],"picked":"hexamod:FourthSeal","floor":3},{"not_picked":["hexamod:GhostShield","hexamod:GhostLash"],"picked":"hexamod:PhantomFireball","floor":4}],"player_experience":1035854,"relics_obtained":[],"event_choices":[],"is_beta":false,"boss_relics":[],"items_purged_floors":[],"is_endless":false,"potions_floor_spawned":[],"killed_by":"3 Sentries","ascension_level":0}}