{"host":"mz5qq3pkwvwcu15a","time":1613351049,"event":{"mods":["BaseMod","Minty Spire (QoL Compilation)","Quick Restart","Rare Cards Sparkle"],"gold_per_floor":[116,71,88,88,0,0,29,29,29,29,45,78,98,127,127,231,231,244,20,34,46,65,65,95,95,95,133,172,216,216,14,14,111,111,147,191,8,26,26,83,83,95,95,109,109,127,127,158,158,158],"floor_reached":51,"language":"ENG","playtime":3285,"items_purged":["JustLucky"],"score":1034,"play_id":"7cce98ea-5ff7-416a-9d67-588e1531d447","local_time":"20210214200409","is_ascension_mode":true,"campfire_choices":[{"data":"PathToVictory","floor":6.0,"key":"SMITH"},{"data":"FlurryOfBlows","floor":8.0,"key":"SMITH"},{"data":"Meditate","floor":15.0,"key":"SMITH"},{"data":"ThirdEye","floor":23.0,"key":"SMITH"},{"floor":25.0,"key":"DIG"},{"floor":30.0,"key":"DIG"},{"floor":32.0,"key":"REST"},{"floor":41,"key":"DIG"},{"floor":49,"key":"REST"}],"circlet_count":0,"master_deck":["Eruption","Vigilance","PathToVictory+1","Protect","Halt","ClearTheMind","CarveReality","FlurryOfBlows+1","WindmillStrike","Meditate+1","ThirdEye+1","Wallop","Scrawl","Protect+1","DevaForm","Wireheading+1","SandsOfTime+1","WheelKick","Wish","WindmillStrike","Ragnarok","PathToVictory","SpiritShield","ConjureBlade","Evaluate","Swivel","CarveReality","Weave","ThirdEye","WindmillStrike","Wallop+1","Worship","Worship","WindmillStrike","Protect","WheelKick","SandsOfTime","Protect+1","Protect","Ragnarok"],"relics":["PureWater","NeowsBlessing","Omamori","InkBottle","Tiny Chest","Sundial","Snecko Eye","Shovel","Bag of Marbles","HornCleat","Darkstone Periapt","Pandora\u0027s Box","Orrery","MealTicket","Prayer Wheel","Dead Branch","Art of War","Happy Flower"],"acts_visited":["TheBeyond"],"potions_floor_usage":[46,46,48,50],"damage_taken":[{"damage":0.0,"enemies":"Jaw Worm","floor":1.0,"turns":1.0},{"damage":0.0,"enemies":"Cultist","floor":3.0,"turns":1.0},{"damage":0.0,"enemies":"3 Sentries","floor":7.0,"turns":1.0},{"damage":0.0,"enemies":"2 Louse","floor":11.0,"turns":2.0},{"damage":0.0,"enemies":"Gremlin Nob","floor":12.0,"turns":2.0},{"damage":5.0,"enemies":"Exordium Wildlife","floor":13.0,"turns":3.0},{"damage":24.0,"enemies":"Lagavulin","floor":14.0,"turns":6.0},{"damage":23.0,"enemies":"Slime Boss","floor":16.0,"turns":4.0},{"damage":13.0,"enemies":"2 Thieves","floor":18.0,"turns":2.0},{"damage":0.0,"enemies":"Shell Parasite","floor":20.0,"turns":4.0},{"damage":0.0,"enemies":"Centurion and Healer","floor":21.0,"turns":5.0},{"damage":10.0,"enemies":"Shelled Parasite and Fungi","floor":22.0,"turns":3.0},{"damage":0.0,"enemies":"Slavers","floor":24.0,"turns":4.0},{"damage":0.0,"enemies":"Cultist and Chosen","floor":27.0,"turns":4.0},{"damage":0.0,"enemies":"Snecko","floor":28.0,"turns":3.0},{"damage":31.0,"enemies":"Sentry and Sphere","floor":29.0,"turns":6.0},{"damage":0.0,"enemies":"Automaton","floor":33.0,"turns":6.0},{"damage":26.0,"enemies":"3 Darklings","floor":35.0,"turns":5.0},{"damage":8.0,"enemies":"Orb Walker","floor":36.0,"turns":5.0},{"damage":0.0,"enemies":"Sphere and 2 Shapes","floor":38.0,"turns":3.0},{"damage":0,"enemies":"Reptomancer","floor":40,"turns":5},{"damage":7,"enemies":"Jaw Worm Horde","floor":42,"turns":5},{"damage":19,"enemies":"Writhing Mass","floor":44,"turns":5},{"damage":1,"enemies":"Maw","floor":46,"turns":6},{"damage":30,"enemies":"Nemesis","floor":48,"turns":9},{"damage":35,"enemies":"Time Eater","floor":50,"turns":8}],"seed_played":"-7935680493029717409","potions_obtained":[{"floor":7.0,"key":"Block Potion"},{"floor":11.0,"key":"LiquidMemories"},{"floor":12.0,"key":"SteroidPotion"},{"floor":16.0,"key":"BlessingOfTheForge"},{"floor":24.0,"key":"Dexterity Potion"},{"floor":28.0,"key":"Explosive Potion"},{"floor":40,"key":"Block Potion"},{"floor":44,"key":"SpeedPotion"},{"floor":48,"key":"BottledMiracle"}],"is_trial":false,"path_per_floor":["M","$","M","?","$","R","E","R","T","$","M","E","M","E","R","B",null,"M","$","M","M","M","R","E","R","T","M","M","M","R","$","R","B",null,"M","M","$","M","?","E","R","M","T","M","T","M","?","E","R","B",null],"character_chosen":"WATCHER","items_purchased":["PathToVictory","ClearTheMind","CarveReality","DevaForm","Ragnarok","PathToVictory","Worship","Orrery"],"campfire_rested":2,"item_purchase_floors":[2,5,5,19,31,31,37,37],"current_hp_per_floor":[72,72,72,72,72,72,72,72,72,72,72,72,67,43,43,20,72,59,59,59,59,49,49,49,49,49,49,49,18,18,18,39,39,72,46,38,38,38,38,38,38,31,31,12,12,11,72,42,63,28],"gold":158,"neow_bonus":"THREE_ENEMY_KILL","is_daily":false,"chose_seed":false,"campfire_upgraded":4,"win_rate":0.0,"timestamp":1613351049,"path_taken":["M","$","M","?","$","R","E","R","T","?","M","E","M","E","R","BOSS","M","$","M","M","M","R","E","R","T","M","?","M","R","$","R","BOSS","M","M","$","?","?","E","R","M","T","M","?","?","?","E","R","BOSS"],"items_purchased_type":["Card","Card","Card","Card","Card","Card","Card","Relic"],"build_version":"2020-12-22","purchased_purges":1,"victory":true,"max_hp_per_floor":[72,72,72,72,72,72,72,72,72,72,72,72,72,72,72,72,72,72,72,72,72,72,72,72,72,72,72,72,72,72,72,72,72,72,72,72,72,72,72,72,72,72,72,72,72,72,72,72,72,72],"card_choices":[{"not_picked":["Protect","TalkToTheHand"],"picked":"JustLucky","floor":1.0},{"not_picked":["MentalFortress","JustLucky"],"picked":"Protect","floor":3.0},{"not_picked":["Collect","Indignation"],"picked":"FlurryOfBlows","floor":7.0},{"not_picked":["Pray","Collect"],"picked":"WindmillStrike","floor":11.0},{"not_picked":["Fasting2","InnerPeace"],"picked":"Meditate","floor":12.0},{"not_picked":["Perseverance","Evaluate"],"picked":"ThirdEye","floor":13.0},{"not_picked":["EmptyFist","Collect"],"picked":"Wallop","floor":14.0},{"not_picked":["Vault","SpiritShield"],"picked":"Scrawl","floor":16.0},{"not_picked":["Indignation","BowlingBash+1"],"picked":"Protect+1","floor":18.0},{"not_picked":["FearNoEvil","SashWhip"],"picked":"Wireheading+1","floor":20.0},{"not_picked":["ThirdEye+1","Protect"],"picked":"SandsOfTime+1","floor":21.0},{"not_picked":["Prostrate","PathToVictory"],"picked":"WheelKick","floor":22.0},{"not_picked":["SignatureMove","Halt+1"],"picked":"Wish","floor":24.0},{"not_picked":["Prostrate","ReachHeaven"],"picked":"WindmillStrike","floor":27.0},{"not_picked":["Pray+1","Nirvana","FollowUp"],"picked":"SKIP","floor":28.0},{"not_picked":["Crescendo","BowlingBash","Blasphemy"],"picked":"SKIP","floor":29.0},{"not_picked":["DeusExMachina","Omniscience"],"picked":"SpiritShield","floor":33.0},{"not_picked":["LikeWater+1","CrushJoints+1"],"picked":"Wallop+1","floor":35.0},{"not_picked":["Crescendo","Worship","Halt+1"],"picked":"SKIP","floor":36.0},{"not_picked":["Crescendo","Worship","Halt+1"],"picked":"SKIP","floor":36.0},{"not_picked":["Crescendo","Halt+1"],"picked":"Worship","floor":36.0},{"not_picked":["SashWhip+1","ForeignInfluence+1"],"picked":"WindmillStrike","floor":37.0},{"not_picked":["WheelKick","FollowUp+1"],"picked":"Protect","floor":37.0},{"not_picked":["SandsOfTime","Collect"],"picked":"WheelKick","floor":37.0},{"not_picked":["Tantrum","Conclude+1"],"picked":"SandsOfTime","floor":37.0},{"not_picked":["Crescendo","EmptyFist+1","PathToVictory+1"],"picked":"SKIP","floor":38.0},{"not_picked":["Nirvana+1","Consecrate+1"],"picked":"Protect+1","floor":40},{"not_picked":["PathToVictory+1","EmptyFist+1"],"picked":"Protect","floor":42},{"not_picked":["FlurryOfBlows","PathToVictory","EmptyFist+1"],"picked":"SKIP","floor":42},{"not_picked":["Alpha","Wireheading","Swivel"],"picked":"SKIP","floor":44},{"not_picked":["WreathOfFlame","Crescendo","Consecrate"],"picked":"SKIP","floor":44},{"not_picked":["EmptyBody+1","FlurryOfBlows","CarveReality"],"picked":"SKIP","floor":46},{"not_picked":["InnerPeace+1","FlyingSleeves","Wallop+1"],"picked":"SKIP","floor":46},{"not_picked":["LikeWater+1","ThirdEye"],"picked":"Ragnarok","floor":48}],"player_experience":827120,"relics_obtained":[{"floor":7.0,"key":"Omamori"},{"floor":9.0,"key":"InkBottle"},{"floor":12.0,"key":"Tiny Chest"},{"floor":14.0,"key":"Sundial"},{"floor":24.0,"key":"Shovel"},{"floor":25.0,"key":"Bag of Marbles"},{"floor":26.0,"key":"HornCleat"},{"floor":30.0,"key":"Darkstone Periapt"},{"floor":40,"key":"MealTicket"},{"floor":41,"key":"Prayer Wheel"},{"floor":43,"key":"Dead Branch"},{"floor":45,"key":"Art of War"},{"floor":48,"key":"Happy Flower"}],"event_choices":[{"damage_healed":0.0,"max_hp_gain":0.0,"max_hp_loss":0.0,"gold_gain":0.0,"cards_transformed":["Defend_P"],"event_name":"Transmorgrifier","player_choice":"Transformed","floor":4.0,"gold_loss":0.0,"damage_taken":0.0,"cards_obtained":["Halt"]},{"damage_healed":0,"gold_gain":0,"player_choice":"Ignored","damage_taken":0,"max_hp_gain":0,"max_hp_loss":0,"event_name":"Mysterious Sphere","floor":39,"gold_loss":0},{"damage_healed":61,"gold_gain":0,"player_choice":"Heal","damage_taken":0,"max_hp_gain":0,"max_hp_loss":0,"event_name":"MindBloom","floor":47,"gold_loss":0,"cards_obtained":["Doubt"]}],"is_beta":false,"boss_relics":[{"not_picked":["Runic Dome","Ectoplasm"],"picked":"Snecko Eye"},{"not_picked":["Runic Pyramid","HolyWater"],"picked":"Pandora\u0027s Box"}],"items_purged_floors":[19],"is_endless":false,"potions_floor_spawned":[7,11,12,16,18,24,28,40,44,48],"ascension_level":2}}