{"host":"it04jaz8eul1eh3d","time":1613384633,"event":{"mods":["AchievementEnabler","BaseMod","Colored Map","DeckTracker","Keyboard Shortcuts","Minty Spire (QoL Compilation)","SuperFastMode"],"gold_per_floor":[11,22,22,42,62,74,102,49,122,122,135,135,155,189,189,285,285,296,279,296,296,311,311,311,311],"floor_reached":24,"language":"KOR","playtime":627,"items_purged":[],"score":212,"play_id":"f48dddb6-4ed2-46dc-a4f4-7e60afef3b0b","local_time":"20210215192353","is_ascension_mode":false,"campfire_choices":[{"data":"Apotheosis","floor":12,"key":"SMITH"},{"floor":15,"key":"REST"},{"floor":23,"key":"REST"}],"circlet_count":0,"master_deck":["Strike_R","Strike_R","Strike_R","Strike_R","Strike_R","Defend_R","Defend_R","Defend_R","Defend_R","Bash","Apotheosis+1","Inflame","Uppercut","Heavy Blade","Dropkick","Inflame","Limit Break","Flame Barrier","Uppercut"],"relics":["Burning Blood","Meat on the Bone","Ginger","The Courier","Art of War","Philosopher\u0027s Stone"],"acts_visited":["Exordium","TheCity"],"potions_floor_usage":[24],"damage_taken":[{"damage":2,"enemies":"Small Slimes","floor":1,"turns":4},{"damage":9,"enemies":"Cultist","floor":2,"turns":4},{"damage":3,"enemies":"2 Louse","floor":4,"turns":3},{"damage":25,"enemies":"Gremlin Gang","floor":5,"turns":7},{"damage":6,"enemies":"Exordium Wildlife","floor":6,"turns":6},{"damage":18,"enemies":"Lagavulin","floor":7,"turns":7},{"damage":18,"enemies":"3 Louse","floor":11,"turns":3},{"damage":14,"enemies":"Gremlin Gang","floor":13,"turns":5},{"damage":41,"enemies":"3 Sentries","floor":14,"turns":8},{"damage":29,"enemies":"Slime Boss","floor":16,"turns":9},{"damage":46,"enemies":"3 Byrds","floor":18,"turns":5},{"damage":28,"enemies":"2 Thieves","floor":19,"turns":4},{"damage":23,"enemies":"Shelled Parasite and Fungi","floor":20,"turns":5},{"damage":8,"enemies":"Snecko","floor":22,"turns":4},{"damage":72,"enemies":"Slavers","floor":24,"turns":5}],"seed_played":"2376299580629699865","potions_obtained":[{"floor":6,"key":"LiquidBronze"},{"floor":7,"key":"Swift Potion"},{"floor":11,"key":"Swift Potion"}],"is_trial":false,"path_per_floor":["M","M","?","M","M","M","E","$","T","?","M","R","M","E","R","B",null,"M","M","M","?","M","R","E"],"character_chosen":"IRONCLAD","items_purchased":["Heavy Blade"],"campfire_rested":2,"item_purchase_floors":[8],"current_hp_per_floor":[80,77,77,80,61,61,49,49,49,49,49,49,53,30,54,43,80,52,42,37,37,47,71,0,0],"gold":311,"neow_bonus":"RANDOM_COLORLESS_2","is_daily":false,"chose_seed":false,"campfire_upgraded":1,"win_rate":0.0,"timestamp":1613384633,"path_taken":["M","M","?","M","?","?","E","$","T","?","?","R","M","E","R","BOSS","M","M","?","?","M","R","E"],"items_purchased_type":["Card"],"build_version":"2020-12-22","purchased_purges":0,"victory":false,"max_hp_per_floor":[80,80,80,80,80,80,80,80,80,80,80,80,80,80,80,80,80,80,80,80,80,80,80,80,80],"card_choices":[{"not_picked":["Chrysalis","Violence"],"picked":"Apotheosis","floor":0},{"not_picked":["Twin Strike","Havoc","Feel No Pain"],"picked":"SKIP","floor":1},{"not_picked":["Warcry","Evolve"],"picked":"Inflame","floor":2},{"not_picked":["Second Wind","Sword Boomerang","Clash"],"picked":"SKIP","floor":4},{"not_picked":["Bloodletting","Shrug It Off","Blood for Blood"],"picked":"SKIP","floor":5},{"not_picked":["Searing Blow","Seeing Red"],"picked":"Uppercut","floor":6},{"not_picked":["Anger","Flex","Havoc"],"picked":"SKIP","floor":7},{"not_picked":["Havoc","Cleave"],"picked":"Dropkick","floor":11},{"not_picked":["Corruption","Clash","Flex"],"picked":"SKIP","floor":13},{"not_picked":["Havoc","Dark Embrace"],"picked":"Inflame","floor":14},{"not_picked":["Offering","Barricade"],"picked":"Limit Break","floor":16},{"not_picked":["Metallicize","Infernal Blade","True Grit"],"picked":"SKIP","floor":18},{"not_picked":["Pommel Strike","Clash"],"picked":"Flame Barrier","floor":19},{"not_picked":["Flex","Armaments"],"picked":"Uppercut","floor":20},{"not_picked":["Shrug It Off","Headbutt+1","Warcry"],"picked":"SKIP","floor":22}],"player_experience":170729,"relics_obtained":[{"floor":3,"key":"Meat on the Bone"},{"floor":7,"key":"Ginger"},{"floor":9,"key":"The Courier"},{"floor":14,"key":"Art of War"}],"event_choices":[{"damage_healed":0,"gold_gain":0,"player_choice":"Relic","damage_taken":0,"max_hp_gain":0,"max_hp_loss":0,"event_name":"Wheel of Change","floor":3,"gold_loss":0},{"damage_healed":0,"gold_gain":0,"player_choice":"Bought 0 Potions","damage_taken":0,"max_hp_gain":0,"max_hp_loss":0,"event_name":"The Woman in Blue","floor":10,"gold_loss":0},{"damage_healed":0,"gold_gain":0,"player_choice":"Ignored","damage_taken":0,"max_hp_gain":0,"max_hp_loss":0,"event_name":"N\u0027loth","floor":21,"gold_loss":0}],"is_beta":false,"boss_relics":[{"not_picked":["Cursed Key","Black Blood"],"picked":"Philosopher\u0027s Stone"}],"items_purged_floors":[],"is_endless":false,"potions_floor_spawned":[6,7,11,13,14,18,19],"killed_by":"Slavers","ascension_level":0}}