{"host":"mo324zvkdr1xwprd","time":1613351729,"event":{"mods":["A Penny For Your Troubles","BaseMod","Better Note","Better Third Choice","BetterRewards","Hermit","Highlight Path","Hubris","Infinite Spire","Minty Spire (QoL Compilation)","Quick Restart","Rare Cards Sparkle","Shop Mod","StSLib","The Cursed","The Hierophant","Transform Curses"],"gold_per_floor":[116,126,145,164,164,164,197,197,197,207,207,224,243,263,263,337,337,351,351,351,371,391,417,434,464,464,464,483,513,513,525,525,599,599,612,612,612,612,624,649,342,377,447,461,461,33,45,61,61,62,62,62,19,54,54],"floor_reached":56,"language":"ENG","playtime":2757,"items_purged":[],"score":3509,"play_id":"3875be5a-3f7c-47e2-96aa-bfa17662a393","local_time":"20210215011529","is_ascension_mode":true,"campfire_choices":[{"floor":6.0,"key":"REST"},{"floor":8.0,"key":"REST"},{"data":"Mind Blast","floor":15.0,"key":"SMITH"},{"floor":27.0,"key":"RECALL"},{"data":"Backstab","floor":32.0,"key":"SMITH"},{"data":"Masterful Stab","floor":45.0,"key":"SMITH"},{"data":"Accuracy","floor":49.0,"key":"SMITH"},{"data":"Survivor","floor":52.0,"key":"SMITH"}],"circlet_count":0,"master_deck":["AscendersBane","Strike_G+1","Strike_G+1","Defend_G+1","Defend_G+1","Survivor+1","Neutralize","Footwork","Accuracy+1","Doppelganger","Cloak And Dagger","Flying Knee+1","Cloak And Dagger+1","Corpse Explosion+1","Outmaneuver+1","Poisoned Stab+1","Footwork","PiercingWail+1","Backstab+1","Bouncing Flask+1","Cloak And Dagger+1","Blur+1","Crippling Poison+1","Deflect+1","Flying Knee","Bouncing Flask+1","Blade Dance+1","Blade Dance+1","Masterful Stab+1","Cloak And Dagger+1","Phantasmal Killer+1","Noxious Fumes+1","Venomology+1","Noxious Fumes+1","Bouncing Flask+1","Cloak And Dagger+1","Blade Dance+1","Endless Agony+1","Dodge and Roll+1","Deadly Poison+1","Cloak And Dagger+1","Predator+1","Venomology+1","Blade Dance+1","Terror+1","Adrenaline+1","Deadly Poison+1","Backflip+1","Quick Slash","Outmaneuver+1","Dagger Spray","Expertise+1","Terror+1","Backflip+1","Blade Dance+1","Quick Slash","Dagger Throw","Distraction+1","Quick Slash+1","hubris:DuctTapeCard"],"relics":["Ring of the Snake","hubris:EmptyBottle","Gambling Chip","Toxic Egg 2","Orrery","The Specimen","Membership Card","FossilizedHelix","infinitespire:EmpoweringShard","Thread and Needle","Bag of Marbles","Tough Bandages","Astrolabe","hubris:Icosahedron","Prayer Wheel","InkBottle","Calipers","Busted Crown","hubris:PeanutButter","Anchor","Whetstone","Bottled Flame","Bag of Preparation","White Beast Statue","infinitespire:CursedDice","hubris:DuctTape","Toolbox","Ginger"],"acts_visited":["Exordium","TheCity","TheBeyond","TheEnding"],"potions_floor_usage":[55,55,55,55],"damage_taken":[{"damage":0.0,"enemies":"Cultist","floor":1.0,"turns":2.0},{"damage":0.0,"enemies":"Jaw Worm","floor":2.0,"turns":2.0},{"damage":0.0,"enemies":"Small Slimes","floor":3.0,"turns":1.0},{"damage":0.0,"enemies":"Exordium Wildlife","floor":4.0,"turns":4.0},{"damage":0.0,"enemies":"Gremlin Nob","floor":7.0,"turns":2.0},{"damage":0.0,"enemies":"2 Fungi Beasts","floor":10.0,"turns":2.0},{"damage":0.0,"enemies":"Large Slime","floor":12.0,"turns":3.0},{"damage":0.0,"enemies":"Blue Slaver","floor":13.0,"turns":1.0},{"damage":0.0,"enemies":"Looter","floor":14.0,"turns":1.0},{"damage":0.0,"enemies":"Slime Boss","floor":16.0,"turns":4.0},{"damage":0.0,"enemies":"3 Byrds","floor":18.0,"turns":3.0},{"damage":0.0,"enemies":"2 Thieves","floor":21.0,"turns":1.0},{"damage":0.0,"enemies":"Snecko","floor":22.0,"turns":2.0},{"damage":0.0,"enemies":"Slavers","floor":23.0,"turns":1.0},{"damage":0.0,"enemies":"3 Cultists","floor":24.0,"turns":1.0},{"damage":0.0,"enemies":"Nightmare","floor":25.0,"turns":1.0},{"damage":0.0,"enemies":"Centurion and Healer","floor":28.0,"turns":1.0},{"damage":0.0,"enemies":"Slavers","floor":29.0,"turns":1.0},{"damage":0.0,"enemies":"Snecko","floor":31.0,"turns":3.0},{"damage":0.0,"enemies":"Champ","floor":33.0,"turns":5.0},{"damage":0.0,"enemies":"3 Darklings","floor":35.0,"turns":1.0},{"damage":0.0,"enemies":"Orb Walker","floor":39.0,"turns":1.0},{"damage":0.0,"enemies":"Nemesis","floor":40.0,"turns":3.0},{"damage":0.0,"enemies":"Reptomancer","floor":42.0,"turns":1.0},{"damage":0.0,"enemies":"4 Shapes","floor":44.0,"turns":1.0},{"damage":0.0,"enemies":"3 Darklings","floor":47.0,"turns":1.0},{"damage":0.0,"enemies":"Sphere and 2 Shapes","floor":48.0,"turns":1.0},{"damage":0.0,"enemies":"Donu and Deca","floor":50.0,"turns":3.0},{"damage":0.0,"enemies":"Shield and Spear","floor":54.0,"turns":2.0},{"damage":55,"enemies":"The Heart","floor":55,"turns":5}],"seed_played":"-959817719638119623","potions_obtained":[{"floor":1.0,"key":"Explosive Potion"},{"floor":12.0,"key":"SteroidPotion"},{"floor":14.0,"key":"AttackPotion"},{"floor":25.0,"key":"Regen Potion"},{"floor":28.0,"key":"Strength Potion"},{"floor":39.0,"key":"SteroidPotion"},{"floor":40.0,"key":"Block Potion"},{"floor":44.0,"key":"ColorlessPotion"},{"floor":47.0,"key":"Energy Potion"}],"is_trial":false,"path_per_floor":["M","M","M","M","?","R","E","R","T","M","?","M","M","M","R","B",null,"M","?","?","M","M","E","M","NM","T","R","M","E","?","M","R","B",null,"M","?","?","T","M","E","$","E","T","M","R","$","M","M","R","B",null,"R","$","E","B",null],"character_chosen":"THE_SILENT","items_purchased":["Panache","Footwork","hubris:EmptyBottle","Mind Blast","Flying Knee","Toxic Egg 2","Orrery","Footwork","PiercingWail+1","Membership Card","Backstab","Bouncing Flask+1","Cloak And Dagger+1","infinitespire:EmpoweringShard","Thread and Needle","CunningPotion","Whetstone","Backflip+1","Quick Slash","Bottled Flame","Outmaneuver+1","infinitespire:CursedDice","hubris:DuctTape","Backflip+1","Toolbox","Distraction+1"],"campfire_rested":2,"item_purchase_floors":[0,0,0,0,0,0,0,0,0,0,0,0,0,0,0,0,41,41,41,41,41,46,46,46,46,53],"current_hp_per_floor":[18,18,18,18,23,44,44,65,65,65,70,70,70,70,70,70,71,71,71,71,71,71,71,71,71,71,71,71,71,71,71,71,71,71,71,71,71,71,71,71,71,71,71,71,71,71,71,71,71,71,71,71,71,71,16],"gold":54,"neow_bonus":"","is_daily":false,"chose_seed":false,"campfire_upgraded":5,"win_rate":0.0,"timestamp":1613351729,"path_taken":["M","M","M","M","?","R","E","R","T","M","?","M","M","?","R","BOSS","M","?","?","M","M","E","?","NM","T","R","M","E","?","M","R","BOSS","M","?","?","?","M","E","?","E","T","M","R","$","M","M","R","BOSS","R","$","E","BOSS"],"items_purchased_type":["Card","Card","Relic","Card","Card","Relic","Relic","Card","Card","Relic","Card","Card","Card","Relic","Relic","Potion","Relic","Card","Card","Relic","Card","Relic","Relic","Card","Relic","Card"],"build_version":"2020-12-22","purchased_purges":0,"victory":true,"max_hp_per_floor":[66,66,66,66,71,71,71,71,71,71,71,71,71,71,71,71,71,71,71,71,71,71,71,71,71,71,71,71,71,71,71,71,71,71,71,71,71,71,71,71,71,71,71,71,71,71,71,71,71,71,71,71,71,71,71],"card_choices":[{"not_picked":["Deflect+1","Leg Sweep+1"],"picked":"Cloak And Dagger+1","floor":0.0},{"not_picked":["Endless Agony","Tactician+1"],"picked":"Corpse Explosion+1","floor":0.0},{"not_picked":["Envenom","Night Terror+1"],"picked":"PiercingWail+1","floor":0.0},{"not_picked":["hubris:SlightOfHand+1","Bane"],"picked":"Outmaneuver+1","floor":0.0},{"not_picked":["Heel Hook","hubris:SlightOfHand+1"],"picked":"Poisoned Stab","floor":0.0},{"not_picked":["Underhanded Strike","Sucker Punch"],"picked":"Blur+1","floor":1.0},{"not_picked":["Poisoned Stab","Heel Hook"],"picked":"Crippling Poison+1","floor":2.0},{"not_picked":["hubris:TrickCloak+1","Deadly Poison+1"],"picked":"Deflect+1","floor":3.0},{"not_picked":["Bane","Finisher"],"picked":"Flying Knee","floor":4.0},{"not_picked":["Tools of the Trade","Sucker Punch"],"picked":"Bouncing Flask+1","floor":7.0},{"not_picked":["Dagger Spray","hubris:SlightOfHand+1"],"picked":"Blade Dance+1","floor":10.0},{"not_picked":["Dagger Throw","Escape Plan+1"],"picked":"Blade Dance+1","floor":12.0},{"not_picked":["Quick Slash","Heel Hook"],"picked":"Masterful Stab","floor":13.0},{"not_picked":["Quick Slash","Dagger Spray"],"picked":"Cloak And Dagger+1","floor":14.0},{"not_picked":["Glass Knife","Corpse Explosion+1"],"picked":"Phantasmal Killer+1","floor":16.0},{"not_picked":["Reflex+1","Flechettes"],"picked":"Bouncing Flask+1","floor":18.0},{"not_picked":["Escape Plan+1","Underhanded Strike"],"picked":"Cloak And Dagger+1","floor":21.0},{"not_picked":["Poisoned Stab","Quick Slash"],"picked":"Blade Dance+1","floor":22.0},{"not_picked":["Caltrops","Flechettes"],"picked":"Endless Agony+1","floor":23.0},{"not_picked":["Cloak And Dagger+1","Night Terror+1"],"picked":"Dodge and Roll+1","floor":24.0},{"not_picked":["Acrobatics+1","Outmaneuver+1"],"picked":"Deadly Poison+1","floor":24.0},{"not_picked":["Infinite Blades","Deadly Poison+1"],"picked":"Cloak And Dagger+1","floor":25.0},{"not_picked":["Concentrate+1","hubris:SlightOfHand+1"],"picked":"Predator+1","floor":28.0},{"not_picked":["Bane","hubris:SlightOfHand+1","Well Laid Plans"],"picked":"SKIP","floor":28.0},{"not_picked":["Doppelganger+1","All Out Attack"],"picked":"Venomology+1","floor":29.0},{"not_picked":["Endless Agony","Expertise+1"],"picked":"Blade Dance+1","floor":31.0},{"not_picked":["Escape Plan+1","Poisoned Stab+1"],"picked":"Terror+1","floor":31.0},{"not_picked":["infinitespire:Neurotoxin+1","Phantasmal Killer+1"],"picked":"Adrenaline+1","floor":33.0},{"not_picked":[],"picked":"Slice","floor":35.0},{"not_picked":[],"picked":"Deadly Poison+1","floor":35.0},{"not_picked":["Noxious Fumes"],"picked":"SKIP","floor":39.0},{"not_picked":["Poisoned Stab"],"picked":"SKIP","floor":39.0},{"not_picked":["Caltrops"],"picked":"SKIP","floor":40.0},{"not_picked":[],"picked":"Dagger Spray","floor":42.0},{"not_picked":[],"picked":"Expertise+1","floor":44.0},{"not_picked":[],"picked":"Terror+1","floor":44.0},{"not_picked":[],"picked":"Blade Dance+1","floor":47.0},{"not_picked":[],"picked":"Quick Slash","floor":47.0},{"not_picked":[],"picked":"Dagger Throw","floor":48.0},{"not_picked":["Bane"],"picked":"SKIP","floor":48.0},{"not_picked":[],"picked":"Quick Slash+1","floor":54.0}],"player_experience":665395,"relics_obtained":[{"floor":7.0,"key":"Bag of Marbles"},{"floor":9.0,"key":"Tough Bandages"},{"floor":23.0,"key":"Prayer Wheel"},{"floor":25.0,"key":"InkBottle"},{"floor":29.0,"key":"Calipers"},{"floor":38.0,"key":"hubris:PeanutButter"},{"floor":40.0,"key":"Anchor"},{"floor":42.0,"key":"Bag of Preparation"},{"floor":43.0,"key":"White Beast Statue"},{"floor":54.0,"key":"Ginger"}],"event_choices":[{"damage_healed":0.0,"max_hp_gain":5.0,"max_hp_loss":0.0,"gold_gain":0.0,"event_name":"Big Fish","player_choice":"Donut","floor":5.0,"gold_loss":0.0,"damage_taken":0.0},{"cards_removed":["PiercingWail"],"damage_healed":5.0,"max_hp_gain":0.0,"max_hp_loss":0.0,"gold_gain":0.0,"event_name":"Bonfire Elementals","player_choice":"Offered Common","floor":11.0,"gold_loss":0.0,"damage_taken":0.0},{"cards_removed":["PiercingWail"],"damage_healed":5.0,"max_hp_gain":0.0,"max_hp_loss":0.0,"gold_gain":0.0,"event_name":"Bonfire Elementals","player_choice":"Offered Special","floor":11.0,"gold_loss":0.0,"damage_taken":0.0},{"damage_healed":0.0,"max_hp_gain":0.0,"max_hp_loss":0.0,"gold_gain":0.0,"event_name":"Accursed Blacksmith","player_choice":"Forge","floor":20.0,"gold_loss":0.0,"damage_taken":0.0,"cards_upgraded":["Panache"]},{"damage_healed":0.0,"max_hp_gain":0.0,"max_hp_loss":4.0,"gold_gain":0.0,"event_name":"betterThird:BetterWriting","player_choice":"Simplicity","floor":30.0,"gold_loss":0.0,"damage_taken":0.0},{"damage_healed":0.0,"max_hp_gain":0.0,"max_hp_loss":0.0,"gold_gain":0.0,"event_name":"Tomb of Lord Red Mask","player_choice":"Ignored","floor":36.0,"gold_loss":0.0,"damage_taken":0.0},{"cards_removed":["Slice"],"damage_healed":0.0,"max_hp_gain":0.0,"max_hp_loss":0.0,"gold_gain":0.0,"event_name":"Falling","player_choice":"Removed Attack","floor":37.0,"gold_loss":0.0,"damage_taken":0.0}],"is_beta":false,"boss_relics":[{"not_picked":["hubris:CrackedHourglass","hubris:BlackHole"],"picked":"Astrolabe"},{"not_picked":["Snecko Eye","Velvet Choker"],"picked":"Busted Crown"}],"items_purged_floors":[],"is_endless":false,"potions_floor_spawned":[1,2,12,14,21,22,25,28,31,39,40,44,47,48,54],"ascension_level":18}}