{"host":"diogo","time":1613407501,"event":{"mods":["BaseMod","Minty Spire (QoL Compilation)","StSLib","SuperFastMode"],"gold_per_floor":[114,114,126,145,68,68,94,107,156,175,175,201,31,43,43,138,138,156,167,182,192,207,236,236,265,313,313,340,340,340],"floor_reached":29,"language":"ENG","playtime":1713,"items_purged":["Defend_R"],"score":492,"play_id":"a80539c3-9327-4e72-add5-88b355fca76a","local_time":"20210215174501","daily_mods":["Cursed Run","Vintage","DeadlyEvents"],"is_ascension_mode":true,"campfire_choices":[{"data":"Rampage","floor":6,"key":"SMITH"},{"data":"True Grit","floor":11,"key":"SMITH"},{"floor":15,"key":"REST"},{"floor":24,"key":"REST"}],"circlet_count":0,"master_deck":["Strike_R","Strike_R","Strike_R","Strike_R","Strike_R","Defend_R","Defend_R","Defend_R","Bash","Rampage+1","True Grit+1","Normality","Flame Barrier+1","Shrug It Off+1","Parasite","Double Tap+1","Warcry+1","Havoc+1","Injury","True Grit+1","True Grit+1"],"relics":["Cursed Key","Darkstone Periapt","Du-Vu Doll","Ornamental Fan","Lantern","CaptainsWheel","Happy Flower","Toxic Egg 2","Pen Nib","Ice Cream","Orichalcum","Strawberry","SlaversCollar","Blood Vial","Meat on the Bone","Molten Egg 2","Frozen Egg 2","Matryoshka","Mummified Hand","Toy Ornithopter","Boot","Art of War","Vajra"],"acts_visited":["Exordium","TheCity"],"potions_floor_usage":[7,12,16,23,23,28,29],"damage_taken":[{"damage":12,"enemies":"Jaw Worm","floor":1,"turns":2},{"damage":6,"enemies":"2 Louse","floor":3,"turns":2},{"damage":1,"enemies":"Cultist","floor":4,"turns":3},{"damage":4,"enemies":"Lagavulin","floor":7,"turns":4},{"damage":17,"enemies":"Exordium Thugs","floor":8,"turns":5},{"damage":10,"enemies":"Looter","floor":10,"turns":3},{"damage":0,"enemies":"Gremlin Nob","floor":12,"turns":3},{"damage":0,"enemies":"Exordium Wildlife","floor":14,"turns":3},{"damage":1,"enemies":"Slime Boss","floor":16,"turns":12},{"damage":3,"enemies":"Chosen","floor":18,"turns":3},{"damage":0,"enemies":"Spheric Guardian","floor":19,"turns":3},{"damage":14,"enemies":"Shelled Parasite and Fungi","floor":20,"turns":4},{"damage":7,"enemies":"Centurion and Healer","floor":21,"turns":4},{"damage":17,"enemies":"Sentry and Sphere","floor":22,"turns":6},{"damage":38,"enemies":"Gremlin Leader","floor":23,"turns":8},{"damage":38,"enemies":"Book of Stabbing","floor":25,"turns":5},{"damage":10,"enemies":"Slavers","floor":28,"turns":6},{"damage":76,"enemies":"Gremlin Leader","floor":29,"turns":10}],"seed_played":"-1287428598765163952","potions_obtained":[{"floor":3,"key":"HeartOfIron"},{"floor":4,"key":"Energy Potion"},{"floor":10,"key":"Swift Potion"},{"floor":14,"key":"Swift Potion"},{"floor":18,"key":"BlessingOfTheForge"},{"floor":25,"key":"Explosive Potion"},{"floor":28,"key":"EssenceOfSteel"}],"is_trial":true,"path_per_floor":["M","?","M","M","$","R","E","M","T","M","R","E","$","M","R","B",null,"M","M","M","M","M","E","R","E","T","?","E","E"],"character_chosen":"IRONCLAD","items_purchased":["Rampage","Shrug It Off+1","Regen Potion"],"campfire_rested":2,"item_purchase_floors":[5,13,13],"current_hp_per_floor":[60,60,54,53,53,53,49,32,38,28,28,28,28,35,62,67,91,88,90,78,73,58,46,75,51,57,57,54,0,0],"gold":340,"neow_bonus":"","is_daily":false,"chose_seed":false,"campfire_upgraded":2,"win_rate":0.0,"timestamp":1613407501,"path_taken":["M","?","?","M","?","R","E","M","T","M","R","?","$","M","R","BOSS","M","M","M","M","M","E","R","E","T","?","?","?"],"items_purchased_type":["Card","Card","Potion"],"build_version":"2020-12-18","purchased_purges":1,"victory":false,"max_hp_per_floor":[80,80,80,80,80,80,80,80,86,86,86,86,86,93,93,99,99,99,99,99,99,99,99,99,99,105,105,105,105,105],"card_choices":[{"not_picked":["Flex","Dual Wield"],"picked":"True Grit","floor":7},{"not_picked":["Rupture","Wild Strike"],"picked":"Flame Barrier+1","floor":12},{"not_picked":["Brutality","Juggernaut"],"picked":"Double Tap+1","floor":16},{"not_picked":["Heavy Blade+1","Rupture+1"],"picked":"Warcry+1","floor":23},{"not_picked":["Twin Strike+1","Anger+1"],"picked":"Havoc+1","floor":25},{"not_picked":["Burning Pact+1","Combust+1"],"picked":"True Grit+1","floor":28}],"player_experience":392430,"relics_obtained":[{"floor":1,"key":"Ornamental Fan"},{"floor":3,"key":"Lantern"},{"floor":4,"key":"CaptainsWheel"},{"floor":7,"key":"Happy Flower"},{"floor":8,"key":"Toxic Egg 2"},{"floor":9,"key":"Pen Nib"},{"floor":10,"key":"Ice Cream"},{"floor":12,"key":"Orichalcum"},{"floor":14,"key":"Strawberry"},{"floor":18,"key":"Blood Vial"},{"floor":19,"key":"Meat on the Bone"},{"floor":20,"key":"Molten Egg 2"},{"floor":21,"key":"Frozen Egg 2"},{"floor":22,"key":"Matryoshka"},{"floor":23,"key":"Mummified Hand"},{"floor":25,"key":"Toy Ornithopter"},{"floor":26,"key":"Boot"},{"floor":26,"key":"Art of War"},{"floor":28,"key":"Vajra"}],"event_choices":[{"damage_healed":0,"gold_gain":0,"player_choice":"0 cards matched","damage_taken":0,"max_hp_gain":0,"max_hp_loss":0,"event_name":"Match and Keep!","floor":2,"gold_loss":0,"cards_obtained":[]},{"damage_healed":0,"gold_gain":0,"player_choice":"Copied","damage_taken":0,"max_hp_gain":0,"max_hp_loss":0,"event_name":"Duplicator","floor":27,"gold_loss":0,"cards_obtained":["True Grit"]}],"is_beta":true,"boss_relics":[{"not_picked":["Black Star","Sozu"],"picked":"SlaversCollar"}],"items_purged_floors":[13],"is_endless":false,"potions_floor_spawned":[3,4,10,14,18,21,25,28],"killed_by":"Gremlin Leader","ascension_level":9}}