{"host":"brkn0qpuc0c8alxr","time":1613372213,"event":{"mods":["BaseMod","Colored Map","Highlight Path","Minty Spire (QoL Compilation)","StSLib"],"gold_per_floor":[12,12,87,87,111,147,163,198,198,198,218,258,258,105,105,225,225,241,262,262,162,186,222,236,269,269,307,113,149,190,190,190,316,316,341,441,145,193,213,246,309,348,348,388,449,465,508,59,59,59],"floor_reached":51,"language":"ENG","playtime":5241,"items_purged":["Defend_R","Strike_R","Anger","Reckless Charge+1","Clash"],"score":1285,"play_id":"51df304d-ec7b-40cb-a9f7-672b4d402698","local_time":"20210215005653","is_ascension_mode":true,"campfire_choices":[{"data":"Armaments","floor":10,"key":"SMITH"},{"data":"Seeing Red","floor":13,"key":"SMITH"},{"floor":15,"key":"REST"},{"data":"Searing Blow","floor":32,"key":"SMITH"},{"floor":49,"key":"REST"}],"circlet_count":0,"master_deck":["Strike_R","Bash","Seeing Red+1","Armaments+1","Rage","Cleave","Rage","Battle Trance","Demon Form","Offering+1","Bludgeon+1","Clash","Metallicize+1","Searing Blow+1","Fiend Fire","Body Slam+1","Barricade+1","Spot Weakness+1","Sever Soul","Inflame+1"],"relics":["Burning Blood","Golden Idol","Gremlin Horn","Incense Burner","Ice Cream","Gambling Chip","Astrolabe","PreservedInsect","Frozen Egg 2","Centennial Puzzle","WingedGreaves","HornCleat","Bronze Scales","Darkstone Periapt","Enchiridion","Fusion Hammer","Nunchaku","Vajra","Juzu Bracelet","FossilizedHelix","Mummified Hand","Regal Pillow","Charon\u0027s Ashes","Thread and Needle","Ancient Tea Set","Happy Flower"],"acts_visited":["Exordium","TheCity","TheBeyond"],"potions_floor_usage":[12,32,42,50],"damage_taken":[{"damage":6,"enemies":"Cultist","floor":1,"turns":3},{"damage":0,"enemies":"2 Louse","floor":5,"turns":3},{"damage":33,"enemies":"Gremlin Nob","floor":6,"turns":5},{"damage":0,"enemies":"Small Slimes","floor":7,"turns":3},{"damage":21,"enemies":"Lagavulin","floor":8,"turns":9},{"damage":8,"enemies":"Red Slaver","floor":11,"turns":5},{"damage":0,"enemies":"3 Sentries","floor":12,"turns":8},{"damage":11,"enemies":"Hexaghost","floor":16,"turns":8},{"damage":6,"enemies":"3 Byrds","floor":18,"turns":3},{"damage":6,"enemies":"Spheric Guardian","floor":19,"turns":2},{"damage":21,"enemies":"Snecko","floor":22,"turns":3},{"damage":1,"enemies":"Slavers","floor":23,"turns":2},{"damage":6,"enemies":"Cultist and Chosen","floor":24,"turns":4},{"damage":1,"enemies":"Gremlin Leader","floor":25,"turns":2},{"damage":17,"enemies":"Book of Stabbing","floor":27,"turns":3},{"damage":26,"enemies":"Slavers","floor":29,"turns":4},{"damage":6,"enemies":"Gremlin Leader","floor":30,"turns":3},{"damage":6,"enemies":"Champ","floor":33,"turns":7},{"damage":7,"enemies":"Orb Walker","floor":35,"turns":2},{"damage":6,"enemies":"3 Shapes","floor":39,"turns":1},{"damage":6,"enemies":"Giant Head","floor":40,"turns":2},{"damage":7,"enemies":"Mind Bloom Boss Battle","floor":41,"turns":3},{"damage":0,"enemies":"Nemesis","floor":42,"turns":3},{"damage":2,"enemies":"Giant Head","floor":44,"turns":3},{"damage":0,"enemies":"2 Orb Walkers","floor":45,"turns":2},{"damage":0,"enemies":"Maw","floor":46,"turns":6},{"damage":3,"enemies":"Reptomancer","floor":47,"turns":4},{"damage":10,"enemies":"Awakened One","floor":50,"turns":6}],"seed_played":"-6823665670987851383","potions_obtained":[{"floor":6,"key":"PowerPotion"},{"floor":12,"key":"Fire Potion"},{"floor":16,"key":"ElixirPotion"},{"floor":22,"key":"BloodPotion"},{"floor":25,"key":"ColorlessPotion"},{"floor":33,"key":"Swift Potion"},{"floor":42,"key":"GamblersBrew"}],"is_trial":false,"path_per_floor":["M","?","?","?","M","E","M","E","T","R","M","E","R","$","R","B",null,"M","M","?","$","M","E","M","E","T","E","$","E","E","?","R","B",null,"M","?","$","T","M","E","?","E","T","E","?","M","E","$","R","B",null],"character_chosen":"IRONCLAD","items_purchased":["Battle Trance","Metallicize+1","Nunchaku","Inflame+1","Happy Flower","PowerPotion"],"campfire_rested":2,"item_purchase_floors":[14,28,37,48,48,48],"current_hp_per_floor":[80,60,49,49,55,28,34,19,19,19,17,23,23,23,47,42,80,80,80,80,80,65,70,70,75,75,64,64,44,44,28,44,44,80,79,79,79,79,79,79,78,80,80,80,80,80,80,80,80,76],"gold":59,"neow_bonus":"REMOVE_TWO","is_daily":false,"chose_seed":false,"campfire_upgraded":3,"win_rate":0.0,"timestamp":1613372213,"path_taken":["M","?","?","?","M","E","M","E","T","R","M","E","R","$","R","BOSS","M","M","?","$","?","E","M","E","T","E","$","E","E","?","R","BOSS","M","?","$","?","?","E","?","E","T","E","?","M","E","$","R","BOSS"],"items_purchased_type":["Card","Card","Relic","Card","Relic","Potion"],"build_version":"2020-12-22","purchased_purges":5,"victory":true,"max_hp_per_floor":[80,80,80,80,80,80,80,80,80,80,80,80,80,80,80,80,80,80,80,80,80,80,80,80,80,80,80,80,80,80,80,80,80,80,80,80,80,80,80,80,80,80,80,80,80,80,80,80,80,80],"card_choices":[{"not_picked":["Perfected Strike","Body Slam"],"picked":"Seeing Red","floor":1},{"not_picked":["Clash","Headbutt"],"picked":"Armaments","floor":5},{"not_picked":["Rage","Dark Embrace","Uppercut"],"picked":"SKIP","floor":6},{"not_picked":["Dark Embrace","Uppercut"],"picked":"Rage","floor":6},{"not_picked":["Armaments","Warcry"],"picked":"Cleave","floor":7},{"not_picked":["Wild Strike","Berserk"],"picked":"Anger","floor":8},{"not_picked":["Disarm","Twin Strike","Heavy Blade"],"picked":"SKIP","floor":11},{"not_picked":["Thunderclap","True Grit"],"picked":"Rage","floor":12},{"not_picked":["Reaper","Offering"],"picked":"Demon Form","floor":16},{"not_picked":["Warcry","Intimidate","Shrug It Off+1"],"picked":"SKIP","floor":18},{"not_picked":["Sword Boomerang","Heavy Blade"],"picked":"Clash","floor":19},{"not_picked":["Armaments","Shrug It Off"],"picked":"Clash","floor":22},{"not_picked":["Iron Wave+1","Reckless Charge","Body Slam"],"picked":"SKIP","floor":23},{"not_picked":["Cleave+1","Twin Strike","Flex"],"picked":"SKIP","floor":24},{"not_picked":["Double Tap","Warcry","Rupture+1"],"picked":"SKIP","floor":25},{"not_picked":["Double Tap","Warcry","Rupture+1"],"picked":"SKIP","floor":25},{"not_picked":["Headbutt","Power Through"],"picked":"Searing Blow","floor":29},{"not_picked":["True Grit","Entrench","Body Slam"],"picked":"SKIP","floor":30},{"not_picked":["Limit Break","Immolate"],"picked":"Fiend Fire","floor":33},{"not_picked":["Wild Strike+1","Heavy Blade"],"picked":"Body Slam+1","floor":35},{"not_picked":["Heavy Blade","Power Through+1","Feel No Pain+1"],"picked":"SKIP","floor":39},{"not_picked":["Anger+1","Clothesline","Perfected Strike+1"],"picked":"SKIP","floor":40},{"not_picked":["Impervious","Searing Blow"],"picked":"Barricade+1","floor":42},{"not_picked":["Thunderclap+1","Sword Boomerang"],"picked":"Spot Weakness+1","floor":44},{"not_picked":["Anger+1","Flex"],"picked":"Sever Soul","floor":45},{"not_picked":["Thunderclap+1","Clothesline+1","Shrug It Off+1"],"picked":"SKIP","floor":46},{"not_picked":["Burning Pact","Inflame+1","Body Slam+1"],"picked":"SKIP","floor":47}],"player_experience":30815,"relics_obtained":[{"floor":6,"key":"Gremlin Horn"},{"floor":8,"key":"Incense Burner"},{"floor":9,"key":"Ice Cream"},{"floor":12,"key":"Gambling Chip"},{"floor":23,"key":"Frozen Egg 2"},{"floor":25,"key":"Centennial Puzzle"},{"floor":26,"key":"WingedGreaves"},{"floor":27,"key":"HornCleat"},{"floor":29,"key":"Bronze Scales"},{"floor":30,"key":"Darkstone Periapt"},{"floor":31,"key":"Enchiridion"},{"floor":38,"key":"Vajra"},{"floor":40,"key":"Juzu Bracelet"},{"floor":41,"key":"FossilizedHelix"},{"floor":42,"key":"Mummified Hand"},{"floor":43,"key":"Regal Pillow"},{"floor":44,"key":"Charon\u0027s Ashes"},{"floor":45,"key":"Thread and Needle"},{"floor":47,"key":"Ancient Tea Set"}],"event_choices":[{"damage_healed":0,"gold_gain":0,"player_choice":"Take Damage","damage_taken":20,"relics_obtained":["Golden Idol"],"max_hp_gain":0,"max_hp_loss":0,"event_name":"Golden Idol","floor":2,"gold_loss":0},{"damage_healed":0,"gold_gain":75,"player_choice":"Gather Gold","damage_taken":11,"max_hp_gain":0,"max_hp_loss":0,"event_name":"World of Goop","floor":3,"gold_loss":0},{"cards_removed":["Strike_R"],"damage_healed":0,"gold_gain":0,"player_choice":"Forget","damage_taken":0,"max_hp_gain":0,"max_hp_loss":0,"event_name":"Living Wall","floor":4,"gold_loss":0},{"damage_healed":0,"gold_gain":0,"player_choice":"Gave Potion","damage_taken":0,"relics_obtained":["PreservedInsect"],"max_hp_gain":0,"max_hp_loss":0,"event_name":"WeMeetAgain","floor":20,"gold_loss":0},{"damage_healed":0,"gold_gain":0,"player_choice":"Obtained Book","damage_taken":16,"max_hp_gain":0,"max_hp_loss":0,"event_name":"Cursed Tome","floor":31,"gold_loss":0},{"damage_healed":0,"gold_gain":100,"player_choice":"Pray","damage_taken":0,"max_hp_gain":0,"max_hp_loss":0,"event_name":"Golden Shrine","floor":36,"gold_loss":0},{"damage_healed":0,"gold_gain":0,"player_choice":"Fight","damage_taken":0,"max_hp_gain":0,"max_hp_loss":0,"event_name":"MindBloom","floor":41,"gold_loss":0},{"damage_healed":0,"gold_gain":0,"player_choice":"Fight","damage_taken":0,"max_hp_gain":0,"max_hp_loss":0,"event_name":"Mysterious Sphere","floor":45,"gold_loss":0}],"is_beta":false,"boss_relics":[{"not_picked":["Cursed Key","Coffee Dripper"],"picked":"Astrolabe"},{"not_picked":["Velvet Choker","SlaversCollar"],"picked":"Fusion Hammer"}],"items_purged_floors":[14,21,28,37,48],"is_endless":false,"potions_floor_spawned":[6,12,16,22,25,29,33,39,40,42,46],"ascension_level":1}}