{"host":"Tuck","time":1613382792,"event":{"mods":["BaseMod","Minty Spire (QoL Compilation)","StSLib"],"gold_per_floor":[118,128,128,128,128,128,162,162,162,187,208,230,249,274,274,381,381,396,396,405,405,424,424,460,476,476,391,435,448,482,494,506,630,642,665,677,689,720,732,744,790,802,838,889,901,946,659,670,670,670,670,670,328,354,354],"floor_reached":56,"language":"ENG","playtime":3246,"items_purged":[],"score":1772,"play_id":"db3a197b-71fe-48bd-bdd7-7f3c4435e683","local_time":"20210215025312","is_ascension_mode":true,"campfire_choices":[{"data":"Recycle","floor":6,"key":"SMITH"},{"data":"Coolheaded","floor":15,"key":"SMITH"},{"data":"Electrodynamics","floor":23,"key":"SMITH"},{"data":"Loop","floor":32,"key":"SMITH"},{"data":"Consume","floor":40,"key":"SMITH"},{"data":"White Noise","floor":42,"key":"SMITH"},{"data":"Creative AI","floor":45,"key":"SMITH"},{"data":"Hologram","floor":49,"key":"SMITH"},{"data":"Conserve Battery","floor":52,"key":"SMITH"}],"circlet_count":0,"master_deck":["Zap+1","Dualcast","Machine Learning+1","Recycle+1","Sunder+1","Sweeping Beam","Cold Snap","Conserve Battery+1","FTL+1","Coolheaded+1","Glacier","Electrodynamics+1","Hologram+1","Ball Lightning+1","Loop+1","Consume+1","Echo Form","White Noise+1","Creative AI+1","Defragment+1"],"relics":["Pandora\u0027s Box","Thread and Needle","Oddly Smooth Stone","CeramicFish","Pear","StoneCalendar","Coffee Dripper","WarpedTongs","Bird Faced Urn","Sundial","Centennial Puzzle","Bag of Preparation","MawBank","Nuclear Battery","Ancient Tea Set","Anchor","Bottled Tornado","Potion Belt","Membership Card","Whetstone","Pen Nib","Ice Cream","Runic Capacitor","Nunchaku","Turnip"],"acts_visited":["Exordium","TheCity","TheBeyond","TheEnding"],"potions_floor_usage":[28,55,55],"damage_taken":[{"damage":0,"enemies":"Small Slimes","floor":1,"turns":3},{"damage":0,"enemies":"2 Louse","floor":2,"turns":2},{"damage":6,"enemies":"Gremlin Nob","floor":7,"turns":4},{"damage":0,"enemies":"Lagavulin","floor":10,"turns":6},{"damage":0,"enemies":"Jaw Worm","floor":11,"turns":2},{"damage":0,"enemies":"Looter","floor":12,"turns":3},{"damage":0,"enemies":"Exordium Wildlife","floor":13,"turns":3},{"damage":0,"enemies":"3 Sentries","floor":14,"turns":2},{"damage":4,"enemies":"Hexaghost","floor":16,"turns":10},{"damage":0,"enemies":"3 Byrds","floor":18,"turns":2},{"damage":0,"enemies":"Chosen","floor":22,"turns":4},{"damage":0,"enemies":"Gremlin Leader","floor":24,"turns":4},{"damage":0,"enemies":"Centurion and Healer","floor":25,"turns":5},{"damage":0,"enemies":"Book of Stabbing","floor":28,"turns":4},{"damage":0,"enemies":"Snake Plant","floor":29,"turns":4},{"damage":0,"enemies":"Slavers","floor":30,"turns":3},{"damage":0,"enemies":"Automaton","floor":33,"turns":8},{"damage":0,"enemies":"Orb Walker","floor":35,"turns":4},{"damage":0,"enemies":"3 Shapes","floor":38,"turns":3},{"damage":0,"enemies":"Reptomancer","floor":41,"turns":5},{"damage":0,"enemies":"Nemesis","floor":44,"turns":7},{"damage":0,"enemies":"Reptomancer","floor":46,"turns":5},{"damage":0,"enemies":"Jaw Worm Horde","floor":48,"turns":3},{"damage":2,"enemies":"Awakened One","floor":50,"turns":10},{"damage":0,"enemies":"Shield and Spear","floor":54,"turns":2},{"damage":23,"enemies":"The Heart","floor":55,"turns":11}],"seed_played":"-1752415965310666700","potions_obtained":[{"floor":10,"key":"FocusPotion"},{"floor":11,"key":"Energy Potion"},{"floor":12,"key":"Explosive Potion"},{"floor":35,"key":"SpeedPotion"},{"floor":46,"key":"SkillPotion"}],"is_trial":false,"path_per_floor":["M","M","?","?","?","R","E","?","T","E","M","M","M","E","R","B",null,"M","?","?","?","M","R","E","M","T","?","E","M","E","?","R","B",null,"M","$","?","M","?","R","E","R","T","E","R","E","$","M","R","B",null,"R","$","E","B",null],"character_chosen":"DEFECT","items_purchased":["Membership Card","Whetstone","Pen Nib","Ice Cream","Runic Capacitor","Nunchaku","Ancient Potion"],"campfire_rested":0,"item_purchase_floors":[47,47,47,53,53,53,53],"current_hp_per_floor":[75,75,63,63,56,56,50,35,35,45,45,45,45,45,45,41,85,85,85,85,85,85,85,85,85,85,85,85,85,85,85,85,85,85,85,85,85,85,81,81,81,81,81,81,81,81,81,81,81,81,81,81,81,81,81],"gold":354,"neow_bonus":"BOSS_RELIC","is_daily":false,"chose_seed":false,"campfire_upgraded":9,"win_rate":0.0,"timestamp":1613382792,"path_taken":["M","M","?","?","?","R","E","?","T","E","M","?","M","E","R","BOSS","M","?","?","?","M","R","E","?","T","?","E","M","E","?","R","BOSS","M","$","?","M","?","R","E","R","T","E","R","E","?","M","R","BOSS","R","$","E","BOSS"],"items_purchased_type":["Relic","Relic","Relic","Relic","Relic","Relic","Potion"],"build_version":"2020-12-18","purchased_purges":0,"victory":true,"max_hp_per_floor":[75,75,75,75,75,75,75,75,75,85,85,85,85,85,85,85,85,85,85,85,85,85,85,85,85,85,85,85,85,85,85,85,85,85,85,85,85,85,81,81,81,81,81,81,81,81,81,81,81,81,81,81,81,81,81],"card_choices":[{"not_picked":["Hologram","Redo"],"picked":"Conserve Battery","floor":1},{"not_picked":["Gash","Rip and Tear","Blizzard"],"picked":"SKIP","floor":2},{"not_picked":["Gash","Rip and Tear","Blizzard"],"picked":"SKIP","floor":2},{"not_picked":["Streamline","Recycle"],"picked":"FTL","floor":7},{"not_picked":["Auto Shields","Redo","Tempest"],"picked":"SKIP","floor":10},{"not_picked":["Auto Shields","Hologram"],"picked":"Coolheaded","floor":11},{"not_picked":["Self Repair","Sweeping Beam"],"picked":"Glacier","floor":12},{"not_picked":["Cold Snap","Redo","Beam Cell"],"picked":"SKIP","floor":13},{"not_picked":["Rebound","Chaos","Turbo"],"picked":"SKIP","floor":14},{"not_picked":["Meteor Strike","Seek"],"picked":"Electrodynamics","floor":16},{"not_picked":["Stack+1","Auto Shields","Go for the Eyes"],"picked":"SKIP","floor":18},{"not_picked":["Gash+1","Streamline"],"picked":"Ball Lightning","floor":22},{"not_picked":["Aggregate","Conserve Battery"],"picked":"Loop","floor":24},{"not_picked":["Rebound","Turbo","Hologram"],"picked":"SKIP","floor":25},{"not_picked":["Hello World+1","Compile Driver"],"picked":"Consume","floor":28},{"not_picked":["Compile Driver+1","Doom and Gloom","Sunder"],"picked":"SKIP","floor":29},{"not_picked":["Cold Snap","Rebound","Meteor Strike"],"picked":"SKIP","floor":30},{"not_picked":["Core Surge","Multi-Cast"],"picked":"Echo Form","floor":33},{"not_picked":["Hello World","Auto Shields+1","Consume+1"],"picked":"SKIP","floor":35},{"not_picked":["Stack+1","Leap"],"picked":"White Noise","floor":38},{"not_picked":["Go for the Eyes+1","Rip and Tear"],"picked":"Creative AI","floor":41},{"not_picked":["Hologram+1","Leap+1"],"picked":"Defragment+1","floor":44},{"not_picked":["Streamline+1","Compile Driver+1","Cold Snap"],"picked":"SKIP","floor":46},{"not_picked":["Aggregate+1","Compile Driver+1","Redo"],"picked":"SKIP","floor":48},{"not_picked":["Redo","Chaos+1","Leap+1"],"picked":"SKIP","floor":54}],"player_experience":2404188,"relics_obtained":[{"floor":7,"key":"Oddly Smooth Stone"},{"floor":9,"key":"CeramicFish"},{"floor":10,"key":"Pear"},{"floor":14,"key":"StoneCalendar"},{"floor":24,"key":"Bird Faced Urn"},{"floor":26,"key":"Sundial"},{"floor":28,"key":"Bag of Preparation"},{"floor":30,"key":"MawBank"},{"floor":41,"key":"Ancient Tea Set"},{"floor":43,"key":"Anchor"},{"floor":44,"key":"Bottled Tornado"},{"floor":46,"key":"Potion Belt"},{"floor":54,"key":"Turnip"}],"event_choices":[{"damage_healed":0,"gold_gain":0,"player_choice":"Success","damage_taken":12,"relics_obtained":["Dead Branch"],"max_hp_gain":0,"max_hp_loss":0,"event_name":"Scrap Ooze","floor":3,"gold_loss":0},{"damage_healed":0,"gold_gain":0,"player_choice":"Grow","damage_taken":0,"max_hp_gain":0,"max_hp_loss":0,"event_name":"Living Wall","floor":4,"gold_loss":0,"cards_upgraded":["Sunder"]},{"cards_removed":["Redo"],"damage_healed":0,"gold_gain":0,"player_choice":"Card Removal","damage_taken":7,"max_hp_gain":0,"max_hp_loss":0,"event_name":"Golden Wing","floor":5,"gold_loss":0},{"damage_healed":0,"gold_gain":0,"player_choice":"Entered Light","damage_taken":15,"max_hp_gain":0,"max_hp_loss":0,"event_name":"Shining Light","floor":8,"gold_loss":0,"cards_upgraded":["Zap","Machine Learning"]},{"damage_healed":0,"gold_gain":0,"player_choice":"Ignored","damage_taken":0,"max_hp_gain":0,"max_hp_loss":0,"event_name":"Vampires","floor":19,"gold_loss":0},{"damage_healed":0,"gold_gain":0,"player_choice":"Read","damage_taken":0,"max_hp_gain":0,"max_hp_loss":0,"event_name":"The Library","floor":20,"gold_loss":0,"cards_obtained":["Hologram"]},{"damage_healed":0,"gold_gain":0,"player_choice":"Trade","damage_taken":0,"relics_obtained":["NlothsMask"],"max_hp_gain":0,"max_hp_loss":0,"event_name":"FaceTrader","floor":21,"gold_loss":0},{"damage_healed":0,"gold_gain":0,"player_choice":"Obtained Relic","damage_taken":0,"relics_obtained":["Centennial Puzzle"],"max_hp_gain":0,"max_hp_loss":0,"event_name":"Addict","floor":27,"gold_loss":85},{"cards_removed":["Auto Shields"],"damage_healed":0,"gold_gain":0,"player_choice":"Elegance","damage_taken":0,"max_hp_gain":0,"max_hp_loss":0,"event_name":"Back to Basics","floor":31,"gold_loss":0},{"cards_removed":["Cold Snap"],"damage_healed":0,"gold_gain":0,"player_choice":"Removed Attack","damage_taken":0,"max_hp_gain":0,"max_hp_loss":0,"event_name":"Falling","floor":37,"gold_loss":0},{"damage_healed":0,"gold_gain":0,"player_choice":"Max HP","damage_taken":0,"max_hp_gain":0,"max_hp_loss":4,"event_name":"Winding Halls","floor":39,"gold_loss":0}],"is_beta":true,"boss_relics":[{"not_picked":["SacredBark","Philosopher\u0027s Stone"],"picked":"Coffee Dripper"},{"not_picked":["Sozu","Cursed Key"],"picked":"Nuclear Battery"}],"items_purged_floors":[],"is_endless":false,"potions_floor_spawned":[10,11,12,14,16,18,22,24,35,44,46],"ascension_level":1}}