{"host":"050ensmz1fh1c58u","time":1613394389,"event":{"mods":["BaseMod","Downfall","Gremlin Mod","Minty Spire (QoL Compilation)","READ ME - Guardian Mod","StSLib","The Animator","The Bug Knight","The Cursed","The Disciple","The Servant 0.9.4"],"gold_per_floor":[99,111,128,146,146,174,174,74,74,99,114,147,147,167,183,288,288,288,305,321,87,87,87,87,116,150,161,178,210,224,256,269,373,373,273,286,298,298,371,385,438,653,680,699,730,152,52,83,98,98,98,128,128,128,128,128],"floor_reached":57,"language":"ENG","playtime":7449,"items_purged":["PathToVictory","HollowMod:RecoilStrike","hexamod:NightmareStrike"],"score":1569,"play_id":"a840518d-5b94-4f52-bf49-e25e8f43fa2a","local_time":"20210215140629","daily_mods":["Draft","Diverse","DeadlyEvents","Elite Swarm"],"is_ascension_mode":false,"campfire_choices":[{"data":"Armaments","floor":1.0,"key":"SMITH"},{"floor":8.0,"key":"REST"},{"floor":13.0,"key":"REST"},{"floor":18.0,"key":"RECALL"},{"floor":35,"key":"REST"},{"floor":47,"key":"REST"},{"floor":54,"key":"REST"}],"circlet_count":0,"master_deck":["Shrug It Off","animator:Mikaela","ThirdEye+1","Armaments+1","animator:Yoichi","TheCursedMod:RapidMovement","TheCursedMod:CursedBoomerang","Concentrate","animator:Tet","BowlingBash","BottledTime","Fire Breathing","animator:Elsword+1","Advance","Grand Finale","sneckomod:Rotation","All For One","animator:LizardPriest+1","Doppelganger+1"],"relics":["Guardian:ModeShifter","Nunchaku","downfall:HeartBlessingBlue","TungstenRod","Bottled Tornado","Fusion Hammer","ClockworkSouvenir","Toxic Egg 2","Sundial","hexamod:Sixitude","Ice Cream","Omamori","Busted Crown","downfall:HeartBlessingRed","Question Card","Regal Pillow","Pear","Bottled Flame","Bag of Preparation","CaptainsWheel","downfall:HeartBlessingGreen","Frozen Egg 2","Du-Vu Doll"],"acts_visited":["Exordium","TheCity","TheBeyond","TheEnding"],"potions_floor_usage":[20,37,43,44,45,45],"damage_taken":[{"damage":1.0,"enemies":"Small Slimes","floor":2.0,"turns":4.0},{"damage":0.0,"enemies":"2 Louse","floor":3.0,"turns":2.0},{"damage":4.0,"enemies":"Jaw Worm","floor":4.0,"turns":2.0},{"damage":20.0,"enemies":"HollowMod:MossKnight","floor":6.0,"turns":10.0},{"damage":19.0,"enemies":"Gremlin Nob","floor":10.0,"turns":5.0},{"damage":14.0,"enemies":"Exordium Thugs","floor":11.0,"turns":3.0},{"damage":0.0,"enemies":"HollowMod:MossKnight","floor":12.0,"turns":5.0},{"damage":0.0,"enemies":"2 Fungi Beasts","floor":14.0,"turns":2.0},{"damage":1.0,"enemies":"Blue Slaver","floor":15.0,"turns":3.0},{"damage":16.0,"enemies":"IC_STATUS_ARCHETYPE","floor":16.0,"turns":7.0},{"damage":3.0,"enemies":"3 Byrds","floor":19.0,"turns":4.0},{"damage":8,"enemies":"Chosen","floor":20,"turns":4},{"damage":5,"enemies":"downfall:FleeingMerchant","floor":21,"turns":4},{"damage":5,"enemies":"Book of Stabbing","floor":25,"turns":4},{"damage":19,"enemies":"Slavers","floor":26,"turns":5},{"damage":0,"enemies":"Centurion and Healer","floor":27,"turns":4},{"damage":0,"enemies":"Cultist and Chosen","floor":28,"turns":2},{"damage":0,"enemies":"Gremlin Leader","floor":29,"turns":4},{"damage":0,"enemies":"Shelled Parasite and Fungi","floor":30,"turns":3},{"damage":8,"enemies":"Book of Stabbing","floor":31,"turns":4},{"damage":6,"enemies":"Snake Plant","floor":32,"turns":3},{"damage":26,"enemies":"WA_ARCHETYPE_CALM","floor":33,"turns":7},{"damage":9,"enemies":"3 Shapes","floor":36,"turns":4},{"damage":0,"enemies":"3 Darklings","floor":37,"turns":4},{"damage":12,"enemies":"4 Shapes","floor":40,"turns":3},{"damage":4,"enemies":"downfall:FleeingMerchant","floor":42,"turns":4},{"damage":19,"enemies":"Nemesis","floor":43,"turns":7},{"damage":16,"enemies":"Writhing Mass","floor":44,"turns":3},{"damage":39,"enemies":"HollowMod:StalkingDevout","floor":45,"turns":5},{"damage":0,"enemies":"Nemesis","floor":48,"turns":3},{"damage":11,"enemies":"Maw","floor":49,"turns":6},{"damage":0,"enemies":"SI_POISON_ARCHETYPE","floor":50,"turns":7},{"damage":0,"enemies":"downfall:CharBossMerchant","floor":52,"turns":3},{"damage":6,"enemies":"downfall:NeowBoss","floor":55,"turns":11},{"damage":44,"enemies":"downfall:NeowBossFinal","floor":56,"turns":7}],"seed_played":"-7985078131373392145","potions_obtained":[{"floor":4.0,"key":"Guardian:StasisDiscoveryPotion"},{"floor":10.0,"key":"champ:CounterPotion"},{"floor":12.0,"key":"Dexterity Potion"},{"floor":14.0,"key":"DuplicationPotion"},{"floor":16.0,"key":"BlessingOfTheForge"},{"floor":19,"key":"ColorlessPotion"},{"floor":28,"key":"SteroidPotion"},{"floor":36,"key":"Swift Potion"},{"floor":37,"key":"ColorlessPotion"},{"floor":43,"key":"Fire Potion"},{"floor":44,"key":"GamblersBrew"}],"is_trial":true,"path_per_floor":["R","M","M","M","?","E","T","R","?","E","M","E","R","M","M","B",null,"R","M","M","$","?","?","T","E","E","M","M","E","M","E","M","B",null,"R","M","M","?","T","M","T","$","E","M","E","$","R","E","M","B",null,"E","$","R","B","B",null],"character_chosen":"GUARDIAN","items_purchased":["ClockworkSouvenir","Bag of Preparation","CaptainsWheel"],"campfire_rested":5,"item_purchase_floors":[21,46,46],"current_hp_per_floor":[80,79,79,75,59,39,39,76,81,62,48,48,76,76,75,59,95,95,92,84,79,95,95,95,90,71,71,71,71,71,63,57,31,95,95,86,86,86,86,74,74,70,61,45,6,6,52,52,41,41,105,105,105,105,99,55],"gold":128,"neow_bonus":"","is_daily":false,"chose_seed":false,"campfire_upgraded":1,"win_rate":0.0,"timestamp":1613394389,"path_taken":["R","M","M","M","?","E","T","R","?","E","M","E","R","?","M","BOSS","R","M","M","$","?","?","T","?","E","M","M","E","M","E","M","BOSS","R","M","M","?","?","M","T","$","?","?","E","$","R","E","M","BOSS","E","$","R","BOSS","BOSS"],"items_purchased_type":["Relic","Relic","Relic"],"build_version":"2020-12-22","purchased_purges":3,"victory":true,"max_hp_per_floor":[80,80,80,80,80,80,80,90,95,95,95,95,95,95,95,95,95,95,95,95,95,95,95,95,95,95,95,95,95,95,95,95,95,95,95,95,95,95,95,95,95,95,105,105,105,105,105,105,105,105,105,105,105,105,105,105],"card_choices":[{"not_picked":["animator:ElricAlphonse","champ:ViciousMockery"],"picked":"Shrug It Off","floor":0.0},{"not_picked":["BiteCommand","Barrage"],"picked":"animator:Mikaela","floor":0.0},{"not_picked":["Potential","animator:LizardPriest"],"picked":"ThirdEye","floor":0.0},{"not_picked":["Wild Strike","hexamod:SkipABeat"],"picked":"hexamod:NightmareStrike","floor":0.0},{"not_picked":["Unruled","hexamod:InspiringFlames"],"picked":"Armaments","floor":0.0},{"not_picked":["Gremlin:RageBreak","animator:Lu"],"picked":"animator:Yoichi","floor":0.0},{"not_picked":["sneckomod:UnknownClassSLIMEBOUND","Guardian:Gem_Purple"],"picked":"TheCursedMod:RapidMovement","floor":0.0},{"not_picked":["TheCursedMod:FleshFromBone","Halt"],"picked":"HollowMod:RecoilStrike","floor":0.0},{"not_picked":["animator:LizardPriest","Rewind"],"picked":"TheCursedMod:CursedBoomerang","floor":0.0},{"not_picked":["TheCursedMod:HellsGateOpen","Guardian:TemporalShield"],"picked":"Concentrate","floor":0.0},{"not_picked":["champ:EndlessRage","sneckomod:DiceCrush"],"picked":"animator:Tet","floor":0.0},{"not_picked":["Hologram","Chill"],"picked":"BowlingBash","floor":0.0},{"not_picked":["animator:GuildGirl","LockedWhetstone"],"picked":"BottledTime","floor":0.0},{"not_picked":["sneckomod:UnknownClassSLIMEBOUND","Recurrance"],"picked":"Fire Breathing","floor":0.0},{"not_picked":["hexamod:HeatMetal","Slimebound:SplitAcid"],"picked":"PathToVictory","floor":0.0},{"not_picked":["Gremlin:TwistTheKnife","Slimebound:LivingWall","hexamod:ShieldOfDarkness"],"picked":"SKIP","floor":2.0},{"not_picked":["TheCursedMod:SpitefulPray","Slimebound:Equalize"],"picked":"animator:Elsword","floor":3.0},{"not_picked":["Warcry","sneckomod:UnknownUncommonPower"],"picked":"Advance","floor":4.0},{"not_picked":["Glass Knife","Hyperbeam","champ:CheapShot"],"picked":"SKIP","floor":6.0},{"not_picked":["Wraith Form v2","TheCursedMod:ShockAndAwe"],"picked":"Grand Finale","floor":10.0},{"not_picked":["HollowMod:DoubleDash","Capacitor","hexamod:HeatShield"],"picked":"SKIP","floor":11.0},{"not_picked":["Slimebound:MinionMaster","champ:StrikeOfGenius","Guardian:RevengeProtocol"],"picked":"SKIP","floor":12.0},{"not_picked":["animator:Millim","TheCursedMod:Stigma","JustLucky"],"picked":"SKIP","floor":14.0},{"not_picked":["animator:KrulTepes","hexamod:BurningTouch","animator:Rider"],"picked":"SKIP","floor":15.0},{"not_picked":["HollowMod:VengefulVoid","Backlash+1","Guardian:DonusPower"],"picked":"SKIP","floor":19},{"not_picked":["SashWhip","animator:Tyuule"],"picked":"sneckomod:Rotation","floor":20},{"not_picked":["Adaptation","sneckomod:TrashToTreasure","Guardian:Incinerate+1"],"picked":"SKIP","floor":21},{"not_picked":["Slimebound:TagTeam","TheCursedMod:UltimatePain+1","Slimebound:MassFeed"],"picked":"SKIP","floor":25},{"not_picked":["SilverMatrix","Amplify+1","TheCursedMod:Neurasthenia+1"],"picked":"SKIP","floor":26},{"not_picked":["animator:Sonic+1","Gremlin:Jeer","Gremlin:FollowThrough+1"],"picked":"SKIP","floor":27},{"not_picked":["Clash","TheCursedMod:PrepareRite+1","Crescendo+1"],"picked":"SKIP","floor":28},{"not_picked":["champ:CheapShot","Wraith Form v2","Meteor Strike"],"picked":"SKIP","floor":29},{"not_picked":["animator:Cocytus","HollowMod:CloakDash+1","animator:KyokoSakura"],"picked":"SKIP","floor":30},{"not_picked":["Sunlight","hexamod:FifthSeal","Slimebound:DouseInSlime+1"],"picked":"SKIP","floor":31},{"not_picked":["HollowMod:SoulVessel","Predator","sneckomod:Nope+1"],"picked":"SKIP","floor":32},{"not_picked":["HollowMod:NewJinnsSoul+1"],"picked":"SKIP","floor":36},{"not_picked":["Gremlin:PinNeedle+1"],"picked":"SKIP","floor":37},{"not_picked":["hexamod:ThermalTransfer","sneckomod:UnknownClassPURPLE+1"],"picked":"SKIP","floor":40},{"not_picked":["animator:Cocytus+1","Guardian:ChargeCore+1"],"picked":"SKIP","floor":42},{"not_picked":["animator:Gilgamesh","Flay"],"picked":"SKIP","floor":43},{"not_picked":["TheCursedMod:HellsGateOpen+1","bronze:Iterate"],"picked":"SKIP","floor":44},{"not_picked":["Gremlin:ShowStopper"],"picked":"All For One","floor":45},{"not_picked":["animator:Greed+1","hexamod:SearingWound+1"],"picked":"SKIP","floor":48},{"not_picked":["champ:GutPunch"],"picked":"animator:LizardPriest+1","floor":49},{"not_picked":["bronze:FindAndReplace+1"],"picked":"Doppelganger+1","floor":52}],"player_experience":1628873,"relics_obtained":[{"floor":6.0,"key":"Nunchaku"},{"floor":10.0,"key":"TungstenRod"},{"floor":12.0,"key":"Bottled Tornado"},{"floor":24,"key":"Toxic Egg 2"},{"floor":25,"key":"Sundial"},{"floor":26,"key":"hexamod:Sixitude"},{"floor":29,"key":"Ice Cream"},{"floor":31,"key":"Omamori"},{"floor":39,"key":"Question Card"},{"floor":41,"key":"Regal Pillow"},{"floor":43,"key":"Pear"},{"floor":45,"key":"Bottled Flame"},{"floor":48,"key":"Frozen Egg 2"},{"floor":52,"key":"Du-Vu Doll"}],"event_choices":[{"damage_healed":0.0,"max_hp_gain":0.0,"max_hp_loss":0.0,"gold_gain":0.0,"event_name":"Shining Light","player_choice":"Entered Light","floor":5.0,"gold_loss":0.0,"damage_taken":16.0,"cards_upgraded":["ThirdEye","animator:Elsword"]},{"damage_healed":0.0,"max_hp_gain":5.0,"max_hp_loss":0.0,"gold_gain":0.0,"event_name":"Big Fish","player_choice":"Donut","floor":9.0,"gold_loss":0.0,"damage_taken":0.0},{"damage_healed":31,"gold_gain":0,"player_choice":"Heal","damage_taken":0,"max_hp_gain":0,"max_hp_loss":0,"event_name":"The Library","floor":22,"gold_loss":0},{"damage_healed":0,"gold_gain":0,"player_choice":"Ignored","damage_taken":0,"max_hp_gain":0,"max_hp_loss":0,"event_name":"NoteForYourself","floor":23,"gold_loss":0},{"damage_healed":0,"gold_gain":0,"player_choice":"Ignored","damage_taken":0,"max_hp_gain":0,"max_hp_loss":0,"event_name":"Mysterious Sphere","floor":38,"gold_loss":0}],"is_beta":false,"boss_relics":[{"not_picked":["SacredBark","SlaversCollar"],"picked":"Fusion Hammer"},{"not_picked":["Astrolabe","Philosopher\u0027s Stone"],"picked":"Busted Crown"}],"items_purged_floors":[21,42,46],"is_endless":false,"potions_floor_spawned":[4,10,12,14,15,16,19,28,29,30,31,36,37,43,44],"ascension_level":0}}