{"host":"0k7350af1t8odskw","time":1613430032,"event":{"mods":["AchievementEnabler","BaseMod","Better Vampires","BetterRewards","Colored Map","Downfall","Highlight Path","Hubris","Jorbs\u0027s Wanderer Trilogy","Lobotomy","Marisa£®ÏF”Í°°ƒß¿Ì…≥£©","Minty Spire (QoL Compilation)","Quick Restart","Replay The Spire","Shop Mod","StSLib","The Administrix","The Cursed","The Death Knight","The Runesmith","Youmu£®ªÍ∆«—˝√Œ£©"],"gold_per_floor":[19,19,29,44,63,63,83,83,83,83,102,119,133,133,133,235,235,254,220,220,180,198,198,216,229,229,229,243,243,263,263,263,362,362,372,372,392,238,258,258,277,277,302,345,370,396,408,0,12,24,24],"floor_reached":50,"language":"ZHS","playtime":2098,"items_purged":[],"score":594,"play_id":"9c99ebe3-9419-41ed-8903-11a1920ce583","local_time":"20210215150032","is_ascension_mode":true,"campfire_choices":[{"data":"Draining Mist","floor":6,"key":"SMITH"},{"data":"Crippling Poison","floor":8,"key":"SMITH"},{"data":"Bouncing Flask","floor":10,"key":"SMITH"},{"floor":15,"key":"REST"},{"data":"Prepared","floor":23,"key":"SMITH"},{"floor":27,"key":"REST"},{"floor":29,"key":"REST"},{"floor":32,"key":"REST"},{"floor":40,"key":"REST"},{"floor":42,"key":"REST"},{"floor":47,"key":"REST"},{"floor":49,"key":"REST"}],"circlet_count":0,"master_deck":["Strike_G","Strike_G","Strike_G+1","Strike_G","Strike_G","Defend_G+1","Defend_G+1","Defend_G","Defend_G+1","Defend_G","Survivor","Neutralize","Bouncing Flask+1","Crippling Poison+1","Draining Mist+1","Flying Knee+1","Backflip","Deadly Poison+1","Bullet Time","Deflect","Atom Bomb+1","Prepared+1","Leg Sweep+1","Quick Slash+1","Venomology","Flying Knee+1","ReplayTheSpireMod:Speed Training+1","Backstab","Die Die Die","Riddle With Holes+1","Poisoned Stab+1","Dodge and Roll+1","PiercingWail+1","Slice","Replay:Poison Smokescreen+1","Envenom+1"],"relics":["Ring of the Snake","hubris:AstralHammer","Potion Belt","Velvet Choker","Gremlin Food","SlaversCollar","hubris:HerbalPaste","MawBank","Bottled Lightning","Red Mask"],"acts_visited":["Exordium","TheCity","TheBeyond"],"potions_floor_usage":[16,25,25,28,30,33,33,33,41,44,44,44,46,46,50,50,50,50],"damage_taken":[{"damage":0,"enemies":"Cultist","floor":1,"turns":3},{"damage":8,"enemies":"Small Slimes","floor":3,"turns":5},{"damage":4,"enemies":"Jaw Worm","floor":4,"turns":5},{"damage":6,"enemies":"Looter","floor":5,"turns":3},{"damage":17,"enemies":"Lots of Slimes","floor":7,"turns":4},{"damage":5,"enemies":"2 Fungi Beasts","floor":11,"turns":4},{"damage":4,"enemies":"Gremlin Gang","floor":12,"turns":5},{"damage":17,"enemies":"Large Slime","floor":13,"turns":6},{"damage":16,"enemies":"Hexaghost","floor":16,"turns":7},{"damage":14,"enemies":"Shell Parasite","floor":18,"turns":4},{"damage":0,"enemies":"Spheric Guardian","floor":22,"turns":2},{"damage":8,"enemies":"Snecko","floor":24,"turns":3},{"damage":14,"enemies":"Centurion and Healer","floor":25,"turns":3},{"damage":0,"enemies":"Snake Plant","floor":28,"turns":1},{"damage":0,"enemies":"Sentry and Sphere","floor":30,"turns":2},{"damage":57,"enemies":"Collector","floor":33,"turns":7},{"damage":25,"enemies":"3 Shapes","floor":35,"turns":3},{"damage":6,"enemies":"3 Darklings","floor":37,"turns":4},{"damage":21,"enemies":"Jaw Worm Horde","floor":39,"turns":4},{"damage":26,"enemies":"Sphere and 2 Shapes","floor":41,"turns":5},{"damage":4,"enemies":"Reptomancer","floor":44,"turns":2},{"damage":11,"enemies":"4 Shapes","floor":45,"turns":6},{"damage":22,"enemies":"Spire Growth","floor":46,"turns":5},{"damage":95,"enemies":"Donu and Deca","floor":50,"turns":8}],"seed_played":"889988634496499581","potions_obtained":[{"floor":4,"key":"CunningPotion"},{"floor":7,"key":"CunningPotion"},{"floor":11,"key":"Elixir"},{"floor":13,"key":"FearPotion"},{"floor":24,"key":"ColorlessPotion"},{"floor":30,"key":"Fire Potion"},{"floor":35,"key":"FearPotion"},{"floor":41,"key":"bronze:BurnAndBuffPotion"},{"floor":44,"key":"PowerPotion"}],"is_trial":false,"path_per_floor":["M","$","M","M","M","R","M","R","T","R","M","M","M","?","R","B",null,"M","$","?","?","M","R","M","M","T","R","M","R","M","?","R","B",null,"M","?","M","$","M","R","M","R","T","E","M","M","R","?","R","B"],"character_chosen":"THE_SILENT","items_purchased":["Leg Sweep","hubris:HerbalPaste"],"campfire_rested":8,"item_purchase_floors":[19,38],"current_hp_per_floor":[70,70,62,58,52,52,35,35,35,35,30,26,9,9,30,14,70,56,56,35,35,35,35,27,13,13,34,34,55,55,55,70,13,70,45,45,39,39,24,45,25,46,46,47,42,26,47,47,68,0,0],"gold":24,"neow_bonus":"ONE_RARE_RELIC","is_daily":false,"chose_seed":false,"campfire_upgraded":4,"win_rate":0.0,"timestamp":1613430032,"path_taken":["M","$","?","M","M","R","M","R","T","R","M","M","M","?","R","BOSS","M","$","?","?","M","R","M","M","T","R","?","R","M","?","R","BOSS","M","?","?","$","M","R","M","R","T","E","M","M","R","?","R","BOSS"],"items_purchased_type":["Card","Relic"],"build_version":"2020-12-22","purchased_purges":0,"victory":false,"max_hp_per_floor":[70,70,70,70,70,70,70,70,70,70,70,70,70,70,70,70,70,70,70,70,70,70,70,70,70,70,70,70,70,70,70,70,70,70,70,70,70,70,70,70,70,70,70,70,70,70,70,70,70,70,70],"card_choices":[{"not_picked":["Prepared","Reflex"],"picked":"Bouncing Flask","floor":1},{"not_picked":["Blade Dance","Cloak And Dagger"],"picked":"Crippling Poison","floor":3},{"not_picked":["Underhanded Strike","Backflip"],"picked":"Draining Mist","floor":4},{"not_picked":["Sneak Up","Prepared"],"picked":"Flying Knee","floor":5},{"not_picked":["Cloak And Dagger","Hidden Blade"],"picked":"Backflip","floor":7},{"not_picked":["hubris:Sniper","Bane"],"picked":"Deadly Poison","floor":11},{"not_picked":["Bouncing Flask","Poisoned Stab"],"picked":"Bullet Time","floor":12},{"not_picked":["Blur","Predator"],"picked":"Deflect","floor":13},{"not_picked":["Malaise","A Thousand Cuts"],"picked":"Atom Bomb","floor":16},{"not_picked":["Slice","Expertise+1"],"picked":"Prepared","floor":18},{"not_picked":["Tactician","Bane"],"picked":"Quick Slash","floor":22},{"not_picked":["Deflect","Acrobatics+1"],"picked":"Venomology","floor":24},{"not_picked":["Underhanded Strike","Tactician+1"],"picked":"Flying Knee","floor":25},{"not_picked":["Caltrops","Blade Dance"],"picked":"ReplayTheSpireMod:Speed Training","floor":28},{"not_picked":["Blade Dance","Tactician"],"picked":"Backstab","floor":30},{"not_picked":["Malaise","Phantasmal Killer"],"picked":"Die Die Die","floor":33},{"not_picked":["Well Laid Plans+1","Dagger Throw"],"picked":"Riddle With Holes+1","floor":35},{"not_picked":["Concentrate+1","hubris:TrickCloak"],"picked":"Poisoned Stab+1","floor":37},{"not_picked":["hubris:SlightOfHand","Prepared"],"picked":"Dodge and Roll+1","floor":39},{"not_picked":["hubris:SlightOfHand+1","Blade Dance+1"],"picked":"PiercingWail+1","floor":41},{"not_picked":["Underhanded Strike","Escape Plan"],"picked":"Slice","floor":44},{"not_picked":["Finisher","Poisoned Stab+1"],"picked":"Replay:Poison Smokescreen+1","floor":45},{"not_picked":["Dagger Throw","Underhanded Strike"],"picked":"Envenom","floor":46}],"player_experience":158536,"relics_obtained":[{"floor":9,"key":"Potion Belt"},{"floor":26,"key":"Gremlin Food"},{"floor":43,"key":"MawBank"},{"floor":44,"key":"Bottled Lightning"}],"event_choices":[{"damage_healed":0,"gold_gain":0,"player_choice":"Searched \u00270\u0027 times","damage_taken":0,"max_hp_gain":0,"max_hp_loss":0,"event_name":"Dead Adventurer","floor":14,"gold_loss":0},{"damage_healed":0,"gold_gain":0,"player_choice":"Upgraded Two","damage_taken":0,"max_hp_gain":0,"max_hp_loss":0,"event_name":"Designer","floor":21,"gold_loss":40,"cards_upgraded":["Defend_G","Defend_G"]},{"damage_healed":0,"gold_gain":0,"player_choice":"Ignored","damage_taken":0,"max_hp_gain":0,"max_hp_loss":0,"event_name":"SecretPortal","floor":36,"gold_loss":0},{"damage_healed":0,"gold_gain":0,"player_choice":"Paid","damage_taken":0,"relics_obtained":["Red Mask"],"max_hp_gain":0,"max_hp_loss":0,"event_name":"Tomb of Lord Red Mask","floor":48,"gold_loss":420}],"is_beta":false,"boss_relics":[{"not_picked":["Runesmith:UraniumAnvil","WristBlade"],"picked":"Velvet Choker"},{"not_picked":["ChewingGum","Coffee Dripper"],"picked":"SlaversCollar"}],"items_purged_floors":[],"is_endless":false,"potions_floor_spawned":[4,7,11,13,24,30,35,41,44],"killed_by":"Donu and Deca","ascension_level":3}}