{"host":"vlqej45p0v31lhdi","time":1613363932,"event":{"mods":["AchievementEnabler","BaseMod","Bestiary","Colored Powertips","Minty Spire (QoL Compilation)","Relic Stats"],"gold_per_floor":[362,362,362,41,65,65,98,111,111,136,180,145,145,168,168,264,264,283,283,16,40,73,107,134,134,157,201,224,249,299,317,317,317,317],"floor_reached":33,"language":"ENG","playtime":2132,"items_purged":["Injury"],"score":520,"play_id":"cdc2fe4c-0f10-44aa-8248-63bf9b407015","local_time":"20210214223852","is_ascension_mode":true,"campfire_choices":[{"data":"Armaments","floor":6.0,"key":"SMITH"},{"data":"True Grit","floor":13.0,"key":"SMITH"},{"data":"Flame Barrier","floor":15.0,"key":"SMITH"},{"floor":25.0,"key":"REST"},{"floor":32,"key":"REST"}],"circlet_count":0,"master_deck":["AscendersBane","Strike_R","Strike_R","Strike_R","Strike_R","Defend_R","Defend_R","Defend_R","Defend_R","Bash","Uppercut","Armaments+1","Pummel","Flame Barrier+1","Flame Barrier","True Grit+1","Combust+1","Evolve+1","Immolate","Metallicize+1","Shrug It Off","Dual Wield","Cleave+1","Ghostly Armor","Disarm+1","Spot Weakness+1","Dual Wield"],"relics":["Burning Blood","Golden Idol","FaceOfCleric","Orichalcum","Pear","Frozen Egg 2","Akabeko","Philosopher\u0027s Stone","CeramicFish","Shovel","Centennial Puzzle","Anchor","Red Mask"],"acts_visited":["Exordium","TheCity"],"potions_floor_usage":[30,33,33],"damage_taken":[{"damage":18.0,"enemies":"Jaw Worm","floor":1.0,"turns":4.0},{"damage":3.0,"enemies":"Small Slimes","floor":5.0,"turns":4.0},{"damage":30.0,"enemies":"Lagavulin","floor":7.0,"turns":7.0},{"damage":9.0,"enemies":"Cultist","floor":8.0,"turns":5.0},{"damage":9.0,"enemies":"Blue Slaver","floor":10.0,"turns":5.0},{"damage":22.0,"enemies":"3 Sentries","floor":11.0,"turns":13.0},{"damage":5.0,"enemies":"2 Fungi Beasts","floor":14.0,"turns":3.0},{"damage":55.0,"enemies":"Hexaghost","floor":16.0,"turns":13.0},{"damage":29.0,"enemies":"2 Thieves","floor":18.0,"turns":4.0},{"damage":20.0,"enemies":"Spheric Guardian","floor":21.0,"turns":6.0},{"damage":0.0,"enemies":"Snecko","floor":22.0,"turns":6.0},{"damage":12.0,"enemies":"Slavers","floor":23.0,"turns":6.0},{"damage":22.0,"enemies":"Shelled Parasite and Fungi","floor":24.0,"turns":6.0},{"damage":18,"enemies":"Gremlin Leader","floor":27,"turns":9},{"damage":3,"enemies":"3 Cultists","floor":28,"turns":3},{"damage":16,"enemies":"Masked Bandits","floor":30,"turns":4},{"damage":17,"enemies":"Sentry and Sphere","floor":31,"turns":5},{"damage":64,"enemies":"Automaton","floor":33,"turns":6}],"seed_played":"1946655484687627439","potions_obtained":[{"floor":5.0,"key":"Block Potion"},{"floor":7.0,"key":"BloodPotion"},{"floor":10.0,"key":"AttackPotion"},{"floor":11.0,"key":"BlessingOfTheForge"},{"floor":24.0,"key":"Ancient Potion"},{"floor":30,"key":"Weak Potion"},{"floor":31,"key":"Regen Potion"}],"is_trial":false,"path_per_floor":["M","?","?","$","M","R","E","M","T","M","E","?","R","M","R","B",null,"M","?","$","M","M","E","M","R","T","E","M","T","?","M","R","B"],"character_chosen":"IRONCLAD","items_purchased":["Orichalcum","Armaments","Pummel","CeramicFish","Metallicize+1","Shrug It Off"],"campfire_rested":2,"item_purchase_floors":[4,4,4,20,20,20],"current_hp_per_floor":[56,56,56,56,60,60,47,45,45,59,44,64,64,66,66,18,68,46,46,46,33,40,35,20,47,47,36,40,40,31,21,49,0,0],"gold":317,"neow_bonus":"TWO_FIFTY_GOLD","is_daily":false,"chose_seed":false,"campfire_upgraded":3,"win_rate":0.0,"timestamp":1613363932,"path_taken":["M","?","?","$","M","R","E","?","T","M","E","?","R","M","R","BOSS","M","?","$","M","M","E","M","R","T","E","?","?","?","M","R","BOSS"],"items_purchased_type":["Relic","Card","Card","Relic","Card","Card"],"build_version":"2020-12-22","purchased_purges":1,"victory":false,"max_hp_per_floor":[68,68,68,68,69,69,80,81,81,82,83,83,83,84,84,85,85,86,86,86,87,88,89,90,90,90,91,92,92,93,94,94,94,94],"relic_stats":{"Centennial Puzzle":[15],"Shovel":0,"FaceOfCleric":16,"counters":[18,109],"Golden Idol":98,"CeramicFish":72,"Orichalcum":[120],"obtain_stats":[{"Pear":7,"Golden Idol":2,"CeramicFish":20,"Orichalcum":4,"Frozen Egg 2":9,"Burning Blood":0,"Akabeko":11,"Centennial Puzzle":26,"Anchor":27,"Shovel":23,"FaceOfCleric":3,"Philosopher\u0027s Stone":17,"Red Mask":30},{"Pear":3,"Golden Idol":1,"CeramicFish":9,"Orichalcum":1,"Frozen Egg 2":4,"Burning Blood":0,"Akabeko":6,"Centennial Puzzle":13,"Anchor":14,"Shovel":12,"FaceOfCleric":1,"Philosopher\u0027s Stone":8,"Red Mask":16},{"Pear":15,"Golden Idol":4,"CeramicFish":58,"Orichalcum":4,"Frozen Egg 2":20,"Burning Blood":0,"Akabeko":38,"Centennial Puzzle":82,"Anchor":91,"Shovel":76,"FaceOfCleric":4,"Philosopher\u0027s Stone":54,"Red Mask":98}],"Burning Blood":102},"card_choices":[{"not_picked":["Twin Strike","Iron Wave"],"picked":"Uppercut","floor":1.0},{"not_picked":["True Grit","Heavy Blade"],"picked":"Flame Barrier","floor":5.0},{"not_picked":["Dark Embrace","Sword Boomerang"],"picked":"Flame Barrier","floor":7.0},{"not_picked":["Flex","Shrug It Off","Armaments"],"picked":"SKIP","floor":8.0},{"not_picked":["Perfected Strike","Pummel"],"picked":"True Grit","floor":10.0},{"not_picked":["Wild Strike","Clash"],"picked":"Combust+1","floor":11.0},{"not_picked":["Clothesline","Body Slam"],"picked":"Evolve+1","floor":14.0},{"not_picked":["Feed","Berserk+1"],"picked":"Immolate","floor":16.0},{"not_picked":["Bloodletting","Havoc","Hemokinesis"],"picked":"SKIP","floor":18.0},{"not_picked":["Sword Boomerang","True Grit"],"picked":"Dual Wield","floor":21.0},{"not_picked":["Thunderclap","Sever Soul"],"picked":"Cleave+1","floor":22.0},{"not_picked":["Searing Blow","Armaments","Bludgeon"],"picked":"SKIP","floor":23.0},{"not_picked":["Body Slam","Clash"],"picked":"Ghostly Armor","floor":24.0},{"not_picked":["Wild Strike","Clothesline"],"picked":"Disarm+1","floor":27},{"not_picked":["Iron Wave","Searing Blow+1"],"picked":"Spot Weakness+1","floor":28},{"not_picked":["Spot Weakness","Sword Boomerang"],"picked":"Dual Wield","floor":30},{"not_picked":["Brutality+1","Havoc","Wild Strike"],"picked":"SKIP","floor":31}],"player_experience":2873616,"relics_obtained":[{"floor":7.0,"key":"Pear"},{"floor":9.0,"key":"Frozen Egg 2"},{"floor":11.0,"key":"Akabeko"},{"floor":23.0,"key":"Shovel"},{"floor":26.0,"key":"Centennial Puzzle"},{"floor":27,"key":"Anchor"},{"floor":30,"key":"Red Mask"}],"event_choices":[{"damage_healed":0.0,"max_hp_gain":0.0,"max_hp_loss":0.0,"gold_gain":0.0,"event_name":"Golden Idol","player_choice":"Take Wound","floor":2.0,"gold_loss":0.0,"damage_taken":0.0,"relics_obtained":["Golden Idol"],"cards_obtained":["Injury"]},{"damage_healed":0.0,"max_hp_gain":0.0,"max_hp_loss":0.0,"gold_gain":0.0,"event_name":"FaceTrader","player_choice":"Trade","floor":3.0,"gold_loss":0.0,"damage_taken":0.0,"relics_obtained":["FaceOfCleric"]},{"damage_healed":20.0,"max_hp_gain":0.0,"max_hp_loss":0.0,"gold_gain":0.0,"event_name":"The Cleric","player_choice":"Healed","floor":12.0,"gold_loss":35.0,"damage_taken":0.0},{"cards_removed":["Strike_R"],"damage_healed":0.0,"max_hp_gain":0.0,"max_hp_loss":0.0,"gold_gain":0.0,"event_name":"Purifier","player_choice":"Purged","floor":19.0,"gold_loss":0.0,"damage_taken":0.0},{"damage_healed":0,"gold_gain":0,"player_choice":"Fought Bandits","damage_taken":0,"max_hp_gain":0,"max_hp_loss":0,"event_name":"Masked Bandits","floor":30,"gold_loss":0}],"is_beta":false,"boss_relics":[{"not_picked":["Runic Dome","Astrolabe"],"picked":"Philosopher\u0027s Stone"}],"items_purged_floors":[4],"is_endless":false,"potions_floor_spawned":[5,7,10,11,24,30,31],"killed_by":"Automaton","ascension_level":15}}