{"host":"jm9833yuloeli2yd","time":1613408320,"event":{"mods":["BaseMod","Better Altar","Better Match","Better Note","Better Sensory Stone","Better Skull","Better Third Choice","Better Vampires","BetterRewards","Colored Map","Colored Powertips","DeckTracker","Minty Spire (QoL Compilation)","Permanent Neow","Quick Restart","StSLib","SuperFastMode"],"gold_per_floor":[11,29,29,49,49,49,49],"floor_reached":6,"language":"ENG","playtime":129,"items_purged":[],"score":72,"play_id":"b13b136e-b61c-46fa-8573-a96bc336d2d6","local_time":"20210215115840","is_ascension_mode":true,"campfire_choices":[],"circlet_count":0,"master_deck":["AscendersBane","Strike_G","Strike_G","Strike_G","Strike_G","Defend_G","Defend_G","Defend_G","Defend_G","Defend_G","Survivor","Neutralize","Poisoned Stab","Infinite Blades","Flying Knee","Concentrate"],"relics":["Ring of the Snake","Turnip"],"acts_visited":["Exordium"],"potions_floor_usage":[],"damage_taken":[{"damage":8,"enemies":"Cultist","floor":1,"turns":5},{"damage":16,"enemies":"Jaw Worm","floor":2,"turns":4},{"damage":5,"enemies":"Small Slimes","floor":4,"turns":4},{"damage":31,"enemies":"Gremlin Nob","floor":6,"turns":3}],"seed_played":"3167436545223769561","potions_obtained":[],"is_trial":false,"path_per_floor":["M","M","?","M","?","E"],"character_chosen":"THE_SILENT","items_purchased":[],"campfire_rested":0,"item_purchase_floors":[],"current_hp_per_floor":[51,35,35,30,30,0,0],"gold":49,"neow_bonus":"ONE_RARE_RELIC","is_daily":false,"chose_seed":false,"campfire_upgraded":0,"win_rate":0.0,"timestamp":1613408320,"path_taken":["M","?","?","M","?","E"],"items_purchased_type":[],"build_version":"2020-12-22","purchased_purges":0,"victory":false,"max_hp_per_floor":[66,66,66,66,66,66,66],"card_choices":[{"not_picked":["Blade Dance","Dagger Spray"],"picked":"Poisoned Stab","floor":1},{"not_picked":["Underhanded Strike","Deadly Poison"],"picked":"Infinite Blades","floor":2},{"not_picked":["Well Laid Plans","Infinite Blades"],"picked":"Flying Knee","floor":4}],"player_experience":1368700,"relics_obtained":[],"event_choices":[{"damage_healed":0,"gold_gain":0,"player_choice":"Ignored","damage_taken":0,"max_hp_gain":0,"max_hp_loss":0,"event_name":"Golden Wing","floor":3,"gold_loss":0},{"damage_healed":0,"gold_gain":0,"cards_transformed":["Strike_G"],"player_choice":"Transformed","damage_taken":0,"max_hp_gain":0,"max_hp_loss":0,"event_name":"Transmorgrifier","floor":5,"gold_loss":0,"cards_obtained":["Concentrate"]}],"is_beta":false,"boss_relics":[],"items_purged_floors":[],"is_endless":false,"potions_floor_spawned":[],"killed_by":"Gremlin Nob","ascension_level":20}}