{"host":"iilsbsc0nnz3b4nr","time":1613428504,"event":{"mods":["BaseMod","Minty Spire (QoL Compilation)","StSLib","Together in Spire"],"gold_per_floor":[117,292,304,324,338,371,389,403,477,494,65,79,79,154,154,154,154],"floor_reached":16,"language":"ENG","playtime":885,"items_purged":["Doubt"],"score":106,"play_id":"18ef2bdf-a63c-4457-883c-d87f3f12008b","local_time":"20210215173504","is_ascension_mode":false,"campfire_choices":[{"data":"Infinite Blades","floor":15,"key":"SMITH"}],"circlet_count":0,"master_deck":["Strike_G","Strike_G","Strike_G","Strike_G","Strike_G","Defend_G","Defend_G","Defend_G","Defend_G","Defend_G","Survivor","Neutralize","Poisoned Stab","Dodge and Roll","PiercingWail","Prepared","Cloak And Dagger","Blade Dance","Deflect","Deflect","Infinite Blades+1"],"relics":["Ring of the Snake","Ninja Scroll","Pantograph","Blood Vial","Bag of Marbles","Golden Idol"],"acts_visited":["Exordium"],"potions_floor_usage":[7,10,16],"damage_taken":[{"damage":0,"enemies":"Cultist","floor":1,"turns":2},{"damage":3,"enemies":"Jaw Worm","floor":3,"turns":2},{"damage":0,"enemies":"Small Slimes","floor":4,"turns":2},{"damage":0,"enemies":"2 Fungi Beasts","floor":5,"turns":2},{"damage":8,"enemies":"3 Sentries","floor":6,"turns":5},{"damage":6,"enemies":"Gremlin Gang","floor":7,"turns":3},{"damage":0,"enemies":"Blue Slaver","floor":8,"turns":2},{"damage":10,"enemies":"Exordium Thugs","floor":10,"turns":3},{"damage":2,"enemies":"3 Louse","floor":12,"turns":2},{"damage":85,"enemies":"The Guardian","floor":16,"turns":8}],"seed_played":"3689634151674420963","potions_obtained":[{"floor":3,"key":"FairyPotion"},{"floor":4,"key":"SneckoOil"},{"floor":7,"key":"FearPotion"},{"floor":12,"key":"Explosive Potion"}],"is_trial":false,"path_per_floor":["M","?","M","M","M","E","M","M","T","M","$","M","?","?","R","B"],"character_chosen":"THE_SILENT","items_purchased":["Blood Vial","Bag of Marbles","Deflect"],"campfire_rested":0,"item_purchase_floors":[11,11,11],"current_hp_per_floor":[63,63,60,60,60,52,46,46,46,36,36,36,36,25,25,0,0],"gold":154,"neow_bonus":"TWENTY_PERCENT_HP_BONUS","is_daily":false,"chose_seed":false,"campfire_upgraded":1,"win_rate":0.0,"timestamp":1613428504,"path_taken":["M","?","M","M","M","E","M","M","T","M","$","M","?","?","R","BOSS"],"items_purchased_type":["Relic","Relic","Card"],"build_version":"2020-12-22","purchased_purges":1,"victory":false,"max_hp_per_floor":[84,84,84,84,84,84,84,84,84,84,84,84,78,78,78,78,78],"card_choices":[{"not_picked":["PiercingWail","Underhanded Strike"],"picked":"Poisoned Stab","floor":1},{"not_picked":["Reflex","Accuracy"],"picked":"Dodge and Roll","floor":3},{"not_picked":["Dagger Throw","Flying Knee","Slice"],"picked":"SKIP","floor":4},{"not_picked":["Bullet Time","Endless Agony"],"picked":"PiercingWail","floor":5},{"not_picked":["Quick Slash","PiercingWail"],"picked":"Prepared","floor":6},{"not_picked":["Unload","Underhanded Strike"],"picked":"Cloak And Dagger","floor":7},{"not_picked":["Dodge and Roll","Backflip"],"picked":"Blade Dance","floor":8},{"not_picked":["Outmaneuver","PiercingWail"],"picked":"Deflect","floor":10},{"not_picked":["Blade Dance","Corpse Explosion"],"picked":"Infinite Blades","floor":12}],"player_experience":121430,"relics_obtained":[{"floor":6,"key":"Ninja Scroll"},{"floor":9,"key":"Pantograph"}],"event_choices":[{"damage_healed":0,"gold_gain":175,"player_choice":"AGREE","damage_taken":0,"max_hp_gain":0,"max_hp_loss":0,"event_name":"Liars Game","floor":2,"gold_loss":0,"cards_obtained":["Doubt"]},{"damage_healed":0,"gold_gain":0,"player_choice":"Lose Max HP","damage_taken":0,"relics_obtained":["Golden Idol"],"max_hp_gain":0,"max_hp_loss":6,"event_name":"Golden Idol","floor":13,"gold_loss":0},{"damage_healed":0,"gold_gain":75,"player_choice":"Gather Gold","damage_taken":11,"max_hp_gain":0,"max_hp_loss":0,"event_name":"World of Goop","floor":14,"gold_loss":0}],"is_beta":false,"boss_relics":[],"items_purged_floors":[11],"is_endless":false,"potions_floor_spawned":[3,4,7,12],"killed_by":"The Guardian","ascension_level":0}}