{"host":"xx5zt3jtdyh8iun7","time":1613431258,"event":{"mods":["AchievementEnabler","Act Like it!","Bard","BaseMod","Downfall","Gensokyo","Minty Spire (QoL Compilation)","StSLib","The Marked","Warlord Emblem"],"gold_per_floor":[119,38,4,15,28,28,257,257,283,283,315,315,328,360,360,459,459,471,487,487,487,487,487,487,487,487,522,535,535,785,803,803,906,906,917,468,468,487,499,533,546,580,580,597,96,96,96,96,105,105],"floor_reached":51,"language":"ENG","playtime":5104,"items_purged":["Doubt"],"score":823,"play_id":"27290c31-9c0b-4f8d-9ccf-767d95d2fcb2","local_time":"20210216002058","is_ascension_mode":true,"campfire_choices":[{"data":"Darkness","floor":6,"key":"SMITH"},{"data":"Chill","floor":8,"key":"SMITH"},{"data":"Auto Shields","floor":10,"key":"SMITH"},{"data":"Double Energy","floor":12,"key":"SMITH"},{"data":"Rainbow","floor":15,"key":"SMITH"},{"data":"Creative AI","floor":23,"key":"SMITH"},{"data":"Zap","floor":25,"key":"SMITH"},{"data":"Go for the Eyes","floor":32,"key":"SMITH"},{"data":"Chaos","floor":46,"key":"SMITH"},{"floor":49,"key":"REST"}],"circlet_count":0,"master_deck":["Strike_B","Strike_B","Strike_B","Defend_B","Defend_B+1","Defend_B","Defend_B+1","Zap+1","Cold Snap","Darkness+1","Chaos+1","Auto Shields+1","Compile Driver","Chill+1","Double Energy+1","Conserve Battery","Rainbow+1","Creative AI+1","Go for the Eyes+1","Gensokyo:AllTheWorldsEvil","Reinforced Body","Injury","Compile Driver+1","Chaos+1","Streamline","Meteor Strike","CurseOfTheBell","Panacea+1","Fusion+1","Hologram+1","Writhe","Gensokyo:LockedMedkit","Loop+1"],"relics":["WarlordEmblem:SoulOfKael","Juzu Bracelet","StoneCalendar","War Paint","White Beast Statue","Happy Flower","Cursed Key","Gensokyo:SongOfSouls","Toxic Egg 2","Akabeko","Calling Bell","Dream Catcher","Meat on the Bone","Torii","Calipers","Mango","Bag of Preparation","CeramicFish","Chemical X","OrangePellets","HandDrill","Gensokyo:DualWield","Blue Candle"],"acts_visited":["Gensokyo:Gensokyo","Gensokyo:Gensokyoer","Gensokyo:Gensokyoest"],"potions_floor_usage":[11,14,33,33,33,39,40,50,50],"damage_taken":[{"damage":5,"enemies":"Gensokyo:Python","floor":1,"turns":3},{"damage":0,"enemies":"Gensokyo:2_Kodama","floor":4,"turns":5},{"damage":2,"enemies":"Gensokyo:3_Fairies","floor":5,"turns":5},{"damage":3,"enemies":"Gensokyo:Mamizou","floor":7,"turns":6},{"damage":0,"enemies":"Gensokyo:Cirno","floor":11,"turns":7},{"damage":0,"enemies":"Gensokyo:LivingMonolith","floor":13,"turns":4},{"damage":0,"enemies":"Gensokyo:Mamizou","floor":14,"turns":7},{"damage":3,"enemies":"Gensokyo:Kokoro","floor":16,"turns":8},{"damage":5,"enemies":"Gensokyo:2_Gloops","floor":18,"turns":6},{"damage":11,"enemies":"Gensokyo:AngelMirror","floor":19,"turns":4},{"damage":3,"enemies":"Gensokyo:Reisen","floor":27,"turns":7},{"damage":5,"enemies":"Gensokyo:Monolith_and_Dog","floor":28,"turns":6},{"damage":6,"enemies":"Gensokyo:Swordslinger","floor":31,"turns":5},{"damage":12,"enemies":"Gensokyo:Eiki","floor":33,"turns":9},{"damage":11,"enemies":"Gensokyo:AncientGuardian","floor":35,"turns":7},{"damage":3,"enemies":"Gensokyo:3_Boulders","floor":38,"turns":5},{"damage":1,"enemies":"Gensokyo:4_Bats","floor":39,"turns":4},{"damage":42,"enemies":"Gensokyo:Marisa","floor":40,"turns":7},{"damage":18,"enemies":"Gensokyo:Sharpion","floor":41,"turns":7},{"damage":2,"enemies":"Gensokyo:Doremy","floor":42,"turns":6},{"damage":1,"enemies":"Gensokyo:AtlasGolem","floor":44,"turns":6},{"damage":42,"enemies":"Gensokyo:Shinki","floor":50,"turns":13}],"seed_played":"-6221692956837520359","potions_obtained":[{"floor":0,"key":"LiquidBronze"},{"floor":0,"key":"EssenceOfSteel"},{"floor":0,"key":"Dexterity Potion"},{"floor":5,"key":"Swift Potion"},{"floor":7,"key":"Dexterity Potion"},{"floor":13,"key":"Energy Potion"},{"floor":14,"key":"BlessingOfTheForge"},{"floor":19,"key":"Energy Potion"},{"floor":33,"key":"SkillPotion"},{"floor":35,"key":"Regen Potion"},{"floor":38,"key":"FearPotion"},{"floor":39,"key":"Swift Potion"},{"floor":40,"key":"bronze:BurnAndBuffPotion"}],"is_trial":false,"path_per_floor":["M","COS","$","M","M","R","E","R","T","R","E","R","M","E","R","B",null,"M","M","?","?","?","R","T","R","T","E","M","?","?","M","R","B",null,"M","$","?","M","M","E","M","E","T","M","COS","R","?","?","R","B",null],"character_chosen":"Kael","items_purchased":["Auto Shields","Calipers","Panacea+1"],"campfire_rested":1,"item_purchase_floors":[3,36,36],"current_hp_per_floor":[70,70,70,70,68,68,65,65,65,65,65,65,65,65,65,62,75,70,59,59,59,59,59,59,59,59,56,51,56,56,50,50,38,80,69,69,69,66,65,49,43,53,53,52,52,52,52,34,62,47],"gold":105,"neow_bonus":"THREE_SMALL_POTIONS","is_daily":false,"chose_seed":false,"campfire_upgraded":9,"win_rate":0.0,"timestamp":1613431258,"path_taken":["M","COS","?","M","M","R","E","R","T","R","E","R","M","E","R","BOSS","M","M","?","?","?","R","?","R","T","E","M","?","?","M","R","BOSS","M","$","?","M","M","E","M","E","T","M","COS","R","?","?","R","BOSS"],"items_purchased_type":["Card","Relic","Card"],"build_version":"2020-12-22","purchased_purges":1,"victory":true,"max_hp_per_floor":[75,75,75,75,75,75,75,75,75,75,75,75,75,75,75,75,75,75,75,75,75,75,75,75,75,75,75,75,80,80,80,80,80,80,80,80,80,80,80,94,94,94,94,94,94,94,94,94,94,94],"card_choices":[{"not_picked":["Barrage","Force Field"],"picked":"Gash","floor":1},{"not_picked":["Steam","Turbo"],"picked":"Compile Driver","floor":4},{"not_picked":["Hologram","Rebound","Cold Snap"],"picked":"SKIP","floor":5},{"not_picked":["Cold Snap","Scrape"],"picked":"Chill","floor":7},{"not_picked":["Conserve Battery","Chill"],"picked":"Double Energy","floor":11},{"not_picked":["Barrage","Leap"],"picked":"Conserve Battery","floor":13},{"not_picked":["Fusion","FTL"],"picked":"Rainbow","floor":14},{"not_picked":["All For One","Core Surge"],"picked":"Creative AI","floor":16},{"not_picked":["Redo","Conserve Battery"],"picked":"Go for the Eyes","floor":18},{"not_picked":["Rebound+1","Hologram"],"picked":"FTL","floor":19},{"not_picked":["Steam+1","Cold Snap"],"picked":"Compile Driver+1","floor":27},{"not_picked":["Consume+1","Hologram+1"],"picked":"Chaos+1","floor":28},{"not_picked":["Fusion+1","Fission+1"],"picked":"Streamline","floor":31},{"not_picked":["Rainbow+1","Biased Cognition"],"picked":"Meteor Strike","floor":33},{"not_picked":["Steam+1","Cold Snap","Go for the Eyes"],"picked":"SKIP","floor":35},{"not_picked":["Sweeping Beam+1","Blizzard"],"picked":"Fusion+1","floor":38},{"not_picked":["Fusion+1","Leap+1"],"picked":"Hologram+1","floor":39},{"not_picked":["Genetic Algorithm+1","Leap+1","Barrage+1"],"picked":"SKIP","floor":40},{"not_picked":["Biased Cognition","Stack+1","Redo+1"],"picked":"SKIP","floor":41},{"not_picked":["Rebound+1","Sunder+1","Hologram+1"],"picked":"SKIP","floor":42},{"not_picked":["Doom and Gloom","Hologram+1","Ball Lightning+1"],"picked":"SKIP","floor":44},{"not_picked":["Fusion+1","Turbo+1"],"picked":"Loop+1","floor":49}],"player_experience":916102,"relics_obtained":[{"floor":7,"key":"StoneCalendar"},{"floor":9,"key":"War Paint"},{"floor":11,"key":"White Beast Statue"},{"floor":14,"key":"Happy Flower"},{"floor":24,"key":"Toxic Egg 2"},{"floor":26,"key":"Smiling Mask"},{"floor":27,"key":"Akabeko"},{"floor":34,"key":"Dream Catcher"},{"floor":34,"key":"Meat on the Bone"},{"floor":34,"key":"Torii"},{"floor":40,"key":"Mango"},{"floor":42,"key":"Bag of Preparation"},{"floor":43,"key":"CeramicFish"}],"event_choices":[],"is_beta":false,"boss_relics":[{"not_picked":["Busted Crown","bronze:MakeshiftBattery"],"picked":"Cursed Key"},{"not_picked":["Fusion Hammer","Runic Dome"],"picked":"Calling Bell"}],"items_purged_floors":[36],"is_endless":false,"potions_floor_spawned":[5,7,13,14,16,18,19,27,28,31,33,35,38,39,40,41,42,44],"ascension_level":1}}