{"host":"dpbezu80jg8zk7un","time":1613382794,"event":{"mods":["BaseMod","Colored Map","Colored Powertips","Custom Start","DeckTracker","Minty Spire (QoL Compilation)","Quick Restart","StSLib","SuperFastMode"],"gold_per_floor":[119,119,136,136,61,90,107,125,125,144,104,104,118,136,136,136,136],"floor_reached":16,"language":"KOR","playtime":342,"items_purged":["Strike_R"],"score":258,"play_id":"dcad6b39-fc74-4cee-95fc-c6cd19289212","local_time":"20210215185314","is_ascension_mode":true,"campfire_choices":[{"data":"Body Slam","floor":12,"key":"SMITH"},{"data":"Entrench","floor":15,"key":"SMITH"}],"circlet_count":0,"master_deck":["AscendersBane","Strike_R+1","Strike_R","Strike_R","Defend_R","Defend_R","Defend_R+1","Defend_R","Bash","Body Slam+1","Feel No Pain","Shrug It Off","Entrench+1","Impervious"],"relics":["Burning Blood","NeowsBlessing","Blood Vial"],"acts_visited":["Exordium"],"potions_floor_usage":[8,16,16],"damage_taken":[{"damage":0,"enemies":"2 Louse","floor":1,"turns":2},{"damage":0,"enemies":"Small Slimes","floor":3,"turns":1},{"damage":0,"enemies":"3 Sentries","floor":6,"turns":2},{"damage":0,"enemies":"Jaw Worm","floor":7,"turns":6},{"damage":0,"enemies":"Large Slime","floor":8,"turns":5},{"damage":18,"enemies":"Lots of Slimes","floor":10,"turns":8},{"damage":1,"enemies":"Looter","floor":11,"turns":4},{"damage":6,"enemies":"Exordium Thugs","floor":13,"turns":6},{"damage":0,"enemies":"2 Fungi Beasts","floor":14,"turns":5},{"damage":75,"enemies":"Hexaghost","floor":16,"turns":9}],"seed_played":"1762294646222078002","potions_obtained":[{"floor":3,"key":"Fire Potion"},{"floor":6,"key":"FearPotion"},{"floor":8,"key":"LiquidBronze"}],"is_trial":false,"path_per_floor":["M","?","M","?","$","E","M","M","T","M","M","R","M","M","R","B"],"character_chosen":"IRONCLAD","items_purchased":[],"campfire_rested":0,"item_purchase_floors":[],"current_hp_per_floor":[74,51,57,50,50,56,64,72,72,62,69,69,71,75,75,0,0],"gold":136,"neow_bonus":"THREE_ENEMY_KILL","is_daily":false,"chose_seed":false,"campfire_upgraded":2,"win_rate":0.0,"timestamp":1613382794,"path_taken":["M","?","M","?","$","E","M","M","T","M","M","R","M","M","R","BOSS"],"items_purchased_type":[],"build_version":"2020-12-22","purchased_purges":1,"victory":false,"max_hp_per_floor":[75,75,75,75,75,75,75,75,75,75,75,75,75,75,75,75,75],"card_choices":[{"not_picked":["Anger","Intimidate","Metallicize"],"picked":"SKIP","floor":1},{"not_picked":["Dark Embrace","Searing Blow"],"picked":"Body Slam","floor":3},{"not_picked":["Dual Wield","Perfected Strike"],"picked":"Feel No Pain","floor":6},{"not_picked":["Rupture","Pummel","Sever Soul"],"picked":"SKIP","floor":7},{"not_picked":["Spot Weakness","Intimidate"],"picked":"Shrug It Off","floor":8},{"not_picked":["Perfected Strike","Cleave"],"picked":"Entrench","floor":10},{"not_picked":["Iron Wave","Spot Weakness"],"picked":"Impervious","floor":11},{"not_picked":["Clothesline","Infernal Blade","Thunderclap"],"picked":"SKIP","floor":13},{"not_picked":["Clothesline","Infernal Blade","Thunderclap"],"picked":"SKIP","floor":13},{"not_picked":["Heavy Blade","Sword Boomerang","Armaments"],"picked":"SKIP","floor":14}],"player_experience":2972471,"relics_obtained":[{"floor":6,"key":"Blood Vial"}],"event_choices":[{"damage_healed":0,"gold_gain":0,"player_choice":"Entered Light","damage_taken":23,"max_hp_gain":0,"max_hp_loss":0,"event_name":"Shining Light","floor":2,"gold_loss":0,"cards_upgraded":["Strike_R","Defend_R"]},{"cards_removed":["Strike_R"],"damage_healed":0,"gold_gain":0,"player_choice":"Card Removal","damage_taken":7,"max_hp_gain":0,"max_hp_loss":0,"event_name":"Golden Wing","floor":4,"gold_loss":0}],"is_beta":false,"boss_relics":[],"items_purged_floors":[5],"is_endless":false,"potions_floor_spawned":[3,6,8,10,13,14],"killed_by":"Hexaghost","ascension_level":20}}