{"host":"fogez99mhgto9ydu","time":1613348928,"event":{"mods":["AchievementEnabler","BaseMod","Colored Map","Colored Powertips","Minty Spire (QoL Compilation)","SuperFastMode"],"gold_per_floor":[117,192,204,219,184,217,271,48,75,75,75,75],"floor_reached":11,"language":"ENG","playtime":270,"items_purged":[],"score":71,"play_id":"9865a074-66af-4147-bd44-45ffbfab0d91","local_time":"20210215012848","is_ascension_mode":false,"campfire_choices":[{"floor":10,"key":"REST"}],"circlet_count":0,"master_deck":["Strike_P","Strike_P","Strike_P","Strike_P","Defend_P","Defend_P","Defend_P","Defend_P","Eruption","Vigilance","FlurryOfBlows","Pray","FlurryOfBlows","Swivel","LessonLearned","LikeWater","Halt"],"relics":["PureWater","NeowsBlessing","Anchor","Dream Catcher"],"acts_visited":["Exordium"],"potions_floor_usage":[],"damage_taken":[{"damage":0,"enemies":"Jaw Worm","floor":1,"turns":1},{"damage":0,"enemies":"2 Louse","floor":3,"turns":1},{"damage":0,"enemies":"Cultist","floor":4,"turns":1},{"damage":50,"enemies":"3 Sentries","floor":6,"turns":12},{"damage":46,"enemies":"Gremlin Nob","floor":11,"turns":4}],"seed_played":"-6730141302287773041","potions_obtained":[{"floor":3,"key":"BottledMiracle"},{"floor":4,"key":"EssenceOfSteel"}],"is_trial":false,"path_per_floor":["M","?","M","M","?","E","T","$","T","R","E"],"character_chosen":"WATCHER","items_purchased":["LessonLearned","LikeWater"],"campfire_rested":1,"item_purchase_floors":[8,8],"current_hp_per_floor":[72,61,61,61,72,22,22,22,22,43,0,0],"gold":75,"neow_bonus":"THREE_ENEMY_KILL","is_daily":false,"chose_seed":false,"campfire_upgraded":0,"win_rate":0.0,"timestamp":1613348928,"path_taken":["M","?","M","M","?","E","?","$","T","R","E"],"items_purchased_type":["Card","Card"],"build_version":"2020-12-22","purchased_purges":0,"victory":false,"max_hp_per_floor":[72,72,72,72,72,72,72,72,72,72,72,72],"card_choices":[{"not_picked":["SignatureMove","Consecrate"],"picked":"FlurryOfBlows","floor":1},{"not_picked":["Weave","Conclude"],"picked":"Pray","floor":3},{"not_picked":["Consecrate","ForeignInfluence"],"picked":"FlurryOfBlows","floor":4},{"not_picked":["CarveReality","ThirdEye"],"picked":"Swivel","floor":6},{"not_picked":["JustLucky","ForeignInfluence"],"picked":"Halt","floor":10}],"player_experience":429705,"relics_obtained":[{"floor":6,"key":"Anchor"},{"floor":9,"key":"Dream Catcher"}],"event_choices":[{"damage_healed":0,"gold_gain":75,"player_choice":"Gather Gold","damage_taken":11,"max_hp_gain":0,"max_hp_loss":0,"event_name":"World of Goop","floor":2,"gold_loss":0},{"damage_healed":18,"gold_gain":0,"player_choice":"Healed","damage_taken":0,"max_hp_gain":0,"max_hp_loss":0,"event_name":"The Cleric","floor":5,"gold_loss":35}],"is_beta":false,"boss_relics":[],"items_purged_floors":[],"is_endless":false,"potions_floor_spawned":[3,4],"killed_by":"Gremlin Nob","ascension_level":0}}