{"host":"y3h3n3f7seyagppx","time":1613412826,"event":{"mods":["AlwaysNeverKeys","BaseMod","Better Vampires","Colored Powertips","DeckTracker","Emptier Cage","Minty Spire (QoL Compilation)","Permanent Neow","Quick Restart","Rare Cards Sparkle","Relic Sorter","Relic Stats","StSLib","Transform Curses"],"gold_per_floor":[111,129,142,217,229,264,278,290,290,290,317,317,358,394,394,394,394],"floor_reached":16,"language":"ENG","playtime":2382,"items_purged":[],"score":244,"play_id":"d8436dbe-5147-4f68-96e8-2ddc2f0799f2","local_time":"20210215131346","is_ascension_mode":true,"campfire_choices":[{"data":"Bash","floor":10,"key":"SMITH"},{"data":"Body Slam","floor":15,"key":"SMITH"}],"circlet_count":0,"master_deck":["AscendersBane","Strike_R","Strike_R","Strike_R","Strike_R","Strike_R","Defend_R+1","Defend_R+1","Defend_R","Defend_R","Bash+1","Spot Weakness","Cleave","Shrug It Off","Pommel Strike","Feed","Anger","Body Slam+1"],"relics":["Burning Blood","War Paint","The Courier","White Beast Statue","Toy Ornithopter","Golden Idol","Smiling Mask","Odd Mushroom"],"acts_visited":["Exordium"],"potions_floor_usage":[6,6,13,16,16,16],"damage_taken":[{"damage":4,"enemies":"Jaw Worm","floor":1,"turns":3},{"damage":12,"enemies":"Small Slimes","floor":2,"turns":4},{"damage":6,"enemies":"Cultist","floor":3,"turns":4},{"damage":1,"enemies":"Looter","floor":5,"turns":5},{"damage":11,"enemies":"Gremlin Nob","floor":6,"turns":3},{"damage":1,"enemies":"2 Fungi Beasts","floor":7,"turns":4},{"damage":21,"enemies":"Blue Slaver","floor":8,"turns":5},{"damage":26,"enemies":"3 Sentries","floor":11,"turns":7},{"damage":16,"enemies":"Lagavulin","floor":13,"turns":5},{"damage":14,"enemies":"The Mushroom Lair","floor":14,"turns":4},{"damage":76,"enemies":"Slime Boss","floor":16,"turns":9}],"seed_played":"4386207483573631153","potions_obtained":[{"floor":1,"key":"ColorlessPotion"},{"floor":2,"key":"Energy Potion"},{"floor":11,"key":"Fire Potion"},{"floor":13,"key":"BloodPotion"},{"floor":14,"key":"EntropicBrew"}],"is_trial":false,"path_per_floor":["M","M","M","?","M","E","M","M","T","R","E","?","E","?","R","B"],"character_chosen":"IRONCLAD","items_purchased":[],"campfire_rested":0,"item_purchase_floors":[],"current_hp_per_floor":[70,64,64,53,58,53,61,49,49,49,32,32,30,25,25,0,0],"gold":394,"neow_bonus":"RANDOM_COMMON_RELIC","is_daily":false,"chose_seed":false,"campfire_upgraded":2,"win_rate":0.0,"timestamp":1613412826,"path_taken":["M","M","M","?","M","E","M","M","T","R","E","?","E","?","R","BOSS"],"items_purchased_type":[],"build_version":"2020-12-22","purchased_purges":0,"victory":false,"max_hp_per_floor":[75,75,75,75,75,75,78,81,81,81,84,76,79,82,82,82,82],"relic_stats":{"counters":[11,53],"Golden Idol":15,"War Paint":["Defend_R","Defend_R"],"Smiling Mask":0,"obtain_stats":[{"Golden Idol":12,"The Courier":6,"War Paint":0,"Odd Mushroom":14,"Smiling Mask":13,"Burning Blood":0,"White Beast Statue":9,"Toy Ornithopter":11},{"Golden Idol":8,"The Courier":5,"War Paint":0,"Odd Mushroom":10,"Smiling Mask":9,"Burning Blood":0,"White Beast Statue":7,"Toy Ornithopter":8},{"Golden Idol":35,"The Courier":19,"War Paint":0,"Odd Mushroom":44,"Smiling Mask":40,"Burning Blood":0,"White Beast Statue":28,"Toy Ornithopter":35}],"Burning Blood":60,"Toy Ornithopter":20},"card_choices":[{"not_picked":["Evolve","Headbutt"],"picked":"Spot Weakness","floor":1},{"not_picked":["True Grit","Shrug It Off"],"picked":"Cleave","floor":2},{"not_picked":["Combust","Clash"],"picked":"Shrug It Off","floor":3},{"not_picked":["Armaments","Cleave"],"picked":"Pommel Strike","floor":5},{"not_picked":["Shockwave","Clothesline"],"picked":"Feed","floor":6},{"not_picked":["Clash","Shrug It Off"],"picked":"Anger","floor":7},{"not_picked":["Warcry","Anger","Second Wind"],"picked":"SKIP","floor":8},{"not_picked":["Intimidate","Headbutt","Flex"],"picked":"SKIP","floor":11},{"not_picked":["Clash","Anger"],"picked":"Body Slam","floor":13}],"player_experience":22193767,"relics_obtained":[{"floor":6,"key":"The Courier"},{"floor":9,"key":"White Beast Statue"},{"floor":11,"key":"Toy Ornithopter"},{"floor":13,"key":"Smiling Mask"},{"floor":14,"key":"Odd Mushroom"}],"event_choices":[{"damage_healed":0,"gold_gain":75,"player_choice":"Gather Gold","damage_taken":11,"max_hp_gain":0,"max_hp_loss":0,"event_name":"World of Goop","floor":4,"gold_loss":0},{"damage_healed":0,"gold_gain":0,"player_choice":"Lose Max HP","damage_taken":0,"relics_obtained":["Golden Idol"],"max_hp_gain":0,"max_hp_loss":8,"event_name":"Golden Idol","floor":12,"gold_loss":0},{"damage_healed":0,"gold_gain":0,"player_choice":"Fought Mushrooms","damage_taken":0,"max_hp_gain":0,"max_hp_loss":0,"event_name":"Mushrooms","floor":14,"gold_loss":0}],"is_beta":false,"boss_relics":[],"items_purged_floors":[],"is_endless":false,"potions_floor_spawned":[1,2,5,11,13,14],"killed_by":"Slime Boss","ascension_level":20}}