{"host":"d5i1qeb9dejicw1z","time":1613351678,"event":{"mods":["AchievementEnabler","BaseMod","Better Note","BetterRewards","Evolution","Gold Saver","Minty Spire (QoL Compilation)","Permanent Neow","Relic Filter Mod","Reliquary","StSLib"],"gold_per_floor":[586,661,661,673,691,691,718,733,733,759,771,771,771,785,785,785,785],"floor_reached":16,"language":"ENG","playtime":813,"items_purged":[],"score":243,"play_id":"9b647335-9faf-4098-a507-154309a0d9fb","local_time":"20210214171438","is_ascension_mode":true,"campfire_choices":[{"data":"Sucker Punch","floor":6,"key":"SMITH"},{"floor":13,"key":"REST"},{"data":"Blur","floor":15,"key":"SMITH"}],"circlet_count":0,"master_deck":["AscendersBane","Sucker Punch+1","Sucker Punch","Sucker Punch","Sucker Punch","Sucker Punch","Defend_G","Defend_G","Defend_G","Defend_G","Defend_G","Survivor","Neutralize","Blur+1","Heel Hook","Blur+1","Backflip","Heel Hook"],"relics":["Ring of the Snake","EVO:Axolotl","Meat on the Bone","reliquary:PorcupineQuills","Happy Flower","Lantern"],"acts_visited":["Exordium"],"potions_floor_usage":[10,10,11,16,16],"damage_taken":[{"damage":2,"enemies":"Jaw Worm","floor":1,"turns":4},{"damage":0,"enemies":"Cultist","floor":4,"turns":4},{"damage":2,"enemies":"Small Slimes","floor":5,"turns":4},{"damage":40,"enemies":"Gremlin Nob","floor":7,"turns":5},{"damage":13,"enemies":"Gremlin Gang","floor":8,"turns":9},{"damage":7,"enemies":"3 Sentries","floor":10,"turns":10},{"damage":5,"enemies":"Lots of Slimes","floor":11,"turns":4},{"damage":0,"enemies":"Blue Slaver","floor":14,"turns":3},{"damage":74,"enemies":"Hexaghost","floor":16,"turns":16}],"seed_played":"-9207759695498989448","potions_obtained":[{"floor":7,"key":"GhostInAJar"},{"floor":8,"key":"SteroidPotion"},{"floor":10,"key":"AttackPotion"},{"floor":11,"key":"Regen Potion"},{"floor":14,"key":"SteroidPotion"}],"is_trial":false,"path_per_floor":["M","?","T","M","M","R","E","M","T","E","M","?","R","M","R","B"],"character_chosen":"THE_SILENT","items_purchased":[],"campfire_rested":1,"item_purchase_floors":[],"current_hp_per_floor":[63,52,52,52,50,50,22,21,21,26,33,33,54,54,54,0,0],"gold":785,"neow_bonus":"TEN_PERCENT_HP_BONUS","is_daily":false,"chose_seed":false,"campfire_upgraded":2,"win_rate":0.0,"timestamp":1613351678,"path_taken":["M","?","?","?","M","R","E","M","T","E","M","?","R","?","R","BOSS"],"items_purchased_type":[],"build_version":"2020-12-22","purchased_purges":0,"victory":false,"max_hp_per_floor":[72,72,72,72,72,72,72,72,72,72,72,72,72,72,72,72,72],"card_choices":[{"not_picked":["Blade Dance","Underhanded Strike","Dagger Throw"],"picked":"SKIP","floor":1},{"not_picked":["Flechettes","Sucker Punch"],"picked":"Blur","floor":4},{"not_picked":["Caltrops","Quick Slash"],"picked":"Heel Hook","floor":5},{"not_picked":["Underhanded Strike","Flechettes","Endless Agony"],"picked":"SKIP","floor":7},{"not_picked":["Caltrops","Outmaneuver"],"picked":"Blur","floor":8},{"not_picked":["Dagger Throw","Unload"],"picked":"Backflip","floor":10},{"not_picked":["Backflip","All Out Attack"],"picked":"Heel Hook","floor":11},{"not_picked":["Blade Dance","Finisher","Cloak And Dagger"],"picked":"SKIP","floor":14}],"player_experience":1262157,"relics_obtained":[{"floor":3,"key":"Meat on the Bone"},{"floor":7,"key":"reliquary:PorcupineQuills"},{"floor":9,"key":"Happy Flower"},{"floor":10,"key":"Lantern"}],"event_choices":[{"damage_healed":0,"gold_gain":75,"player_choice":"Gather Gold","damage_taken":11,"max_hp_gain":0,"max_hp_loss":0,"event_name":"World of Goop","floor":2,"gold_loss":0},{"damage_healed":0,"gold_gain":0,"player_choice":"Forge","damage_taken":0,"max_hp_gain":0,"max_hp_loss":0,"event_name":"Accursed Blacksmith","floor":12,"gold_loss":0,"cards_upgraded":["Blur"]}],"is_beta":false,"boss_relics":[],"items_purged_floors":[],"is_endless":false,"potions_floor_spawned":[7,8,10,11,14],"killed_by":"Hexaghost","ascension_level":19}}