{"host":"ymmeoa1x24ihslbm","time":1613403218,"event":{"mods":["AchievementEnabler","BaseMod","Colored Map","Colored Powertips","Defuse TimeMaze Blight","Highlight Path","Minty Spire (QoL Compilation)","Permanent Neow","Quick Restart","StSLib","Unceasing Turn Reminder"],"gold_per_floor":[116,116,131,131,131,131,162,175,200,200,234,234,250,268,268,268,268],"floor_reached":16,"language":"ENG","playtime":556,"items_purged":[],"score":193,"play_id":"ecf40b85-9d1d-4af8-9570-a7a2cb6741ab","local_time":"20210215163338","is_ascension_mode":true,"campfire_choices":[{"data":"Deflect","floor":6,"key":"SMITH"},{"floor":10,"key":"REST"},{"data":"Dagger Spray","floor":12,"key":"SMITH"},{"data":"Blur","floor":15,"key":"SMITH"}],"circlet_count":0,"master_deck":["AscendersBane","Strike_G","Strike_G","Strike_G","Strike_G","Strike_G","Defend_G","Defend_G","Defend_G","Defend_G","Defend_G","Survivor","Neutralize+1","Deadly Poison","Deflect+1","Finisher","Dagger Spray+1","Blur+1","Corpse Explosion"],"relics":["Ring of the Snake","The Courier","Golden Idol","Snake Skull","Smiling Mask","Oddly Smooth Stone"],"acts_visited":["Exordium"],"potions_floor_usage":[11,11,16],"damage_taken":[{"damage":0,"enemies":"Cultist","floor":1,"turns":4},{"damage":6,"enemies":"Jaw Worm","floor":3,"turns":4},{"damage":33,"enemies":"Lagavulin","floor":7,"turns":11},{"damage":1,"enemies":"2 Louse","floor":8,"turns":3},{"damage":10,"enemies":"Gremlin Nob","floor":11,"turns":3},{"damage":0,"enemies":"Exordium Wildlife","floor":13,"turns":6},{"damage":0,"enemies":"2 Fungi Beasts","floor":14,"turns":4},{"damage":22,"enemies":"Slime Boss","floor":16,"turns":3}],"seed_played":"4846062320153213166","potions_obtained":[{"floor":7,"key":"FearPotion"},{"floor":8,"key":"PowerPotion"},{"floor":14,"key":"BlessingOfTheForge"}],"is_trial":false,"path_per_floor":["M","T","M","?","?","R","E","M","T","R","E","R","M","M","R","B"],"character_chosen":"THE_SILENT","items_purchased":[],"campfire_rested":1,"item_purchase_floors":[],"current_hp_per_floor":[59,59,53,30,35,35,2,1,1,22,12,12,12,12,12,0,0],"gold":268,"neow_bonus":"UPGRADE_CARD","is_daily":false,"chose_seed":false,"campfire_upgraded":3,"win_rate":0.0,"timestamp":1613403218,"path_taken":["M","?","M","?","?","R","E","M","T","R","E","R","M","?","R","BOSS"],"items_purchased_type":[],"build_version":"2020-12-22","purchased_purges":0,"victory":false,"max_hp_per_floor":[66,66,66,66,71,71,71,71,71,71,71,71,71,71,71,71,71],"card_choices":[{"not_picked":["Dodge and Roll","Cloak And Dagger"],"picked":"Deadly Poison","floor":1},{"not_picked":["Finisher","Skewer"],"picked":"Deflect","floor":3},{"not_picked":["Calculated Gamble","Concentrate"],"picked":"Finisher","floor":7},{"not_picked":["Deflect","Tactician"],"picked":"Dagger Spray","floor":8},{"not_picked":["Deadly Poison","Acrobatics"],"picked":"Blur","floor":11},{"not_picked":["Cloak And Dagger","Skewer"],"picked":"Corpse Explosion","floor":13},{"not_picked":["Dagger Spray","Accuracy","Acrobatics"],"picked":"SKIP","floor":14}],"player_experience":594477,"relics_obtained":[{"floor":2,"key":"The Courier"},{"floor":7,"key":"Snake Skull"},{"floor":9,"key":"Smiling Mask"},{"floor":11,"key":"Oddly Smooth Stone"}],"event_choices":[{"damage_healed":0,"gold_gain":0,"player_choice":"Take Damage","damage_taken":23,"relics_obtained":["Golden Idol"],"max_hp_gain":0,"max_hp_loss":0,"event_name":"Golden Idol","floor":4,"gold_loss":0},{"damage_healed":0,"gold_gain":0,"player_choice":"Donut","damage_taken":0,"max_hp_gain":5,"max_hp_loss":0,"event_name":"Big Fish","floor":5,"gold_loss":0}],"is_beta":false,"boss_relics":[],"items_purged_floors":[],"is_endless":false,"potions_floor_spawned":[7,8,14],"killed_by":"Slime Boss","ascension_level":15}}