{"host":"vk2xyavtylxbvrfq","time":1613423142,"event":{"mods":["Bard","BaseMod","Bestiary","Better Altar","Better Match","Better Note","Better Sensory Stone","Better Skull","Better Vampires","Block Reminder","Bossed Relics","Colored Map","Curses Come First","Displayed Cursed Tome","Downfall","Fox Events","Hermit","Ironclad Rager","Marked Mod","Minty Spire (QoL Compilation)","Quick Restart","Rare Cards Sparkle","Relic Sorter","Reliquary","Robot Space Explorer","StSLib","The Hayseed","The Runesmith","TheSurvivalist","Unceasing Turn Reminder"],"gold_per_floor":[115,127,143,143,163,183,214,226,294,306,306,306,323,288,288,388,388,370,370,370,388,313,313,313,313],"floor_reached":24,"language":"ENG","playtime":839,"items_purged":[],"score":200,"play_id":"3f2d96d0-b3c0-4127-b963-1347e2057fab","local_time":"20210215160542","is_ascension_mode":false,"campfire_choices":[{"floor":12.0,"key":"REST"},{"data":"hermit:Showdown","floor":15.0,"key":"SMITH"},{"floor":23.0,"key":"REST"}],"circlet_count":0,"master_deck":["hermit:Strike_Hermit","hermit:Strike_Hermit","hermit:Strike_Hermit","hermit:Strike_Hermit","hermit:Defend_Hermit","hermit:Defend_Hermit+1","hermit:Defend_Hermit","hermit:Defend_Hermit","hermit:Snapshot+1","hermit:Covet","hermit:BodyArmor","hermit:BodyArmor","hermit:Enervate","hermit:Horror","hermit:Cheat","hermit:TakeCover","hermit:Showdown+1","hermit:Horror+1","hermit:Quickdraw","hermit:HighNoon","hermit:Maintenance+1","hermit:Cheat","hermit:CalledShot+1","hermit:Brawl+1"],"relics":["hermit:ClaspedLocket","reliquary:Firecrackers","Nloth\u0027s Gift"],"acts_visited":["Exordium","TheCity"],"potions_floor_usage":[],"damage_taken":[{"damage":1.0,"enemies":"Cultist","floor":1.0,"turns":3.0},{"damage":0.0,"enemies":"2 Louse","floor":2.0,"turns":2.0},{"damage":0.0,"enemies":"Small Slimes","floor":3.0,"turns":3.0},{"damage":0.0,"enemies":"2 Fungi Beasts","floor":5.0,"turns":3.0},{"damage":0.0,"enemies":"Large Slime","floor":6.0,"turns":3.0},{"damage":11.0,"enemies":"Lagavulin","floor":7.0,"turns":4.0},{"damage":0.0,"enemies":"Looter","floor":8.0,"turns":3.0},{"damage":0.0,"enemies":"Red Slaver","floor":10.0,"turns":2.0},{"damage":0.0,"enemies":"3 Louse","floor":13.0,"turns":3.0},{"damage":31.0,"enemies":"Hexaghost","floor":16.0,"turns":7.0},{"damage":17.0,"enemies":"2 Thieves","floor":18.0,"turns":4.0},{"damage":17.0,"enemies":"3 Byrds","floor":21.0,"turns":8.0},{"damage":3,"enemies":"Gremlin Leader","floor":24,"turns":4}],"seed_played":"9037004316286037530","potions_obtained":[{"floor":3.0,"key":"DistilledChaos"},{"floor":5.0,"key":"Slimebound:ThreeZeroPotion"},{"floor":6.0,"key":"hermit:BlackBile"},{"floor":8.0,"key":"PowerPotion"},{"floor":13.0,"key":"hermit:Eclipse"},{"floor":16.0,"key":"Dexterity Potion"}],"is_trial":false,"path_per_floor":["M","M","M","T","M","M","E","M","T","M","?","R","M","?","R","B",null,"M","?","?","M","?","R","E"],"character_chosen":"HERMIT","items_purchased":[],"campfire_rested":2,"item_purchase_floors":[],"current_hp_per_floor":[74,74,74,74,74,74,63,63,63,63,48,70,70,75,75,44,75,58,58,58,41,41,63,60,60],"gold":313,"neow_bonus":"UPGRADE_CARD","is_daily":false,"chose_seed":false,"campfire_upgraded":1,"win_rate":0.0,"timestamp":1613423142,"path_taken":["M","M","?","?","M","M","E","M","T","M","?","R","M","?","R","BOSS","M","?","?","M","?","R","E"],"items_purchased_type":[],"build_version":"2020-12-22","purchased_purges":0,"victory":false,"max_hp_per_floor":[75,75,75,75,75,75,75,75,75,75,75,75,75,75,75,75,75,75,75,75,75,75,75,75,75],"card_choices":[{"not_picked":["hermit:CalledShot","hermit:WideOpen"],"picked":"hermit:BodyArmor","floor":1.0},{"not_picked":["hermit:Misfire","hermit:OverwhelmingPower"],"picked":"hermit:BodyArmor","floor":2.0},{"not_picked":["hermit:Glare","hermit:Feint"],"picked":"hermit:Enervate","floor":3.0},{"not_picked":["hermit:Malice","hermit:Desperado"],"picked":"hermit:Horror","floor":5.0},{"not_picked":["hermit:Ricochet","hermit:Quickdraw"],"picked":"hermit:Cheat","floor":6.0},{"not_picked":["hermit:Dive","hermit:NoHoldsBarred"],"picked":"hermit:TakeCover","floor":7.0},{"not_picked":["hermit:BodyArmor","hermit:Roulette"],"picked":"hermit:Showdown","floor":8.0},{"not_picked":["hermit:TakeCover","hermit:BodyArmor"],"picked":"hermit:Horror","floor":10.0},{"not_picked":["hermit:SprayPray","hermit:Manifest"],"picked":"hermit:Quickdraw","floor":13.0},{"not_picked":["hermit:Dissolve","hermit:Magnum"],"picked":"hermit:HighNoon","floor":16.0},{"not_picked":["hermit:Roulette","hermit:Scavenge","hermit:Headshot"],"picked":"SKIP","floor":18.0},{"not_picked":["hermit:LowProfile+1","hermit:Horror"],"picked":"hermit:Cheat","floor":21.0},{"not_picked":["hermit:WideOpen+1","hermit:Misfire+1"],"picked":"hermit:CalledShot+1","floor":22.0},{"not_picked":["hermit:ShadowCloak+1","hermit:BigShot+1"],"picked":"hermit:Brawl+1","floor":22.0}],"player_experience":1383241,"relics_obtained":[{"floor":4.0,"key":"reliquary:Firecrackers"},{"floor":7.0,"key":"reliquary:PorcupineQuills"}],"event_choices":[{"damage_healed":0.0,"max_hp_gain":0.0,"max_hp_loss":0.0,"gold_gain":0.0,"event_name":"Shining Light","player_choice":"Entered Light","floor":11.0,"gold_loss":0.0,"damage_taken":15.0,"cards_upgraded":["hermit:Defend_Hermit","hermit:Horror"]},{"damage_healed":18.0,"max_hp_gain":0.0,"max_hp_loss":0.0,"gold_gain":0.0,"event_name":"The Cleric","player_choice":"Healed","floor":14.0,"gold_loss":35.0,"damage_taken":0.0},{"damage_healed":0.0,"max_hp_gain":0.0,"max_hp_loss":0.0,"gold_gain":0.0,"event_name":"N\u0027loth","player_choice":"Traded Relic","floor":19.0,"relics_lost":["reliquary:PorcupineQuills"],"gold_loss":0.0,"damage_taken":0.0,"relics_obtained":["Nloth\u0027s Gift"]},{"cards_removed":["hermit:Horror"],"damage_healed":0.0,"max_hp_gain":0.0,"max_hp_loss":0.0,"gold_gain":0.0,"event_name":"betterNote:BetterNote","player_choice":"Take \u0026 Give","floor":20.0,"gold_loss":0.0,"damage_taken":0.0,"cards_obtained":["hermit:Maintenance"]},{"damage_healed":0.0,"max_hp_gain":0.0,"max_hp_loss":0.0,"gold_gain":0.0,"event_name":"betterMatch:BetterMatch","player_choice":"2","floor":22.0,"gold_loss":0.0,"damage_taken":0.0,"cards_obtained":["betterMatch:CommonCard","betterMatch:UncommonCard"]}],"is_beta":false,"boss_relics":[{"not_picked":["Tiny House","Coffee Dripper"],"picked":"hermit:ClaspedLocket"}],"items_purged_floors":[],"is_endless":false,"potions_floor_spawned":[3,5,6,8,13,16],"killed_by":"Gremlin Leader","ascension_level":0}}