{"host":"wri98rxht4656ll8","time":1613409460,"event":{"mods":["AchievementEnabler","BaseMod","Colored Map","Colored Powertips","Minty Spire (QoL Compilation)","Permanent Neow","StSLib"],"gold_per_floor":[113,113,63,76,1,31,31,65,65,79,79,79,98,113,113,113,113],"floor_reached":16,"language":"ENG","playtime":729,"items_purged":["Strike_R"],"score":110,"play_id":"2276fd3c-7a18-4e33-b749-21a0009fdeb8","local_time":"20210215181740","is_ascension_mode":false,"campfire_choices":[{"floor":7,"key":"REST"},{"data":"Thunderclap","floor":12,"key":"SMITH"},{"data":"Strike_R","floor":15,"key":"SMITH"}],"circlet_count":0,"master_deck":["Strike_R","Strike_R+1","Defend_R","Defend_R","Defend_R","Defend_R","Thunderclap+1"],"relics":["Burning Blood","Boot","Regal Pillow","Pear"],"acts_visited":["Exordium"],"potions_floor_usage":[6,8,16],"damage_taken":[{"damage":11,"enemies":"Jaw Worm","floor":1,"turns":3},{"damage":0,"enemies":"Small Slimes","floor":4,"turns":3},{"damage":34,"enemies":"3 Sentries","floor":6,"turns":12},{"damage":22,"enemies":"Gremlin Nob","floor":8,"turns":5},{"damage":1,"enemies":"Cultist","floor":10,"turns":3},{"damage":0,"enemies":"3 Louse","floor":13,"turns":3},{"damage":9,"enemies":"Large Slime","floor":14,"turns":6},{"damage":64,"enemies":"Slime Boss","floor":16,"turns":10}],"seed_played":"-7348830099339881705","potions_obtained":[{"floor":4,"key":"DuplicationPotion"},{"floor":6,"key":"Block Potion"},{"floor":10,"key":"EssenceOfSteel"}],"is_trial":false,"path_per_floor":["M","?","?","M","$","E","R","E","T","M","$","R","M","M","R","B"],"character_chosen":"IRONCLAD","items_purchased":[],"campfire_rested":1,"item_purchase_floors":[],"current_hp_per_floor":[67,67,67,72,72,44,65,49,59,64,64,64,70,67,67,3,3],"gold":113,"neow_bonus":"REMOVE_TWO","is_daily":false,"chose_seed":false,"campfire_upgraded":2,"win_rate":0.0,"timestamp":1613409460,"path_taken":["M","?","?","M","$","E","R","E","T","M","$","R","M","M","R","BOSS"],"items_purchased_type":[],"build_version":"2020-12-22","purchased_purges":1,"victory":false,"max_hp_per_floor":[72,72,72,72,72,72,72,72,82,82,82,82,82,82,82,82,82],"card_choices":[{"not_picked":["Pommel Strike","Sword Boomerang"],"picked":"Thunderclap","floor":1},{"not_picked":["Clothesline","Heavy Blade","Warcry"],"picked":"SKIP","floor":4},{"not_picked":["Warcry","Cleave","Havoc"],"picked":"SKIP","floor":6},{"not_picked":["Juggernaut","Iron Wave","Twin Strike"],"picked":"SKIP","floor":8},{"not_picked":["Shrug It Off","Twin Strike","Iron Wave"],"picked":"SKIP","floor":10},{"not_picked":["Clash","Inflame","Flex"],"picked":"SKIP","floor":13},{"not_picked":["Sword Boomerang","Sever Soul","Iron Wave"],"picked":"SKIP","floor":14}],"player_experience":221959,"relics_obtained":[{"floor":6,"key":"Boot"},{"floor":8,"key":"Regal Pillow"},{"floor":9,"key":"Pear"}],"event_choices":[{"damage_healed":0,"gold_gain":0,"player_choice":"Fled","damage_taken":0,"max_hp_gain":0,"max_hp_loss":0,"event_name":"Scrap Ooze","floor":2,"gold_loss":0},{"cards_removed":["Bash"],"damage_healed":0,"gold_gain":0,"player_choice":"Card Removal","damage_taken":0,"max_hp_gain":0,"max_hp_loss":0,"event_name":"The Cleric","floor":3,"gold_loss":50}],"is_beta":false,"boss_relics":[],"items_purged_floors":[5],"is_endless":false,"potions_floor_spawned":[4,6,10],"killed_by":"Slime Boss","ascension_level":0}}