{"host":"gjwzgdilc53yxmt0","time":1613416956,"event":{"mods":["2.2 Compatiblity","BaseMod","Bestiary","Highlight Path","Minty Spire (QoL Compilation)","Relic Stats","StSLib","ojb\u0027s Info Mod"],"gold_per_floor":[116,134,148,8,8,38,38,138,138,138,149,149,177,1,1,73,123,140,63,80,5,5,33,33,63,63,63,63,90,90,123,123,199,199,213,238,46,60,75,167,167,231,231,244,302,240,240,280,280,340,400,400,400,42,75,75],"floor_reached":57,"language":"ENG","playtime":9143,"items_purged":["Strike_P","Defend_P+1"],"score":3519,"play_id":"6825de26-b208-4ccd-82e2-c334c83db9b3","local_time":"20210215142236","is_ascension_mode":true,"campfire_choices":[{"data":"Eruption","floor":7.0,"key":"SMITH"},{"floor":10.0,"key":"REST"},{"data":"Halt","floor":12.0,"key":"SMITH"},{"data":"Tantrum","floor":15.0,"key":"SMITH"},{"floor":24.0,"key":"REST"},{"data":"TalkToTheHand","floor":27.0,"key":"SMITH"},{"floor":30.0,"key":"RECALL"},{"data":"FlurryOfBlows","floor":32.0,"key":"SMITH"},{"floor":41.0,"key":"REST"},{"floor":47,"key":"REST"},{"floor":49,"key":"REST"},{"floor":53,"key":"REST"}],"circlet_count":0,"master_deck":["AscendersBane","Defend_P+1","Defend_P+1","Defend_P+1","Eruption+1","Vigilance+1","LessonLearned+1","TalkToTheHand+1","FlurryOfBlows+1","FlurryOfBlows+1","FearNoEvil+1","Halt+1","Halt+1","FlurryOfBlows+1","CutThroughFate+1","Tantrum+1","InnerPeace+1","EmptyMind+1","Protect+1","TalkToTheHand+1","FlurryOfBlows+1","ClearTheMind+1","Crescendo+1","Omniscience+1","EmptyFist+1","WaveOfTheHand+1","Vault+1","Meditate+1","TalkToTheHand+1","CutThroughFate+1","Prostrate+1","Wish+1","InnerPeace+1","FearNoEvil+1","InnerPeace+1","Halt+1","Adaptation+1","FlurryOfBlows"],"relics":["PureWater","Toxic Egg 2","Sundial","Ancient Tea Set","Tiny House","Damaru","Vajra","Nunchaku","Pocketwatch","Unceasing Top","Sozu","FossilizedHelix","DollysMirror","Pen Nib","MealTicket","HornCleat","Regal Pillow","Frozen Eye","Kunai"],"acts_visited":["Exordium","TheCity","TheBeyond","TheEnding"],"potions_floor_usage":[],"damage_taken":[{"damage":8.0,"enemies":"Jaw Worm","floor":1.0,"turns":5.0},{"damage":7.0,"enemies":"Small Slimes","floor":2.0,"turns":3.0},{"damage":0.0,"enemies":"Cultist","floor":3.0,"turns":2.0},{"damage":28.0,"enemies":"3 Sentries","floor":6.0,"turns":7.0},{"damage":12.0,"enemies":"Lots of Slimes","floor":11.0,"turns":4.0},{"damage":5.0,"enemies":"Gremlin Nob","floor":13.0,"turns":4.0},{"damage":0.0,"enemies":"Hexaghost","floor":16.0,"turns":9.0},{"damage":0.0,"enemies":"3 Byrds","floor":18.0,"turns":2.0},{"damage":0.0,"enemies":"Chosen","floor":20.0,"turns":4.0},{"damage":14.0,"enemies":"Slavers","floor":23.0,"turns":2.0},{"damage":1.0,"enemies":"Book of Stabbing","floor":25.0,"turns":5.0},{"damage":0.0,"enemies":"Gremlin Leader","floor":29.0,"turns":5.0},{"damage":0.0,"enemies":"Book of Stabbing","floor":31.0,"turns":2.0},{"damage":4.0,"enemies":"Automaton","floor":33.0,"turns":10.0},{"damage":0.0,"enemies":"3 Shapes","floor":35.0,"turns":2.0},{"damage":0.0,"enemies":"Mind Bloom Boss Battle","floor":36.0,"turns":3.0},{"damage":0.0,"enemies":"3 Darklings","floor":38.0,"turns":3.0},{"damage":0.0,"enemies":"Maw","floor":39.0,"turns":5.0},{"damage":0.0,"enemies":"Nemesis","floor":40.0,"turns":3.0},{"damage":9,"enemies":"Reptomancer","floor":42,"turns":6},{"damage":8,"enemies":"4 Shapes","floor":44,"turns":5},{"damage":0,"enemies":"Giant Head","floor":45,"turns":3},{"damage":0,"enemies":"Transient","floor":48,"turns":7},{"damage":0,"enemies":"Awakened One","floor":50,"turns":7},{"damage":0,"enemies":"Donu and Deca","floor":51,"turns":8},{"damage":0,"enemies":"Shield and Spear","floor":55,"turns":5},{"damage":0,"enemies":"The Heart","floor":56,"turns":7}],"seed_played":"7687795703061652627","potions_obtained":[{"floor":3.0,"key":"Block Potion"},{"floor":11.0,"key":"Block Potion"},{"floor":13.0,"key":"DistilledChaos"},{"floor":25.0,"key":"BottledMiracle"}],"is_trial":false,"path_per_floor":["M","M","M","$","?","E","R","?","T","R","M","R","E","$","R","B",null,"M","$","M","$","?","E","R","E","T","R","?","E","R","E","R","B",null,"M","?","$","M","M","E","R","E","T","M","E","?","R","M","R","B","B",null,"R","$","E","B",null],"character_chosen":"WATCHER","items_purchased":["FearNoEvil","Halt","Tantrum","InnerPeace+1","TalkToTheHand","DollysMirror","CutThroughFate","Adaptation","Frozen Eye"],"campfire_rested":6,"item_purchase_floors":[4,4,14,14,19,37,37,54,54],"current_hp_per_floor":[53,46,46,46,51,23,23,23,23,43,31,31,26,26,26,26,62,62,62,62,62,62,48,69,68,68,68,68,68,68,68,68,64,70,70,70,70,70,70,70,72,63,63,55,55,55,72,72,72,72,72,72,72,72,72,72],"gold":75,"neow_bonus":"THREE_RARE_CARDS","is_daily":false,"chose_seed":false,"campfire_upgraded":5,"win_rate":0.0,"timestamp":1613416956,"path_taken":["M","M","M","$","?","E","R","?","T","R","M","R","E","$","R","BOSS","M","$","?","?","?","E","R","E","T","R","?","E","R","E","R","BOSS","M","?","$","M","M","E","R","E","T","M","E","?","R","?","R","BOSS","BOSS","R","$","E","BOSS"],"items_purchased_type":["Card","Card","Card","Card","Card","Relic","Card","Card","Relic"],"build_version":"2020-12-22","purchased_purges":2,"victory":true,"max_hp_per_floor":[62,62,62,62,67,67,67,67,67,67,67,67,67,67,67,67,72,72,72,72,72,72,72,72,72,72,72,72,72,72,72,72,72,72,72,72,72,72,72,72,72,72,72,72,72,72,72,72,72,72,72,72,72,72,72,72],"relic_stats":{"Sozu":4,"Nunchaku":[50],"Regal Pillow":0,"counters":[27,128],"Sundial":[12],"MealTicket":0,"Pen Nib":[31],"Kunai":[22],"obtain_stats":[{"Regal Pillow":46,"Tiny House":17,"Damaru":23,"Vajra":25,"Pen Nib":40,"Ancient Tea Set":13,"Sozu":34,"Frozen Eye":54,"Nunchaku":26,"HornCleat":45,"Sundial":9,"DollysMirror":37,"MealTicket":42,"Kunai":55,"PureWater":0,"Toxic Egg 2":6,"Unceasing Top":31,"FossilizedHelix":36,"Pocketwatch":29},{"Regal Pillow":22,"Tiny House":7,"Damaru":10,"Vajra":11,"Pen Nib":19,"Ancient Tea Set":6,"Sozu":14,"Frozen Eye":25,"Nunchaku":11,"HornCleat":22,"Sundial":4,"DollysMirror":16,"MealTicket":20,"Kunai":26,"PureWater":0,"Toxic Egg 2":4,"Unceasing Top":13,"FossilizedHelix":16,"Pocketwatch":12},{"Regal Pillow":94,"Tiny House":34,"Damaru":42,"Vajra":47,"Pen Nib":80,"Ancient Tea Set":25,"Sozu":64,"Frozen Eye":116,"Nunchaku":47,"HornCleat":94,"Sundial":17,"DollysMirror":69,"MealTicket":86,"Kunai":121,"PureWater":0,"Toxic Egg 2":17,"Unceasing Top":54,"FossilizedHelix":69,"Pocketwatch":52}],"Unceasing Top":[28],"Pocketwatch":[27]},"card_choices":[{"not_picked":["Alpha","ConjureBlade"],"picked":"LessonLearned","floor":0.0},{"not_picked":["SashWhip","CrushJoints"],"picked":"TalkToTheHand","floor":1.0},{"not_picked":["Evaluate","Crescendo"],"picked":"FlurryOfBlows","floor":2.0},{"not_picked":["EmptyMind","Wallop"],"picked":"FlurryOfBlows","floor":3.0},{"not_picked":["WindmillStrike","BowlingBash"],"picked":"Halt+1","floor":6.0},{"not_picked":["Vengeance+1","SashWhip"],"picked":"FlurryOfBlows","floor":11.0},{"not_picked":["SashWhip","Alpha+1"],"picked":"CutThroughFate","floor":13.0},{"not_picked":["Pray+1","ClearTheMind+1"],"picked":"EmptyMind+1","floor":17.0},{"not_picked":["Conclude","WindmillStrike"],"picked":"Protect+1","floor":18.0},{"not_picked":["ThirdEye+1","FearNoEvil"],"picked":"FlurryOfBlows","floor":20.0},{"not_picked":["Consecrate","Devotion"],"picked":"ClearTheMind+1","floor":23.0},{"not_picked":["Consecrate","CarveReality"],"picked":"Crescendo+1","floor":25.0},{"not_picked":["Wallop","Weave"],"picked":"WaveOfTheHand+1","floor":29.0},{"not_picked":["Collect+1","Prostrate+1","Study"],"picked":"SKIP","floor":31.0},{"not_picked":["DevaForm","LessonLearned"],"picked":"Vault+1","floor":33.0},{"not_picked":["CrushJoints+1","FlyingSleeves+1","Evaluate+1"],"picked":"SKIP","floor":35.0},{"not_picked":["BowlingBash","FollowUp+1"],"picked":"Meditate+1","floor":36.0},{"not_picked":["FlyingSleeves","BattleHymn","Prostrate+1"],"picked":"SKIP","floor":38.0},{"not_picked":["FlyingSleeves","BattleHymn"],"picked":"Prostrate+1","floor":38.0},{"not_picked":["Sanctity+1","BowlingBash+1"],"picked":"Wish+1","floor":39.0},{"not_picked":["SignatureMove+1","WheelKick"],"picked":"InnerPeace+1","floor":40.0},{"not_picked":["Vengeance+1","Pray+1","Consecrate"],"picked":"SKIP","floor":42},{"not_picked":["Wallop","Vengeance+1"],"picked":"FearNoEvil+1","floor":44},{"not_picked":["Consecrate","FollowUp+1"],"picked":"InnerPeace+1","floor":45},{"not_picked":["Consecrate+1","ThirdEye+1"],"picked":"Halt+1","floor":48},{"not_picked":["LessonLearned","SashWhip+1"],"picked":"FlurryOfBlows","floor":55}],"player_experience":4944958,"relics_obtained":[{"floor":6.0,"key":"Toxic Egg 2"},{"floor":9.0,"key":"Sundial"},{"floor":13.0,"key":"Ancient Tea Set"},{"floor":23.0,"key":"Damaru"},{"floor":25.0,"key":"Vajra"},{"floor":26.0,"key":"Nunchaku"},{"floor":29.0,"key":"Pocketwatch"},{"floor":31.0,"key":"Unceasing Top"},{"floor":36.0,"key":"FossilizedHelix"},{"floor":40.0,"key":"Pen Nib"},{"floor":42,"key":"MealTicket"},{"floor":45,"key":"HornCleat"},{"floor":55,"key":"Kunai"}],"event_choices":[{"damage_healed":0.0,"max_hp_gain":5.0,"max_hp_loss":0.0,"gold_gain":0.0,"event_name":"Big Fish","player_choice":"Donut","floor":5.0,"gold_loss":0.0,"damage_taken":0.0},{"damage_healed":0.0,"max_hp_gain":0.0,"max_hp_loss":0.0,"gold_gain":100.0,"event_name":"Wheel of Change","player_choice":"Gold","floor":8.0,"gold_loss":0.0,"damage_taken":0.0},{"cards_removed":["Strike_P"],"damage_healed":0.0,"max_hp_gain":0.0,"max_hp_loss":0.0,"gold_gain":0.0,"event_name":"Back to Basics","player_choice":"Elegance","floor":22.0,"gold_loss":0.0,"damage_taken":0.0},{"damage_healed":0.0,"max_hp_gain":0.0,"max_hp_loss":0.0,"gold_gain":0.0,"cards_transformed":["Strike_P","Strike_P"],"event_name":"Drug Dealer","player_choice":"Became Test Subject","floor":28.0,"gold_loss":0.0,"damage_taken":0.0,"cards_obtained":["Omniscience","EmptyFist"]},{"damage_healed":0.0,"max_hp_gain":0.0,"max_hp_loss":0.0,"gold_gain":0.0,"event_name":"MindBloom","player_choice":"Fight","floor":36.0,"gold_loss":0.0,"damage_taken":0.0},{"damage_healed":0,"gold_gain":0,"player_choice":"Paid Gold","damage_taken":0,"relics_obtained":["Regal Pillow"],"max_hp_gain":0,"max_hp_loss":0,"event_name":"WeMeetAgain","floor":46,"gold_loss":62}],"is_beta":false,"boss_relics":[{"not_picked":["Snecko Eye","Velvet Choker"],"picked":"Tiny House"},{"not_picked":["HolyWater","Calling Bell"],"picked":"Sozu"}],"items_purged_floors":[21,54],"is_endless":false,"potions_floor_spawned":[3,11,13,16,20,23,25,36,39,40,42,45,55],"ascension_level":20}}