{"host":"bpnwh7vpv9k3tssc","time":1613401740,"event":{"mods":["BaseMod","Colored Map","Colored Powertips","Curses Come First","Highlight Path","Minty Spire (QoL Compilation)","Quick Restart","Random Character Button","Relic Sorter","StSLib"],"gold_per_floor":[110,130,80,80,80,80,113,113,162,174,154,104,120,149,149,149,149],"floor_reached":16,"language":"ENG","playtime":444,"items_purged":["Strike_R","Strike_R"],"score":194,"play_id":"482944c9-8643-43cd-90b1-e40b29c934e6","local_time":"20210215160900","is_ascension_mode":true,"campfire_choices":[{"data":"Bash","floor":6,"key":"SMITH"},{"data":"Havoc","floor":8,"key":"SMITH"},{"data":"Body Slam","floor":15,"key":"SMITH"}],"circlet_count":0,"master_deck":["AscendersBane","Strike_R","Strike_R","Strike_R","Defend_R","Defend_R","Defend_R","Defend_R","Bash+1","Havoc+1","Body Slam+1","Thunderclap","Flame Barrier","Infernal Blade"],"relics":["Burning Blood","Smiling Mask","Bronze Scales","Juzu Bracelet","Regal Pillow","Blood Vial"],"acts_visited":["Exordium"],"potions_floor_usage":[13,14,16],"damage_taken":[{"damage":1,"enemies":"Cultist","floor":1,"turns":3},{"damage":10,"enemies":"Small Slimes","floor":2,"turns":4},{"damage":55,"enemies":"3 Sentries","floor":7,"turns":10},{"damage":2,"enemies":"Jaw Worm","floor":10,"turns":2},{"damage":11,"enemies":"Blue Slaver","floor":13,"turns":4},{"damage":8,"enemies":"Lagavulin","floor":14,"turns":5},{"damage":40,"enemies":"Slime Boss","floor":16,"turns":8}],"seed_played":"5560366391401887604","potions_obtained":[{"floor":2,"key":"Weak Potion"},{"floor":7,"key":"DuplicationPotion"},{"floor":10,"key":"BloodPotion"},{"floor":14,"key":"DuplicationPotion"}],"is_trial":false,"path_per_floor":["M","M","$","?","?","R","E","R","T","M","?","$","M","E","R","B"],"character_chosen":"IRONCLAD","items_purchased":[],"campfire_rested":0,"item_purchase_floors":[],"current_hp_per_floor":[73,69,69,69,69,69,20,20,20,24,24,24,34,32,32,0,0],"gold":149,"neow_bonus":"RANDOM_COMMON_RELIC","is_daily":false,"chose_seed":false,"campfire_upgraded":3,"win_rate":0.0,"timestamp":1613401740,"path_taken":["M","M","$","?","?","R","E","R","T","M","?","?","M","E","R","BOSS"],"items_purchased_type":[],"build_version":"2020-12-22","purchased_purges":2,"victory":false,"max_hp_per_floor":[75,75,75,75,75,75,75,75,75,75,75,75,75,75,75,75,75],"card_choices":[{"not_picked":["Twin Strike","Dual Wield"],"picked":"Havoc","floor":1},{"not_picked":["Clothesline","Entrench"],"picked":"Body Slam","floor":2},{"not_picked":["Wild Strike","Headbutt"],"picked":"Thunderclap","floor":7},{"not_picked":["Iron Wave","Pommel Strike","Warcry"],"picked":"SKIP","floor":10},{"not_picked":["Perfected Strike","Pommel Strike"],"picked":"Flame Barrier","floor":13},{"not_picked":["Combust","Feed"],"picked":"Infernal Blade","floor":14}],"player_experience":399683,"relics_obtained":[{"floor":7,"key":"Juzu Bracelet"},{"floor":9,"key":"Regal Pillow"},{"floor":14,"key":"Blood Vial"}],"event_choices":[{"damage_healed":0,"gold_gain":0,"player_choice":"Ignored","damage_taken":0,"max_hp_gain":0,"max_hp_loss":0,"event_name":"Liars Game","floor":4,"gold_loss":0},{"damage_healed":0,"gold_gain":0,"player_choice":"Gave Potion","damage_taken":0,"relics_obtained":["Bronze Scales"],"max_hp_gain":0,"max_hp_loss":0,"event_name":"WeMeetAgain","floor":5,"gold_loss":0},{"damage_healed":0,"gold_gain":0,"player_choice":"Bought 1 Potion","damage_taken":0,"max_hp_gain":0,"max_hp_loss":0,"event_name":"The Woman in Blue","floor":11,"gold_loss":0}],"is_beta":false,"boss_relics":[],"items_purged_floors":[3,12],"is_endless":false,"potions_floor_spawned":[2,7,10,14],"killed_by":"Slime Boss","ascension_level":16}}