{"host":"5vt7i1s0igmi3yzq","time":1613358822,"event":{"mods":["AchievementEnabler","Act Like it!","Aspiration","BaseMod","Better Altar","Better Match","Better Note","Better Sensory Stone","Better Skull","Better Third Choice","Better Vampires","BetterRewards","Colored Powertips","Fox Events","GifTheSpireLib","Hermit","Highlight Path","Minty Spire (QoL Compilation)","Morshu Shopkeeper - ENHANCED","Pale of the Ancients","Permanent Neow","Rare Cards Sparkle","Replay The Spire","Reworked Bosses","Shop Mod","StSLib","Stuff the Spire","Unceasing Turn Reminder","Wandering Minibosses","everything is the same but u backflip on backflip"],"gold_per_floor":[114,133,83,83,33,63,63,78,78,106,123,239,5,18,18,115,115,125,143,143,143,170,286,211,211,236,236,236],"floor_reached":27,"language":"ENG","playtime":1463,"items_purged":["hermit:Defend_Hermit"],"score":315,"play_id":"39ee5d9b-687d-4281-9d17-06cfa56aaf4f","local_time":"20210214211342","is_ascension_mode":true,"campfire_choices":[{"data":"hermit:Roughhouse","floor":7,"key":"SMITH"},{"floor":15,"key":"REST"}],"circlet_count":0,"master_deck":["hermit:Strike_Hermit","hermit:Strike_Hermit","hermit:Strike_Hermit","hermit:Defend_Hermit","hermit:Defend_Hermit","hermit:Snapshot","hermit:Covet","hermit:NoHoldsBarred+1","hermit:Roughhouse+1","hermit:WideOpen","hermit:Quickdraw","hermit:Deadeye","hermit:Determination","hermit:HighNoon","AbeCurse","hermit:Enervate+1","hermit:Scavenge+1","Ghostly","Ghostly","Ghostly","Ghostly","Ghostly","hermit:Vantage","hermit:GoldenBullet+1","hermit:Maintenance","hermit:TrackingShot+1"],"relics":["hermit:Momento","Smiling Mask","Mirror","aspiration:StickyExplosives_weak","StuffTheSpire:TintedRock","hermit:RyeStalk","Replay:Mystery Machine","Replay:Grab Bag","ChewingGum","Abe\u0027s Treasure","aspiration:PoetsPen_weak","betterThird:NestCultRelic","Blood Vial","Whetstone"],"acts_visited":["Exordium","TheCity"],"potions_floor_usage":[16,19,23],"damage_taken":[{"damage":0,"enemies":"2 Louse","floor":1,"turns":3},{"damage":3,"enemies":"Jaw Worm","floor":2,"turns":4},{"damage":20,"enemies":"Gremlin Nob","floor":6,"turns":4},{"damage":0,"enemies":"Small Slimes","floor":8,"turns":1},{"damage":26,"enemies":"Lagavulin","floor":10,"turns":4},{"damage":5,"enemies":"Looter","floor":11,"turns":2},{"damage":0,"enemies":"Replay:BlueRogue","floor":12,"turns":4},{"damage":0,"enemies":"Exordium Wildlife","floor":14,"turns":2},{"damage":27,"enemies":"Hexaghost","floor":16,"turns":9},{"damage":0,"enemies":"Spheric Guardian","floor":18,"turns":3},{"damage":0,"enemies":"3 Byrds","floor":19,"turns":2},{"damage":10,"enemies":"Cultist and Chosen","floor":22,"turns":5},{"damage":13,"enemies":"Replay:Snechameleon","floor":23,"turns":5},{"damage":27,"enemies":"Slavers","floor":27,"turns":1}],"seed_played":"-1479133195448406142","potions_obtained":[{"floor":6,"key":"Swift Potion"},{"floor":8,"key":"Elixir"},{"floor":10,"key":"EssenceOfSteel"},{"floor":14,"key":"Swift Potion"},{"floor":18,"key":"Elixir"},{"floor":19,"key":"hermit:BlackBile"}],"is_trial":false,"path_per_floor":["M","M","?","T","$","E","R","M","T","E","M","E","$","M","R","B",null,"M","M","?","?","M","E","?","?","T","E"],"character_chosen":"HERMIT","items_purchased":["hermit:Deadeye","Replay:Mystery Machine"],"campfire_rested":1,"item_purchase_floors":[13,13],"current_hp_per_floor":[75,72,72,72,72,52,52,52,52,26,21,21,21,21,43,16,75,75,75,37,37,27,14,14,14,14,0,0],"gold":236,"neow_bonus":"RANDOM_COMMON_RELIC","is_daily":false,"chose_seed":false,"campfire_upgraded":1,"win_rate":0.0,"timestamp":1613358822,"path_taken":["M","M","?","?","?","E","R","M","T","E","M","E","$","M","R","BOSS","M","M","?","?","M","E","?","?","T","E"],"items_purchased_type":["Card","Relic"],"build_version":"2020-12-22","purchased_purges":1,"victory":false,"max_hp_per_floor":[75,75,75,75,75,75,75,75,75,75,75,75,75,75,75,75,75,75,75,37,37,37,37,37,37,37,37,37],"card_choices":[{"not_picked":["hermit:ItchyTrigger","hermit:Dive"],"picked":"hermit:BigShot","floor":1},{"not_picked":["hermit:Shortfuse","hermit:TakeCover"],"picked":"hermit:NoHoldsBarred","floor":2},{"not_picked":["hermit:Dive","hermit:Scavenge"],"picked":"hermit:Roughhouse","floor":6},{"not_picked":["hermit:Feint","hermit:HighCaliber"],"picked":"hermit:WideOpen","floor":8},{"not_picked":["hermit:Grudge","hermit:Feint","hermit:CursedWeapon"],"picked":"SKIP","floor":10},{"not_picked":["hermit:Malice","hermit:LowProfile"],"picked":"hermit:Quickdraw","floor":11},{"not_picked":["hermit:FromBeyond","hermit:NoHoldsBarred"],"picked":"hermit:DeadMansHand","floor":12},{"not_picked":["hermit:HighCaliber","hermit:WideOpen"],"picked":"hermit:Determination","floor":14},{"not_picked":["hermit:FatalDesire","hermit:HeroicBravado"],"picked":"hermit:HighNoon","floor":16},{"not_picked":["hermit:BigShot","hermit:GoldenBullet+1"],"picked":"hermit:Enervate+1","floor":18},{"not_picked":["hermit:LoneWolf","hermit:GoldenBullet"],"picked":"hermit:Scavenge+1","floor":19},{"not_picked":["hermit:LowProfile","hermit:Manifest"],"picked":"hermit:Vantage","floor":22},{"not_picked":["hermit:Glare+1","hermit:Cheat+1"],"picked":"hermit:GoldenBullet+1","floor":23}],"player_experience":403733,"relics_obtained":[{"floor":4,"key":"Mirror"},{"floor":6,"key":"aspiration:StickyExplosives_weak"},{"floor":10,"key":"StuffTheSpire:TintedRock"},{"floor":12,"key":"hermit:RyeStalk"},{"floor":23,"key":"Blood Vial"},{"floor":26,"key":"Whetstone"}],"event_choices":[{"cards_removed":["hermit:Strike_Hermit"],"damage_healed":0,"gold_gain":0,"player_choice":"Card Removal","damage_taken":0,"max_hp_gain":0,"max_hp_loss":0,"event_name":"The Cleric","floor":3,"gold_loss":50},{"damage_healed":0,"gold_gain":0,"player_choice":"Became a Ghost","damage_taken":0,"max_hp_gain":0,"max_hp_loss":38,"event_name":"Ghosts","floor":20,"gold_loss":0,"cards_obtained":["Ghostly","Ghostly","Ghostly","Ghostly","Ghostly"]},{"damage_healed":0,"gold_gain":0,"player_choice":"Madness","damage_taken":0,"relics_obtained":["betterThird:NestCultRelic"],"max_hp_gain":0,"max_hp_loss":0,"event_name":"betterThird:BetterNest","floor":21,"gold_loss":0},{"cards_removed":["hermit:DeadMansHand"],"damage_healed":0,"gold_gain":0,"player_choice":"Gave Gold","damage_taken":0,"max_hp_gain":0,"max_hp_loss":0,"event_name":"Beggar","floor":24,"gold_loss":75},{"damage_healed":0,"gold_gain":0,"cards_transformed":["hermit:BigShot","hermit:Defend_Hermit"],"player_choice":"Became Test Subject","damage_taken":0,"max_hp_gain":0,"max_hp_loss":0,"event_name":"Drug Dealer","floor":25,"gold_loss":0,"cards_obtained":["hermit:Maintenance","hermit:TrackingShot"]}],"is_beta":false,"boss_relics":[{"not_picked":["StuffTheSpire:Kangaroo","aspiration:RunicSpoon"],"picked":"Replay:Grab Bag"},{"not_picked":["Coffee Dripper","StuffTheSpire:ModemDavis"],"picked":"ChewingGum"},{"not_picked":["Painkiller Herb","Runic Dome"],"picked":"Abe\u0027s Treasure"},{"not_picked":["aspiration:SilentSkillbook","Kintsugi"],"picked":"aspiration:PoetsPen_weak"}],"items_purged_floors":[5],"is_endless":false,"potions_floor_spawned":[6,8,10,14,18,19],"killed_by":"Slavers","ascension_level":1}}