{"host":"raaimkojny05jekw","time":1613410596,"event":{"mods":["AchievementEnabler","BaseMod","Colored Map","Colored Powertips","DeckTracker","Minty Spire (QoL Compilation)","Quick Restart","Rare Cards Sparkle","everything is the same but u backflip on backflip"],"gold_per_floor":[114,133,308,38,113,113,113,132,158,172,172,24,24,51,51,51,51],"floor_reached":16,"language":"KOR","playtime":426,"items_purged":["Doubt"],"score":132,"play_id":"5ce0b799-d9bc-43da-bdad-33f001e9d6b0","local_time":"20210216023636","is_ascension_mode":true,"campfire_choices":[{"data":"Chrysalis","floor":6,"key":"SMITH"},{"data":"Perfected Strike","floor":11,"key":"SMITH"},{"data":"Brutality","floor":13,"key":"SMITH"},{"floor":15,"key":"REST"}],"circlet_count":0,"master_deck":["Strike_R","Strike_R","Strike_R","Strike_R","Defend_R","Defend_R","Defend_R","Bash+1","Decay","Dual Wield","Shrug It Off","Reckless Charge","Wild Strike","Chrysalis+1","Perfected Strike+1","Cleave","Brutality+1"],"relics":["Burning Blood","Regal Pillow","Bag of Preparation"],"acts_visited":["Exordium"],"potions_floor_usage":[2],"damage_taken":[{"damage":6,"enemies":"2 Louse","floor":1,"turns":3},{"damage":22,"enemies":"Small Slimes","floor":2,"turns":4},{"damage":13,"enemies":"Jaw Worm","floor":8,"turns":3},{"damage":25,"enemies":"Exordium Thugs","floor":10,"turns":9},{"damage":12,"enemies":"Gremlin Nob","floor":14,"turns":3},{"damage":59,"enemies":"Hexaghost","floor":16,"turns":9}],"seed_played":"4237157989132898810","potions_obtained":[{"floor":2,"key":"Fruit Juice"},{"floor":10,"key":"LiquidBronze"}],"is_trial":false,"path_per_floor":["M","M","?","$","?","R","?","M","T","M","R","$","R","E","R","B"],"character_chosen":"IRONCLAD","items_purchased":["Chrysalis","Brutality"],"campfire_rested":1,"item_purchase_floors":[4,12],"current_hp_per_floor":[72,61,61,61,50,50,50,43,43,24,24,24,24,18,58,0,0],"gold":51,"neow_bonus":"TRANSFORM_TWO_CARDS","is_daily":false,"chose_seed":false,"campfire_upgraded":3,"win_rate":0.0,"timestamp":1613410596,"path_taken":["M","M","?","$","?","R","?","M","T","?","R","?","R","E","R","BOSS"],"items_purchased_type":["Card","Card"],"build_version":"2020-12-22","purchased_purges":1,"victory":false,"max_hp_per_floor":[80,85,85,85,85,85,85,85,85,85,85,85,85,85,85,85,85],"card_choices":[{"not_picked":["Rampage","Intimidate"],"picked":"Reckless Charge","floor":1},{"not_picked":["Second Wind","Thunderclap"],"picked":"Wild Strike","floor":2},{"not_picked":["Twin Strike","Cleave"],"picked":"Perfected Strike","floor":8},{"not_picked":["Flex","Clash"],"picked":"Cleave","floor":10},{"not_picked":["Feel No Pain","Clash","Dual Wield"],"picked":"SKIP","floor":14}],"player_experience":750513,"relics_obtained":[{"floor":9,"key":"Regal Pillow"},{"floor":14,"key":"Bag of Preparation"}],"event_choices":[{"damage_healed":0,"gold_gain":175,"player_choice":"AGREE","damage_taken":0,"max_hp_gain":0,"max_hp_loss":0,"event_name":"Liars Game","floor":3,"gold_loss":0,"cards_obtained":["Doubt"]},{"damage_healed":0,"gold_gain":75,"player_choice":"Gather Gold","damage_taken":11,"max_hp_gain":0,"max_hp_loss":0,"event_name":"World of Goop","floor":5,"gold_loss":0},{"damage_healed":0,"gold_gain":0,"player_choice":"Grow","damage_taken":0,"max_hp_gain":0,"max_hp_loss":0,"event_name":"Living Wall","floor":7,"gold_loss":0,"cards_upgraded":["Bash"]}],"is_beta":false,"boss_relics":[],"items_purged_floors":[4],"is_endless":false,"potions_floor_spawned":[2,10],"killed_by":"Hexaghost","ascension_level":7}}