{"host":"b6kqr6ulwax9qd8q","time":1613355752,"event":{"mods":["BaseMod","Minty Spire (QoL Compilation)"],"gold_per_floor":[119,131,147,35,35,60,60,60,60,60,60,60,60,60,60,60,60],"floor_reached":16,"language":"ENG","playtime":1057,"items_purged":[],"score":144,"play_id":"33f04c39-ff1b-4edc-838b-3a036d112af4","local_time":"20210214212232","is_ascension_mode":true,"campfire_choices":[{"floor":8,"key":"REST"},{"floor":11,"key":"REST"},{"data":"Noxious Fumes","floor":13,"key":"SMITH"},{"data":"Neutralize","floor":15,"key":"SMITH"}],"circlet_count":0,"master_deck":["AscendersBane","Strike_G","Strike_G","Strike_G","Strike_G","Strike_G","Defend_G","Defend_G","Defend_G","Defend_G","Defend_G","Survivor","Neutralize+1","Flying Knee","Blur","Flying Knee","Noxious Fumes+1","Regret","Quick Slash","Injury"],"relics":["Ring of the Snake","Bird Faced Urn","Mercury Hourglass","Letter Opener","Oddly Smooth Stone","Paper Crane","Golden Idol"],"acts_visited":["Exordium"],"potions_floor_usage":[6],"damage_taken":[{"damage":7,"enemies":"2 Louse","floor":1,"turns":3},{"damage":4,"enemies":"Jaw Worm","floor":2,"turns":6},{"damage":2,"enemies":"Small Slimes","floor":3,"turns":4},{"damage":40,"enemies":"Gremlin Nob","floor":6,"turns":5},{"damage":46,"enemies":"Hexaghost","floor":16,"turns":12}],"seed_played":"-6779610091400684385","potions_obtained":[{"floor":3,"key":"EssenceOfSteel"}],"is_trial":false,"path_per_floor":["M","M","M","$","?","E","?","R","T","?","R","$","R","?","R","B"],"character_chosen":"THE_SILENT","items_purchased":["Noxious Fumes","DuplicationPotion"],"campfire_rested":2,"item_purchase_floors":[4,4],"current_hp_per_floor":[56,52,50,50,50,12,5,23,23,23,41,41,41,41,41,0,0],"gold":60,"neow_bonus":"ONE_RARE_RELIC","is_daily":false,"chose_seed":false,"campfire_upgraded":2,"win_rate":0.0,"timestamp":1613355752,"path_taken":["M","M","M","$","?","E","?","R","T","?","R","$","R","?","R","BOSS"],"items_purchased_type":["Card","Potion"],"build_version":"2020-12-22","purchased_purges":0,"victory":false,"max_hp_per_floor":[63,63,63,63,63,63,63,63,63,63,63,63,63,63,63,63,63],"card_choices":[{"not_picked":["Skewer","Outmaneuver"],"picked":"Flying Knee","floor":1},{"not_picked":["Crippling Poison","Acrobatics"],"picked":"Blur","floor":2},{"not_picked":["Acrobatics","Riddle With Holes"],"picked":"Flying Knee","floor":3},{"not_picked":["Blade Dance","Backstab"],"picked":"Quick Slash","floor":6}],"player_experience":601927,"relics_obtained":[{"floor":6,"key":"Letter Opener"},{"floor":9,"key":"Paper Crane"}],"event_choices":[{"damage_healed":0,"gold_gain":0,"player_choice":"Box","damage_taken":0,"relics_obtained":["Mercury Hourglass"],"max_hp_gain":0,"max_hp_loss":0,"event_name":"Big Fish","floor":5,"gold_loss":0,"cards_obtained":["Regret"]},{"damage_healed":0,"gold_gain":0,"player_choice":"Success","damage_taken":7,"relics_obtained":["Oddly Smooth Stone"],"max_hp_gain":0,"max_hp_loss":0,"event_name":"Scrap Ooze","floor":7,"gold_loss":0},{"damage_healed":0,"gold_gain":0,"player_choice":"Ignored","damage_taken":0,"max_hp_gain":0,"max_hp_loss":0,"event_name":"Golden Wing","floor":10,"gold_loss":0},{"damage_healed":0,"gold_gain":0,"player_choice":"Take Wound","damage_taken":0,"relics_obtained":["Golden Idol"],"max_hp_gain":0,"max_hp_loss":0,"event_name":"Golden Idol","floor":14,"gold_loss":0,"cards_obtained":["Injury"]}],"is_beta":false,"boss_relics":[],"items_purged_floors":[],"is_endless":false,"potions_floor_spawned":[3],"killed_by":"Hexaghost","ascension_level":10}}