{"host":"s509oin3ptw7n5v1","time":1613368236,"event":{"mods":["2.2 Compatiblity","AchievementEnabler","BaseMod","Colored Map","Colored Powertips","Highlight Path","Minty Spire (QoL Compilation)","Rare Cards Sparkle","Relic Stats","Spicy Shops","StSLib"],"gold_per_floor":[212,223,223,49,14,31,60,60,60,86,145,145,0,19,19,97,97,110,130,45,45,45,45,63,74,74,74,74],"floor_reached":27,"language":"ENG","playtime":3412,"items_purged":[],"score":365,"play_id":"22673130-7f82-438b-b573-cd14233b6b23","local_time":"20210215005036","is_ascension_mode":true,"campfire_choices":[{"floor":8.0,"key":"REST"},{"floor":12.0,"key":"REST"},{"floor":15.0,"key":"REST"},{"floor":23.0,"key":"REST"}],"circlet_count":0,"master_deck":["AscendersBane","Strike_B+1","Strike_B+1","Strike_B+1","Strike_B+1","Defend_B+1","Defend_B+1","Defend_B+1","Defend_B+1","Zap","Dualcast","Genetic Algorithm","Streamline","Storm","Go for the Eyes","Lockon","Sweeping Beam","Heatsinks","Gash","Creative AI","Capacitor","Creative AI","Reinforced Body","Consume+1","Loop","Ball Lightning","Doom and Gloom","Fusion+1"],"relics":["Cracked Core","OrangePellets","Mummified Hand","Eternal Feather","Incense Burner","Symbiotic Virus","Philosopher\u0027s Stone","NlothsMask"],"acts_visited":["Exordium","TheCity"],"potions_floor_usage":[],"damage_taken":[{"damage":1.0,"enemies":"Cultist","floor":1.0,"turns":4.0},{"damage":5.0,"enemies":"Jaw Worm","floor":2.0,"turns":4.0},{"damage":2.0,"enemies":"Small Slimes","floor":6.0,"turns":2.0},{"damage":31.0,"enemies":"Lagavulin","floor":7.0,"turns":7.0},{"damage":20.0,"enemies":"Gremlin Nob","floor":10.0,"turns":4.0},{"damage":20.0,"enemies":"3 Sentries","floor":11.0,"turns":5.0},{"damage":3.0,"enemies":"Looter","floor":14.0,"turns":3.0},{"damage":28.0,"enemies":"Hexaghost","floor":16.0,"turns":6.0},{"damage":9.0,"enemies":"Chosen","floor":18.0,"turns":5.0},{"damage":19.0,"enemies":"Shell Parasite","floor":19.0,"turns":6.0},{"damage":31.0,"enemies":"Centurion and Healer","floor":24.0,"turns":5.0},{"damage":33.0,"enemies":"Shelled Parasite and Fungi","floor":25.0,"turns":4.0},{"damage":34,"enemies":"Gremlin Leader","floor":27,"turns":5}],"seed_played":"7433070685546091632","potions_obtained":[{"floor":1.0,"key":"Dexterity Potion"},{"floor":10.0,"key":"DistilledChaos"},{"floor":16.0,"key":"ColorlessPotion"},{"floor":18.0,"key":"GamblersBrew"},{"floor":24.0,"key":"Fruit Juice"},{"floor":25.0,"key":"Fruit Juice"}],"is_trial":false,"path_per_floor":["M","M","?","$","?","M","E","R","T","E","?","R","$","M","R","B",null,"M","M","$","?","?","R","M","M","T","E"],"character_chosen":"DEFECT","items_purchased":["Storm","OrangePellets","Go for the Eyes","Creative AI","Loop","Ball Lightning"],"campfire_rested":4,"item_purchase_floors":[4,4,4,13,20,20],"current_hp_per_floor":[67,62,47,47,65,63,32,54,54,34,14,45,45,42,75,47,68,59,40,40,40,40,75,49,21,21,0,0],"gold":74,"neow_bonus":"HUNDRED_GOLD","is_daily":false,"chose_seed":false,"campfire_upgraded":0,"win_rate":0.0,"timestamp":1613368236,"path_taken":["M","M","?","$","?","M","E","R","T","E","?","R","$","M","R","BOSS","M","M","$","?","?","R","M","?","T","E"],"items_purchased_type":["Card","Relic","Card","Card","Card","Card"],"build_version":"2020-12-22","purchased_purges":0,"victory":false,"max_hp_per_floor":[75,75,75,75,75,75,75,75,75,75,75,75,75,75,75,75,75,75,75,75,75,75,75,80,85,85,85,85],"relic_stats":{"OrangePellets":[6],"counters":[13,60],"Mummified Hand":[56],"Eternal Feather":36,"obtain_stats":[{"OrangePellets":4,"Mummified Hand":7,"Eternal Feather":9,"Philosopher\u0027s Stone":17,"Incense Burner":10,"Cracked Core":0,"Symbiotic Virus":11,"NlothsMask":22},{"OrangePellets":2,"Mummified Hand":4,"Eternal Feather":4,"Philosopher\u0027s Stone":8,"Incense Burner":5,"Cracked Core":0,"Symbiotic Virus":6,"NlothsMask":10},{"OrangePellets":8,"Mummified Hand":17,"Eternal Feather":17,"Philosopher\u0027s Stone":35,"Incense Burner":21,"Cracked Core":0,"Symbiotic Virus":26,"NlothsMask":46}]},"card_choices":[{"not_picked":["Recycle","Coolheaded"],"picked":"Genetic Algorithm","floor":1.0},{"not_picked":["Auto Shields","Double Energy"],"picked":"Streamline","floor":2.0},{"not_picked":["Barrage","Steam"],"picked":"Lockon","floor":6.0},{"not_picked":["Chill","Rebound"],"picked":"Sweeping Beam","floor":7.0},{"not_picked":["Core Surge","Leap"],"picked":"Heatsinks","floor":10.0},{"not_picked":["Force Field","Go for the Eyes"],"picked":"Gash","floor":11.0},{"not_picked":["Fusion","Ball Lightning"],"picked":"Capacitor","floor":14.0},{"not_picked":["All For One","Biased Cognition"],"picked":"Creative AI","floor":16.0},{"not_picked":["Barrage","Turbo"],"picked":"Reinforced Body","floor":18.0},{"not_picked":["Tempest+1","Cold Snap"],"picked":"Consume+1","floor":19.0},{"not_picked":["Leap","Beam Cell"],"picked":"Doom and Gloom","floor":24.0},{"not_picked":["Ball Lightning","Aggregate"],"picked":"Fusion+1","floor":25.0}],"player_experience":1189882,"relics_obtained":[{"floor":7.0,"key":"Mummified Hand"},{"floor":9.0,"key":"Eternal Feather"},{"floor":10.0,"key":"Incense Burner"},{"floor":11.0,"key":"Symbiotic Virus"}],"event_choices":[{"damage_healed":0.0,"max_hp_gain":0.0,"max_hp_loss":0.0,"gold_gain":0.0,"event_name":"Shining Light","player_choice":"Entered Light","floor":3.0,"gold_loss":0.0,"damage_taken":15.0,"cards_upgraded":["Defend_B","Strike_B"]},{"damage_healed":18.0,"max_hp_gain":0.0,"max_hp_loss":0.0,"gold_gain":0.0,"event_name":"The Cleric","player_choice":"Healed","floor":5.0,"gold_loss":35.0,"damage_taken":0.0},{"damage_healed":0.0,"max_hp_gain":0.0,"max_hp_loss":0.0,"gold_gain":0.0,"event_name":"Dead Adventurer","player_choice":"Searched \u00271\u0027 times","floor":11.0,"gold_loss":0.0,"damage_taken":0.0},{"damage_healed":0.0,"max_hp_gain":0.0,"max_hp_loss":0.0,"gold_gain":0.0,"event_name":"Back to Basics","player_choice":"Simplicity","floor":21.0,"gold_loss":0.0,"damage_taken":0.0,"cards_upgraded":["Strike_B","Strike_B","Strike_B","Defend_B","Defend_B","Defend_B"]},{"damage_healed":0.0,"max_hp_gain":0.0,"max_hp_loss":0.0,"gold_gain":0.0,"event_name":"FaceTrader","player_choice":"Trade","floor":22.0,"gold_loss":0.0,"damage_taken":0.0,"relics_obtained":["NlothsMask"]}],"is_beta":false,"boss_relics":[{"not_picked":["Black Star","Busted Crown"],"picked":"Philosopher\u0027s Stone"}],"items_purged_floors":[],"is_endless":false,"potions_floor_spawned":[1,10,16,18,24,25],"killed_by":"Gremlin Leader","ascension_level":13}}