{"host":"pj7egx7jkoz18hom","time":1613400587,"event":{"mods":["AchievementEnabler","BaseMod","Keyboard Shortcuts","Minty Spire (QoL Compilation)","SuperFastMode"],"gold_per_floor":[118,136,146,162,1,27,38,38,38,3,37,51,66,85,85,190,190,200,200,214,40,40,65,80,80,80],"floor_reached":25,"language":"KOR","playtime":995,"items_purged":["Strike_G","Strike_G"],"score":261,"play_id":"5ed6495a-c76c-4109-9745-4ccca7bb9866","local_time":"20210215234947","is_ascension_mode":true,"campfire_choices":[{"data":"Catalyst","floor":8,"key":"SMITH"},{"data":"Noxious Fumes","floor":15,"key":"SMITH"}],"circlet_count":0,"master_deck":["Strike_G","Strike_G","Strike_G","Defend_G","Defend_G","Defend_G","Defend_G","Defend_G","Survivor","Neutralize","Catalyst+1","Deadly Poison","Noxious Fumes+1","Deadly Poison","Bandage Up","Prepared","Deflect","Noxious Fumes","Prepared","PiercingWail","Burst","Escape Plan","Bouncing Flask","Adrenaline"],"relics":["Ring of the Snake","MealTicket","Darkstone Periapt","Bottled Tornado","Nunchaku","Fusion Hammer","Nilry\u0027s Codex","Singing Bowl"],"acts_visited":["Exordium","TheCity"],"potions_floor_usage":[6,14,18,23,23],"damage_taken":[{"damage":1,"enemies":"Cultist","floor":1,"turns":4},{"damage":7,"enemies":"Small Slimes","floor":2,"turns":4},{"damage":3,"enemies":"Jaw Worm","floor":3,"turns":4},{"damage":13,"enemies":"Exordium Wildlife","floor":4,"turns":5},{"damage":8,"enemies":"Gremlin Nob","floor":6,"turns":3},{"damage":9,"enemies":"3 Louse","floor":7,"turns":5},{"damage":21,"enemies":"Lagavulin","floor":11,"turns":5},{"damage":8,"enemies":"Blue Slaver","floor":12,"turns":3},{"damage":11,"enemies":"Red Slaver","floor":13,"turns":4},{"damage":11,"enemies":"Looter","floor":14,"turns":2},{"damage":23,"enemies":"The Guardian","floor":16,"turns":8},{"damage":8,"enemies":"Shell Parasite","floor":18,"turns":4},{"damage":14,"enemies":"Spheric Guardian","floor":20,"turns":4},{"damage":13,"enemies":"Book of Stabbing","floor":23,"turns":5},{"damage":13,"enemies":"Snake Plant","floor":24,"turns":3},{"damage":46,"enemies":"Slavers","floor":25,"turns":3}],"seed_played":"4703484965684727309","potions_obtained":[{"floor":1,"key":"FearPotion"},{"floor":3,"key":"GamblersBrew"},{"floor":11,"key":"GamblersBrew"},{"floor":12,"key":"Fire Potion"},{"floor":16,"key":"EssenceOfSteel"},{"floor":20,"key":"LiquidBronze"}],"is_trial":false,"path_per_floor":["M","M","M","M","$","E","M","R","T","?","E","M","M","M","R","B",null,"M","?","M","$","?","E","M","E"],"character_chosen":"THE_SILENT","items_purchased":["Bandage Up","Bouncing Flask"],"campfire_rested":0,"item_purchase_floors":[5,21],"current_hp_per_floor":[69,62,59,46,61,57,52,52,52,69,52,48,41,34,34,15,70,62,62,52,67,51,46,39,0,0],"gold":80,"neow_bonus":"RANDOM_COMMON_RELIC","is_daily":false,"chose_seed":false,"campfire_upgraded":2,"win_rate":0.0,"timestamp":1613400587,"path_taken":["M","?","M","?","$","E","M","R","T","?","E","M","M","M","R","BOSS","M","?","M","$","?","E","M","E"],"items_purchased_type":["Card","Card"],"build_version":"2020-12-22","purchased_purges":2,"victory":false,"max_hp_per_floor":[70,70,70,70,70,70,70,70,70,70,70,70,70,70,70,70,70,70,70,70,70,70,70,72,72,72],"card_choices":[{"not_picked":["Caltrops","Flying Knee"],"picked":"Catalyst","floor":1},{"not_picked":["Slice","Backflip"],"picked":"Deadly Poison","floor":2},{"not_picked":["Heel Hook","Doppelganger"],"picked":"Noxious Fumes","floor":3},{"not_picked":["Blade Dance","Terror"],"picked":"Deadly Poison","floor":4},{"not_picked":["Masterful Stab","Underhanded Strike"],"picked":"Prepared","floor":6},{"not_picked":["Deadly Poison","Cloak And Dagger"],"picked":"Deflect","floor":7},{"not_picked":["Finisher","Terror"],"picked":"Noxious Fumes","floor":11},{"not_picked":["Deflect","Dash"],"picked":"Prepared","floor":12},{"not_picked":["Prepared","Cloak And Dagger","Sucker Punch"],"picked":"SKIP","floor":13},{"not_picked":["Infinite Blades","Sucker Punch"],"picked":"PiercingWail","floor":14},{"not_picked":["Die Die Die","Glass Knife"],"picked":"Burst","floor":16},{"not_picked":["Cloak And Dagger+1","Sucker Punch","Distraction"],"picked":"SKIP","floor":18},{"not_picked":["Caltrops","Dagger Throw"],"picked":"Escape Plan","floor":20},{"not_picked":["Outmaneuver","Dodge and Roll"],"picked":"Adrenaline","floor":23},{"not_picked":["Terror","Choke","Skewer"],"picked":"Singing Bowl","floor":24}],"player_experience":81117,"relics_obtained":[{"floor":6,"key":"Darkstone Periapt"},{"floor":9,"key":"Bottled Tornado"},{"floor":11,"key":"Nunchaku"},{"floor":22,"key":"Nilry\u0027s Codex"},{"floor":23,"key":"Singing Bowl"}],"event_choices":[{"damage_healed":17,"gold_gain":0,"player_choice":"Healed","damage_taken":0,"max_hp_gain":0,"max_hp_loss":0,"event_name":"The Cleric","floor":10,"gold_loss":35},{"damage_healed":0,"gold_gain":0,"player_choice":"Ignored","damage_taken":0,"max_hp_gain":0,"max_hp_loss":0,"event_name":"Ghosts","floor":19,"gold_loss":0},{"damage_healed":0,"gold_gain":0,"player_choice":"Obtained Book","damage_taken":16,"max_hp_gain":0,"max_hp_loss":0,"event_name":"Cursed Tome","floor":22,"gold_loss":0}],"is_beta":false,"boss_relics":[{"not_picked":["WristBlade","Runic Dome"],"picked":"Fusion Hammer"}],"items_purged_floors":[5,21],"is_endless":false,"potions_floor_spawned":[1,3,11,12,13,16,20],"killed_by":"Slavers","ascension_level":2}}