{"host":"ura9vbtm363prie8","time":1613373368,"event":{"mods":["BaseMod","JesterMod","Minty Spire (QoL Compilation)","Prisma Mod","Remilia£®¿Ÿ√◊¿Ú—«£©","StSLib","The Alterego","The Bug Knight","The Servant 0.9.4","Youmu£®ªÍ∆«—˝√Œ£©"],"gold_per_floor":[112,112,129,60,75,75,28,28,74,74,74,74],"floor_reached":11,"language":"ZHT","playtime":894,"items_purged":[],"score":61,"play_id":"3afe4804-a55a-44e3-b569-3e6ec51bdfbc","local_time":"20210215151608","is_ascension_mode":false,"campfire_choices":[{"data":"alterego_mod:BrynhildrRomantia","floor":6,"key":"SMITH"},{"data":"alterego_mod:Clones","floor":8,"key":"SMITH"},{"data":"alterego_mod:MagicResistance","floor":10,"key":"SMITH"}],"circlet_count":0,"master_deck":["alterego_mod:Strike","alterego_mod:Strike","alterego_mod:Strike","alterego_mod:Defend","alterego_mod:Defend","alterego_mod:Defend","alterego_mod:Defend","alterego_mod:Impale","alterego_mod:BigMeatyClaws","alterego_mod:BrynhildrsRune","alterego_mod:Cycle","alterego_mod:BrynhildrRomantia+1","alterego_mod:Clones+1","alterego_mod:Schoolgirl","alterego_mod:Jiggle","alterego_mod:MagicResistance+1"],"relics":["alterego_mod:MasochisticConstitution","NeowsBlessing","Regal Pillow"],"acts_visited":["Exordium"],"potions_floor_usage":[11,11],"damage_taken":[{"damage":7,"enemies":"Jaw Worm","floor":1,"turns":5},{"damage":0,"enemies":"Cultist","floor":3,"turns":2},{"damage":1,"enemies":"2 Louse","floor":5,"turns":3},{"damage":98,"enemies":"Gremlin Nob","floor":11,"turns":8}],"seed_played":"-5331881485462426909","potions_obtained":[{"floor":1,"key":"EssenceOfSteel"},{"floor":3,"key":"Weak Potion"}],"is_trial":false,"path_per_floor":["M","?","M","$","M","R","$","R","T","R","E"],"character_chosen":"The_Alterego","items_purchased":["alterego_mod:Schoolgirl","alterego_mod:MagicResistance"],"campfire_rested":0,"item_purchase_floors":[4,7],"current_hp_per_floor":[64,64,74,74,78,78,78,78,78,78,0,0],"gold":74,"neow_bonus":"THREE_ENEMY_KILL","is_daily":false,"chose_seed":false,"campfire_upgraded":3,"win_rate":0.0,"timestamp":1613373368,"path_taken":["M","?","?","$","M","R","?","R","T","R","E"],"items_purchased_type":["Card","Card"],"build_version":"2020-12-22","purchased_purges":0,"victory":false,"max_hp_per_floor":[71,71,74,74,78,78,78,78,78,78,78,78],"card_choices":[{"not_picked":["alterego_mod:BustOut","alterego_mod:IndependentAction"],"picked":"alterego_mod:Cycle","floor":1},{"not_picked":["alterego_mod:Undulate","alterego_mod:MagicResistance"],"picked":"alterego_mod:Clones","floor":3},{"not_picked":["alterego_mod:Complex","alterego_mod:Cushion"],"picked":"alterego_mod:Jiggle","floor":5}],"player_experience":71379,"relics_obtained":[{"floor":9,"key":"Regal Pillow"}],"event_choices":[{"damage_healed":0,"gold_gain":0,"cards_transformed":["alterego_mod:Strike"],"player_choice":"Transformed","damage_taken":0,"max_hp_gain":0,"max_hp_loss":0,"event_name":"Transmorgrifier","floor":2,"gold_loss":0,"cards_obtained":["alterego_mod:BrynhildrRomantia"]}],"is_beta":false,"boss_relics":[],"items_purged_floors":[],"is_endless":false,"potions_floor_spawned":[1,3],"killed_by":"Gremlin Nob","ascension_level":0}}