{"host":"y4fuci1jk2rsxnep","time":1613423114,"event":{"mods":["AchievementEnabler","BaseMod","Colored Powertips","Custom Start","Defuse TimeMaze Blight","Dio Mod","Downfall","Hermit","Hero for Fun","Hubris","Hunter ??","Infinite Spire","Minty Spire (QoL Compilation)","Quick Restart","Reliquary","Remove Card Discount Mod","Replay The Spire","StSLib","The Blackbeard","The Bug Knight","The Mystic","The Runesmith"],"gold_per_floor":[11,202,220,61,72,98,98,109,109,127,139,139,52,70,70,173,173,183,183,196,212,222,222,222,250,250,269,123,123,123,123,123,237,237,284,284,346,346,346,346,437,437,437,274,274,360,230,295,295,295],"floor_reached":51,"language":"ENG","playtime":4830,"items_purged":["hermit:Strike_Hermit","hermit:Defend_Hermit","hermit:Defend_Hermit","hermit:Defend_Hermit","downfall:Aged","hermit:Defend_Hermit","hermit:Strike_Hermit","hermit:Strike_Hermit"],"score":1721,"play_id":"366be670-70bf-4f57-8d3f-ed4ddcd72751","local_time":"20210215220514","is_ascension_mode":true,"campfire_choices":[{"data":"hermit:Determination","floor":7,"key":"SMITH"},{"floor":15,"key":"REST"},{"floor":23,"key":"REST"},{"data":"hermit:Determination","floor":30,"key":"SMITH"},{"data":"hermit:GhostlyPresence","floor":32,"key":"SMITH"},{"data":"hermit:Covet","floor":40,"key":"SMITH"},{"data":"Flash of Steel","floor":42,"key":"SMITH"},{"data":"Flash of Steel","floor":45,"key":"SMITH"},{"data":"hermit:Determination","floor":49,"key":"SMITH"},{"data":"hermit:Determination","floor":49,"key":"SMITH"}],"circlet_count":0,"master_deck":["hermit:Snapshot","hermit:Covet+1","hermit:Adapt+1","hermit:Determination+1","ReplayTheSpireMod:Splinters","hermit:GhostlyPresence+1","hermit:Deadeye","hermit:Enervate","hermit:FlashPowder+1","hermit:DeadMansHand+1","hermit:BodyArmor+1","hermit:BodyArmor+1","hermit:Determination+1","hermit:Gestalt+1","hermit:FromBeyond+1","hermit:BodyArmor+1","infinitespire:Starlight+1","hermit:SprayPray+1","hermit:EyeOfTheStorm+1","hermit:FromBeyond+1","Pain","hubris:Greed","Flash of Steel+1","hubris:Greed","hubris:Greed","hermit:FromBeyond+1","hermit:ShadowCloak+1","hubris:Greed","hubris:Greed","hubris:Greed","hermit:GhostlyPresence+1","Flash of Steel+1","hubris:Greed","hermit:Virtue+1","hermit:Determination+1","hermit:BodyArmor+1","hermit:Determination+1","hermit:BodyArmor+1"],"relics":["hermit:Momento","Bronze Scales","Toxic Egg 2","hubris:Stopwatch","Replay:Bottled Snecko","infinitespire:Lucky Rock","Juzu Bracelet","WarpedTongs","infinitespire:EvilPickle","Honey Jar","Strawberry","hubris:Reverence","FossilizedHelix","ReplayTheSpireMod:CursedCoin","Replay:Arrowhead"],"acts_visited":["Exordium","TheCity","TheBeyond"],"potions_floor_usage":[10,11,20,50],"damage_taken":[{"damage":6,"enemies":"Jaw Worm","floor":1,"turns":3},{"damage":0,"enemies":"Small Slimes","floor":3,"turns":4},{"damage":9,"enemies":"Cultist","floor":5,"turns":3},{"damage":33,"enemies":"Gremlin Nob","floor":6,"turns":5},{"damage":15,"enemies":"Looter","floor":8,"turns":3},{"damage":0,"enemies":"3 Louse","floor":10,"turns":1},{"damage":0,"enemies":"Lots of Slimes","floor":11,"turns":2},{"damage":0,"enemies":"2 Fungi Beasts","floor":14,"turns":4},{"damage":6,"enemies":"Slime Boss","floor":16,"turns":12},{"damage":7,"enemies":"Spheric Guardian","floor":18,"turns":5},{"damage":16,"enemies":"Chosen","floor":20,"turns":6},{"damage":11,"enemies":"Snecko","floor":21,"turns":7},{"damage":28,"enemies":"3 Cultists","floor":22,"turns":7},{"damage":37,"enemies":"Slavers","floor":25,"turns":6},{"damage":8,"enemies":"Sentry and Sphere","floor":27,"turns":4},{"damage":26,"enemies":"Pondfish","floor":33,"turns":8},{"damage":18,"enemies":"Orb Walker","floor":35,"turns":4},{"damage":4,"enemies":"3 Shapes","floor":37,"turns":8},{"damage":22,"enemies":"Reptomancer","floor":41,"turns":6},{"damage":9,"enemies":"Giant Head","floor":46,"turns":9},{"damage":0,"enemies":"Maw","floor":48,"turns":7},{"damage":57,"enemies":"Awakened One","floor":50,"turns":12}],"seed_played":"787316695555907241","potions_obtained":[{"floor":3,"key":"Explosive Potion"},{"floor":5,"key":"Explosive Potion"},{"floor":6,"key":"Ancient Potion"},{"floor":14,"key":"EssenceOfSteel"},{"floor":21,"key":"LiquidMemories"},{"floor":25,"key":"Adrenaline Potion"},{"floor":41,"key":"champ:CounterPotion"}],"is_trial":false,"path_per_floor":["M","?","M","$","M","E","R","M","T","M","M","?","$","M","R","B",null,"M","AVR","M","M","M","R","?","E","T","M","$","?","R","?","R","B",null,"M","?","M","?","?","R","E","R","T","$","R","E","$","M","R","B",null],"character_chosen":"HERMIT","items_purchased":["Bronze Scales","hermit:BodyArmor+1","hermit:Determination","Juzu Bracelet","FossilizedHelix","ReplayTheSpireMod:CursedCoin","hermit:BodyArmor+1","hermit:Determination"],"campfire_rested":2,"item_purchase_floors":[4,13,13,28,44,44,47,47],"current_hp_per_floor":[69,69,69,69,60,27,27,12,12,12,12,12,12,12,34,28,75,68,68,67,71,43,65,65,43,43,50,50,50,50,50,50,39,75,72,72,75,75,75,75,75,75,75,75,75,74,74,74,74,32],"gold":295,"neow_bonus":"THREE_RARE_CARDS","is_daily":false,"chose_seed":false,"campfire_upgraded":8,"win_rate":0.0,"timestamp":1613423114,"path_taken":["M","?","?","$","M","E","R","M","T","M","M","?","$","M","R","BOSS","M","AVR","M","M","M","R","?","E","T","M","$","?","R","?","R","BOSS","M","?","M","?","?","R","E","R","T","$","R","E","?","M","R","BOSS"],"items_purchased_type":["Relic","Card","Card","Relic","Relic","Relic","Card","Card"],"build_version":"2020-12-22","purchased_purges":8,"victory":true,"max_hp_per_floor":[75,75,75,75,75,75,75,75,75,75,75,75,75,75,75,75,75,75,75,75,75,75,75,75,75,75,75,75,75,75,75,75,75,75,75,75,75,75,75,75,82,82,82,82,82,82,82,82,82,82],"card_choices":[{"not_picked":["hermit:Magnum","hermit:EternalForm"],"picked":"hermit:Adapt","floor":0},{"not_picked":["hermit:ItchyTrigger","hermit:Misfire"],"picked":"hermit:Determination","floor":1},{"not_picked":["hermit:CursedWeapon","hermit:LowProfile"],"picked":"hermit:GhostlyPresence","floor":2},{"not_picked":["hermit:Maintenance","hermit:Roulette"],"picked":"hermit:Deadeye","floor":3},{"not_picked":["hermit:Horror","hermit:Spite"],"picked":"hermit:Enervate","floor":5},{"not_picked":["hermit:SprayPray","hermit:Reprieve+1"],"picked":"hermit:FlashPowder+1","floor":6},{"not_picked":["hermit:GoldenBullet","hermit:SprayPray","hermit:LowProfile+1"],"picked":"SKIP","floor":8},{"not_picked":["hermit:Dive+1","hermit:Coalescence+1"],"picked":"hermit:DeadMansHand+1","floor":10},{"not_picked":["hermit:Combo","hermit:LowProfile+1"],"picked":"hermit:BodyArmor+1","floor":11},{"not_picked":["hermit:Vantage+1","hermit:Desperado"],"picked":"hermit:Gestalt+1","floor":14},{"not_picked":["hermit:OverwhelmingPower","hermit:BlackWind"],"picked":"hermit:FromBeyond+1","floor":16},{"not_picked":["hermit:Shortfuse","hermit:LowProfile+1"],"picked":"hermit:BodyArmor+1","floor":18},{"not_picked":["hermit:Headshot","hermit:Feint+1","hermit:CalledShot"],"picked":"SKIP","floor":20},{"not_picked":["hermit:Snipe+1","hermit:Scavenge+1"],"picked":"hermit:SprayPray+1","floor":21},{"not_picked":["hermit:Brawl","hermit:Showdown+1"],"picked":"hermit:EyeOfTheStorm+1","floor":22},{"not_picked":["hermit:GoldenBullet","hermit:CursedWeapon","hermit:Malice"],"picked":"SKIP","floor":25},{"not_picked":["hermit:CursedWeapon","hermit:Roulette+1"],"picked":"hermit:FromBeyond+1","floor":27},{"not_picked":["hermit:Gambit+1","hermit:Reprieve+1"],"picked":"hermit:FromBeyond+1","floor":33},{"not_picked":["hermit:Maintenance+1","hermit:Brawl","hermit:Feint+1"],"picked":"hermit:ShadowCloak+1","floor":35},{"not_picked":["hermit:TrackingShot+1","hermit:Vantage+1","hermit:CursedWeapon"],"picked":"hermit:GhostlyPresence+1","floor":37},{"not_picked":["Impatience+1","Secret Weapon+1","Transmutation+1"],"picked":"Flash of Steel","floor":39},{"not_picked":["hermit:Headshot","hermit:Maintenance+1","hermit:TakeAim+1"],"picked":"hermit:Virtue+1","floor":41},{"not_picked":["hermit:Maintenance+1","hermit:Coalescence+1","hermit:Spite"],"picked":"hermit:Determination","floor":46},{"not_picked":["hermit:WideOpen+1","hermit:Roulette","hermit:NoHoldsBarred"],"picked":"hermit:BodyArmor+1","floor":48}],"player_experience":587857,"relics_obtained":[{"floor":6,"key":"Toxic Egg 2"},{"floor":25,"key":"Replay:Bottled Snecko"},{"floor":26,"key":"infinitespire:Lucky Rock"},{"floor":41,"key":"Strawberry"},{"floor":43,"key":"hubris:Reverence"},{"floor":46,"key":"Replay:Arrowhead"}],"event_choices":[{"damage_healed":0,"gold_gain":0,"player_choice":"Grow","damage_taken":0,"max_hp_gain":0,"max_hp_loss":0,"event_name":"Living Wall","floor":12,"gold_loss":0,"cards_upgraded":["hermit:Adapt"]},{"damage_healed":0,"gold_gain":0,"player_choice":"Rummage","damage_taken":0,"relics_obtained":["WarpedTongs"],"max_hp_gain":0,"max_hp_loss":0,"event_name":"Accursed Blacksmith","floor":29,"gold_loss":0,"cards_obtained":["Pain"]},{"damage_healed":0,"gold_gain":0,"player_choice":"2 cards matched","damage_taken":0,"max_hp_gain":0,"max_hp_loss":0,"event_name":"Match and Keep!","floor":31,"gold_loss":0,"cards_obtained":["hubris:Greed","Flash of Steel"]},{"damage_healed":0,"gold_gain":0,"player_choice":"Ignored","damage_taken":0,"max_hp_gain":0,"max_hp_loss":0,"event_name":"Mysterious Sphere","floor":36,"gold_loss":0},{"cards_removed":["hermit:Strike_Hermit"],"damage_healed":0,"gold_gain":0,"player_choice":"Removed Attack","damage_taken":0,"max_hp_gain":0,"max_hp_loss":0,"event_name":"Falling","floor":38,"gold_loss":0},{"damage_healed":0,"gold_gain":0,"player_choice":"Memory 1","damage_taken":0,"max_hp_gain":0,"max_hp_loss":0,"event_name":"SensoryStone","floor":39,"gold_loss":0}],"is_beta":false,"boss_relics":[{"not_picked":["hubris:RunicObelisk","hubris:GrandSneckoEye"],"picked":"hubris:Stopwatch"},{"not_picked":["SlaversCollar","Kintsugi"],"picked":"Honey Jar"}],"items_purged_floors":[4,4,13,13,44,47,47,47],"is_endless":false,"potions_floor_spawned":[3,5,6,8,14,21,25,33,41],"ascension_level":1}}