{"host":"kvo7eymyd21g9abd","time":1613425870,"event":{"mods":["AchievementEnabler","BaseMod","Bestiary","Colored Map","Minty Spire (QoL Compilation)","StSLib"],"gold_per_floor":[112,112,123,123,123,123,140,140,165,201,201,201,233,253,253,357,357,379,406,406,406,406],"floor_reached":21,"language":"ENG","playtime":440,"items_purged":[],"score":252,"play_id":"dad03be4-bca9-412a-8921-cab3e3bc1e16","local_time":"20210215165110","is_ascension_mode":true,"campfire_choices":[{"floor":6,"key":"RECALL"},{"data":"Inflame","floor":8,"key":"SMITH"},{"floor":11,"key":"REST"},{"floor":15,"key":"REST"}],"circlet_count":0,"master_deck":["Strike_R","Strike_R","Strike_R+1","Strike_R","Strike_R+1","Defend_R","Defend_R","Defend_R","Defend_R","Bash","Perfected Strike+1","Inflame+1","Pommel Strike","Flex","Demon Form","Wild Strike","Shrug It Off"],"relics":["Burning Blood","NeowsBlessing","Gremlin Horn","CeramicFish","Whetstone","Lantern","Mark of Pain"],"acts_visited":["Exordium","TheCity"],"potions_floor_usage":[10,10,21],"damage_taken":[{"damage":0,"enemies":"Small Slimes","floor":1,"turns":1},{"damage":0,"enemies":"Jaw Worm","floor":3,"turns":1},{"damage":0,"enemies":"2 Louse","floor":7,"turns":1},{"damage":48,"enemies":"3 Sentries","floor":10,"turns":5},{"damage":35,"enemies":"Lagavulin","floor":13,"turns":5},{"damage":5,"enemies":"Large Slime","floor":14,"turns":4},{"damage":49,"enemies":"Hexaghost","floor":16,"turns":7},{"damage":23,"enemies":"2 Thieves","floor":18,"turns":3},{"damage":30,"enemies":"Shell Parasite","floor":19,"turns":4},{"damage":27,"enemies":"Masked Bandits","floor":21,"turns":3}],"seed_played":"-2466829915744285723","potions_obtained":[{"floor":1,"key":"BlessingOfTheForge"},{"floor":3,"key":"Fire Potion"},{"floor":14,"key":"GamblersBrew"},{"floor":18,"key":"LiquidMemories"}],"is_trial":false,"path_per_floor":["M","?","M","?","?","R","M","R","T","E","R","?","E","M","R","B",null,"M","M","?","?"],"character_chosen":"IRONCLAD","items_purchased":[],"campfire_rested":2,"item_purchase_floors":[],"current_hp_per_floor":[78,78,80,68,68,68,74,74,74,32,56,61,32,33,58,15,68,51,27,27,0,0],"gold":406,"neow_bonus":"THREE_ENEMY_KILL","is_daily":false,"chose_seed":false,"campfire_upgraded":1,"win_rate":0.0,"timestamp":1613425870,"path_taken":["M","?","M","?","?","R","M","R","T","E","R","?","E","M","R","BOSS","M","M","?","?"],"items_purchased_type":[],"build_version":"2020-12-22","purchased_purges":0,"victory":false,"max_hp_per_floor":[80,80,80,80,80,80,80,80,80,80,80,85,85,85,85,85,85,85,85,85,85,85],"card_choices":[{"not_picked":["Dual Wield","Rupture"],"picked":"Perfected Strike","floor":1},{"not_picked":["True Grit","Armaments"],"picked":"Inflame","floor":3},{"not_picked":["Clash","Headbutt","Body Slam"],"picked":"SKIP","floor":7},{"not_picked":["Clothesline","True Grit"],"picked":"Pommel Strike","floor":10},{"not_picked":["Reckless Charge","Headbutt","Brutality"],"picked":"SKIP","floor":13},{"not_picked":["Infernal Blade","Searing Blow"],"picked":"Flex","floor":14},{"not_picked":["Berserk","Fiend Fire"],"picked":"Demon Form","floor":16},{"not_picked":["Battle Trance","Body Slam"],"picked":"Wild Strike","floor":18},{"not_picked":["Body Slam+1","Combust+1"],"picked":"Shrug It Off","floor":19}],"player_experience":461507,"relics_obtained":[{"floor":9,"key":"CeramicFish"},{"floor":10,"key":"Whetstone"},{"floor":13,"key":"Lantern"}],"event_choices":[{"damage_healed":0,"gold_gain":0,"player_choice":"Ignored","damage_taken":0,"max_hp_gain":0,"max_hp_loss":0,"event_name":"Golden Wing","floor":2,"gold_loss":0},{"damage_healed":0,"gold_gain":0,"player_choice":"Success","damage_taken":12,"relics_obtained":["Gremlin Horn"],"max_hp_gain":0,"max_hp_loss":0,"event_name":"Scrap Ooze","floor":4,"gold_loss":0},{"damage_healed":0,"gold_gain":0,"player_choice":"Grow","damage_taken":0,"max_hp_gain":0,"max_hp_loss":0,"event_name":"Living Wall","floor":5,"gold_loss":0,"cards_upgraded":["Perfected Strike"]},{"damage_healed":0,"gold_gain":0,"player_choice":"Donut","damage_taken":0,"max_hp_gain":5,"max_hp_loss":0,"event_name":"Big Fish","floor":12,"gold_loss":0},{"damage_healed":0,"gold_gain":0,"player_choice":"Ignored","damage_taken":0,"max_hp_gain":0,"max_hp_loss":0,"event_name":"Vampires","floor":20,"gold_loss":0},{"damage_healed":0,"gold_gain":0,"player_choice":"Fought Bandits","damage_taken":0,"max_hp_gain":0,"max_hp_loss":0,"event_name":"Masked Bandits","floor":21,"gold_loss":0}],"is_beta":false,"boss_relics":[{"not_picked":["SacredBark","Black Star"],"picked":"Mark of Pain"}],"items_purged_floors":[],"is_endless":false,"potions_floor_spawned":[1,3,14,18],"killed_by":"Masked Bandits","ascension_level":7}}