{"host":"rzvepkyh9344fbo1","time":1613371190,"event":{"mods":["AchievementEnabler","Act Like it!","BaseMod","Better Third Choice","Colored Map","Colored Powertips","Curses Come First","Downfall","Evolution","Fox Events","Hermit","Highlight Path","Minty Spire (QoL Compilation)","Replay The Spire","Robot Space Explorer","Shade Mod","Shop Mod","StS++","StSLib","The Cursed","The Marked","The Necromancer"],"gold_per_floor":[360,360,460,474,474,474,474,474,474,514,10,10,10,30,30,161,161,174,157,9,9,9,9,9,9],"floor_reached":24,"language":"ENG","playtime":1932,"items_purged":["Hallucinations","Strike_G"],"score":219,"play_id":"aef7a7c9-1f78-4e46-838f-6ba4d71f8816","local_time":"20210215173950","is_ascension_mode":true,"campfire_choices":[{"data":"Neutralize","floor":6,"key":"SMITH"},{"data":"Outmaneuver","floor":8,"key":"SMITH"},{"data":"Heel Hook","floor":12,"key":"SMITH"},{"data":"Infinite Blades","floor":15,"key":"SMITH"},{"data":"Well Laid Plans","floor":23,"key":"SMITH"}],"circlet_count":0,"master_deck":["Strike_G","Strike_G","Defend_G","Defend_G","Defend_G","Defend_G","Defend_G","Survivor","Neutralize+1","Outmaneuver+1","Heel Hook+1","Infinite Blades+1","Bullet Time","Backflip+1","Quick Slash","Well Laid Plans+1","Distraction"],"relics":["Ring of the Snake","EVO:Axolotl","Bloody Idol","Ring of Fury","Ring of Misfortune","Mango","Ancient Tea Set","Replay:Mystery Machine","Boot","Empty Cage"],"acts_visited":["Exordium","TheCity"],"potions_floor_usage":[5,16,16,16,24],"damage_taken":[{"damage":2,"enemies":"Small Slimes","floor":1,"turns":4},{"damage":2,"enemies":"2 Louse","floor":4,"turns":3},{"damage":14,"enemies":"3 Sentries","floor":10,"turns":11},{"damage":0,"enemies":"Cultist","floor":14,"turns":2},{"damage":29,"enemies":"The Guardian","floor":16,"turns":14},{"damage":9,"enemies":"Chosen","floor":18,"turns":7},{"damage":19,"enemies":"2 Thieves","floor":19,"turns":4},{"damage":59,"enemies":"Gremlin Leader","floor":24,"turns":7}],"seed_played":"510363999405791938","potions_obtained":[{"floor":4,"key":"Fruit Juice"},{"floor":14,"key":"LifebloodPotion"},{"floor":19,"key":"Elixir"}],"is_trial":false,"path_per_floor":["M","?","?","M","?","R","?","R","T","E","$","R","$","M","R","B",null,"M","M","$","?","?","R","E"],"character_chosen":"THE_SILENT","items_purchased":["Replay:Mystery Machine","Boot","SkillPotion","GamblersBrew","SpeedPotion"],"campfire_rested":0,"item_purchase_floors":[11,11,11,11,20],"current_hp_per_floor":[68,68,68,66,70,70,70,70,84,70,70,70,70,70,70,41,84,75,56,56,56,56,56,0,0],"gold":9,"neow_bonus":"TWO_FIFTY_GOLD","is_daily":false,"chose_seed":false,"campfire_upgraded":5,"win_rate":0.0,"timestamp":1613371190,"path_taken":["M","?","?","?","?","R","?","R","T","E","$","R","?","M","R","BOSS","M","M","$","?","?","R","E"],"items_purchased_type":["Relic","Relic","Potion","Potion","Potion"],"build_version":"2020-12-22","purchased_purges":2,"victory":false,"max_hp_per_floor":[70,70,70,70,70,70,70,70,84,84,84,84,84,84,84,84,84,84,84,84,84,84,84,84,84],"card_choices":[{"not_picked":["Underhanded Strike","Predator"],"picked":"Outmaneuver","floor":1},{"not_picked":["ReplayTheSpireMod:Tripwire","Reflex"],"picked":"Heel Hook","floor":4},{"not_picked":["A Thousand Cuts","Hidden Blade","Slice"],"picked":"SKIP","floor":10},{"not_picked":["Outmaneuver","StSpp:PoisonousPunch"],"picked":"Infinite Blades","floor":14},{"not_picked":["A Thousand Cuts","ReplayTheSpireMod:Necrosis"],"picked":"Bullet Time","floor":16},{"not_picked":["Finisher","StSpp:Anticipation"],"picked":"Backflip+1","floor":18},{"not_picked":["ReplayTheSpireMod:Exploit Weakness","Flying Knee"],"picked":"Quick Slash","floor":19}],"player_experience":320753,"relics_obtained":[{"floor":7,"key":"Ring of Fury"},{"floor":7,"key":"Ring of Misfortune"},{"floor":9,"key":"Mango"},{"floor":10,"key":"Ancient Tea Set"}],"event_choices":[{"damage_healed":0,"gold_gain":100,"player_choice":"Pray","damage_taken":0,"max_hp_gain":0,"max_hp_loss":0,"event_name":"Golden Shrine","floor":3,"gold_loss":0},{"damage_healed":0,"gold_gain":0,"player_choice":"Lose Max HP","damage_taken":0,"relics_obtained":["Golden Idol"],"max_hp_gain":0,"max_hp_loss":5,"event_name":"Golden Idol","floor":5,"gold_loss":0},{"damage_healed":0,"gold_gain":0,"cards_transformed":["Strike_G","Strike_G"],"player_choice":"Became Test Subject","damage_taken":0,"max_hp_gain":0,"max_hp_loss":0,"event_name":"Drug Dealer","floor":21,"gold_loss":0,"cards_obtained":["Well Laid Plans","Distraction"]},{"damage_healed":0,"gold_gain":0,"player_choice":"Gave Idol","damage_taken":0,"relics_obtained":["Bloody Idol"],"max_hp_gain":0,"max_hp_loss":0,"event_name":"Forgotten Altar","floor":22,"relics_lost":["Golden Idol"],"gold_loss":0}],"is_beta":false,"boss_relics":[{"not_picked":["Ring of the Serpent","Sozu"],"picked":"Empty Cage"}],"items_purged_floors":[11,20],"is_endless":false,"potions_floor_spawned":[4,14,19],"killed_by":"Gremlin Leader","ascension_level":3}}