{"host":"df48i9djcn92c5sx","time":1613374160,"event":{"mods":["Act Like it!","Arknights","BaseMod","Decade(王小明)","Downfall","Gensokyo","Marisa（F雨　魔理沙）","Minty Spire (QoL Compilation)","READ ME - Guardian Mod","READ ME - Snecko Mod","Reimu（博丽灵梦）","Remilia（蕾米莉亚）","Shop Mod","StSLib","The Jungle","The Servant 0.9.4"],"gold_per_floor":[99,99,99,99,91,91,91,154,154,188,213,213,213,233,256,354,354,354,379,396,409,243,260,260,98,128,128,128,138,123,123,139,244,244,244,254,274,325,336,360,387,351,401,101,119,137,137,182,196,196,196,226,75,75,75,75],"floor_reached":57,"language":"ZHS","playtime":3034,"items_purged":["hexamod:Strike"],"score":1373,"play_id":"1bc46ffe-6bd1-457c-9052-76d5c359b466","local_time":"20210215152920","is_ascension_mode":false,"campfire_choices":[{"data":"hexamod:Sear","floor":1.0,"key":"SMITH"},{"data":"hexamod:SoulSteal","floor":9.0,"key":"SMITH"},{"floor":13.0,"key":"REST"},{"data":"hexamod:WildfireWeapon","floor":18,"key":"SMITH"},{"data":"hexamod:UnlimitedPower","floor":28,"key":"SMITH"},{"floor":35,"key":"RECALL"},{"data":"hexamod:GiftsFromTheDead","floor":44,"key":"SMITH"},{"data":"hexamod:RainOfEmbers","floor":47,"key":"SMITH"},{"data":"hexamod:Toasty","floor":54,"key":"SMITH"}],"circlet_count":0,"master_deck":["hexamod:Strike","hexamod:Strike","hexamod:Defend+1","hexamod:Defend","hexamod:Defend+1","hexamod:Defend+1","hexamod:Sear+1","hexamod:Float+1","hexamod:SoulSteal+1","hexamod:ThermalTransfer","hexamod:PhantomCloak","hexamod:WildfireWeapon+1","hexamod:FirstSeal","hexamod:NightmareGuise+1","hexamod:RadiantFlame+1","hexamod:Incineration+1","hexamod:UnlimitedPower+1","hexamod:PhantomFireball","hexamod:EmpoweredFlame","hexamod:FlamesFromBeyond+1","hexamod:HauntingEcho+1","hexamod:RainOfEmbers+1","hexamod:TimeOfNeed+1","hexamod:Hexaguard+1","hexamod:GiftsFromTheDead+1","hexamod:Toasty+1","hexamod:InspiringFlames+1"],"relics":["hexamod:SpiritBrand","downfall:HeartsMalice","Happy Flower","FossilizedHelix","Blue Candle","Peace Pipe","expansioncontent:StudyCardRelic","hexamod:TheBrokenSeal","ClockworkSouvenir","sneckomod:BlankCard","Red Mask","sneckomod:SneckoTalon","Incense Burner","Bag of Marbles","Strawberry","War Paint","Bronze Scales","Dead Branch","downfall:HeartBlessingRed","downfall:HeartBlessingBlue","downfall:HeartBlessingGreen","CatCart","Anchor","Lantern"],"acts_visited":["Exordium","TheCity","TheBeyond","TheEnding"],"potions_floor_usage":[15,16,21,26,30,33,33,37,48,50],"damage_taken":[{"damage":0.0,"enemies":"Small Slimes","floor":3.0,"turns":1.0},{"damage":0.0,"enemies":"Cultist","floor":6.0,"turns":1.0},{"damage":0.0,"enemies":"3 Sentries","floor":8.0,"turns":1.0},{"damage":25.0,"enemies":"3 Sentries","floor":10.0,"turns":12.0},{"damage":0.0,"enemies":"2 Louse","floor":14.0,"turns":3.0},{"damage":0,"enemies":"Large Slime","floor":15,"turns":7},{"damage":16,"enemies":"SI_SHIV_ARCHETYPE","floor":16,"turns":11},{"damage":14,"enemies":"3 Byrds","floor":19,"turns":6},{"damage":7,"enemies":"Spheric Guardian","floor":20,"turns":6},{"damage":4,"enemies":"Shelled Parasite and Fungi","floor":21,"turns":6},{"damage":0,"enemies":"downfall:FleeingMerchant","floor":22,"turns":4},{"damage":18,"enemies":"Snake Plant","floor":23,"turns":3},{"damage":10,"enemies":"downfall:FleeingMerchant","floor":25,"turns":4},{"damage":14,"enemies":"Masked Bandits","floor":26,"turns":4},{"damage":0,"enemies":"Snecko","floor":29,"turns":3},{"damage":16,"enemies":"downfall:FleeingMerchant","floor":30,"turns":4},{"damage":0,"enemies":"Sentry and Sphere","floor":32,"turns":3},{"damage":10,"enemies":"WA_ARCHETYPE_CALM","floor":33,"turns":11},{"damage":0,"enemies":"Orb Walker","floor":36,"turns":3},{"damage":11,"enemies":"3 Darklings","floor":37,"turns":3},{"damage":46,"enemies":"2 Orb Walkers","floor":38,"turns":4},{"damage":0,"enemies":"Maw","floor":39,"turns":6},{"damage":0,"enemies":"downfall:FleeingMerchant","floor":42,"turns":2},{"damage":15,"enemies":"downfall:FleeingMerchant","floor":43,"turns":3},{"damage":0,"enemies":"Writhing Mass","floor":45,"turns":3},{"damage":0,"enemies":"Jaw Worm Horde","floor":46,"turns":3},{"damage":18,"enemies":"Orin","floor":48,"turns":6},{"damage":0,"enemies":"Sphere and 2 Shapes","floor":49,"turns":3},{"damage":0,"enemies":"IC_BLOCK_ARCHETYPE","floor":50,"turns":6},{"damage":6,"enemies":"downfall:CharBossMerchant","floor":52,"turns":6},{"damage":1,"enemies":"downfall:NeowBoss","floor":55,"turns":8},{"damage":51,"enemies":"downfall:NeowBossFinal","floor":56,"turns":9}],"seed_played":"-3290354067284473069","potions_obtained":[{"floor":10.0,"key":"Dexterity Potion"},{"floor":15,"key":"champ:CounterPotion"},{"floor":15,"key":"Fire Potion"},{"floor":19,"key":"FairyPotion"},{"floor":19,"key":"LiquidMemories"},{"floor":23,"key":"Dexterity Potion"},{"floor":26,"key":"AttackPotion"},{"floor":32,"key":"DistilledChaos"},{"floor":33,"key":"GrandPatriotsElixir:ReiMu"},{"floor":37,"key":"SpeedPotion"},{"floor":38,"key":"FairyPotion"},{"floor":43,"key":"bronze:BurnAndBuffPotion"},{"floor":49,"key":"EssenceOfSteel"}],"is_trial":false,"path_per_floor":["R","?","M","?","?","M","T","?","R","E","T","?","R","M","M","B",null,"R","M","M","M","$","M","T","$","?","?","R","M","$","?","M","B",null,"R","M","M","?","M","T","T","?","?","R","M","M","R","?","M","B",null,"E","$","R","B","B",null],"character_chosen":"THE_SPIRIT","items_purchased":["ClockworkSouvenir","hexamod:PhantomFireball","hexamod:EmpoweredFlame","War Paint","Bronze Scales","Lantern"],"campfire_rested":1,"item_purchase_floors":[22,25,25,42,42,53],"current_hp_per_floor":[70,70,70,63,56,56,56,56,56,38,38,38,59,59,66,57,70,70,56,80,80,80,62,62,59,52,44,44,44,28,28,28,25,80,80,80,76,37,44,44,51,51,36,46,53,60,60,42,49,56,97,97,97,97,97,46],"gold":75,"neow_bonus":"THREE_ENEMY_KILL","is_daily":false,"chose_seed":false,"campfire_upgraded":7,"win_rate":0.0,"timestamp":1613374160,"path_taken":["R","?","?","?","?","M","T","?","R","E","?","?","R","M","M","BOSS","R","M","M","M","$","M","T","$","?","?","R","?","$","?","M","BOSS","R","M","M","?","M","?","T","?","?","R","M","?","R","?","M","BOSS","E","$","R","BOSS","BOSS"],"items_purchased_type":["Relic","Card","Card","Relic","Relic","Relic"],"build_version":"2020-12-22","purchased_purges":1,"victory":true,"max_hp_per_floor":[70,70,70,70,70,70,70,70,70,70,70,70,70,70,70,70,70,70,70,80,80,80,80,80,80,80,80,80,80,80,80,80,80,80,80,80,80,80,80,80,87,87,87,97,97,97,97,97,97,97,97,97,97,97,97,97],"card_choices":[{"not_picked":["hexamod:ShieldOfDarkness","hexamod:SuperheatedStrike","hexamod:GhostShield"],"picked":"SKIP","floor":3.0},{"not_picked":["hexamod:BacktrackSmack","hexamod:FastForward","hexamod:ShieldOfDarkness"],"picked":"SKIP","floor":6.0},{"not_picked":["hexamod:Hexaguard","hexamod:StepThrough"],"picked":"hexamod:SoulSteal","floor":8.0},{"not_picked":["hexamod:ThermalTransfer","hexamod:SpectersWail"],"picked":"hexamod:FifthSeal","floor":10.0},{"not_picked":["hexamod:NightmareGuise","hexamod:HauntingEcho"],"picked":"hexamod:ThermalTransfer","floor":14.0},{"not_picked":["hexamod:FirstSeal","hexamod:SecondSeal"],"picked":"hexamod:FourthSeal","floor":14.0},{"not_picked":["hexamod:FirstSeal","hexamod:FourthSeal"],"picked":"hexamod:SixthSeal","floor":15},{"not_picked":["hexamod:AdvancingGuard","hexamod:Firestarter"],"picked":"hexamod:PhantomCloak","floor":15},{"not_picked":["hexamod:SixthSeal","hexamod:FirstSeal"],"picked":"hexamod:ThirdSeal","floor":16},{"not_picked":["hexamod:TurnItUp","hexamod:ParanormalForm"],"picked":"hexamod:WildfireWeapon","floor":16},{"not_picked":["hexamod:FourthSeal","hexamod:SixthSeal"],"picked":"hexamod:FirstSeal","floor":19},{"not_picked":["hexamod:InspiringFlames","hexamod:NecessarySacrifice+1"],"picked":"hexamod:NightmareGuise+1","floor":19},{"not_picked":["hexamod:SpectralAdrenaline","hexamod:EmpoweredFlame","hexamod:CatchUp"],"picked":"SKIP","floor":19},{"not_picked":["hexamod:DynamicBlow","hexamod:HeatMetal"],"picked":"hexamod:RadiantFlame+1","floor":20},{"not_picked":["hexamod:NightmareStrike","hexamod:RecurringNightmare"],"picked":"hexamod:Incineration","floor":21},{"not_picked":["hexamod:ThermalTransfer","hexamod:RadiantFlame+1","hexamod:FastForward+1"],"picked":"SKIP","floor":22},{"not_picked":["hexamod:GhostLash+1","hexamod:FastForward+1"],"picked":"hexamod:UnlimitedPower","floor":23},{"not_picked":["hexamod:ThermalTransfer","hexamod:SoulSteal","hexamod:SwordOfDarkness"],"picked":"SKIP","floor":25},{"not_picked":["hexamod:GhostShield","hexamod:NightmareGuise"],"picked":"hexamod:FlamesFromBeyond+1","floor":26},{"not_picked":["hexamod:Incineration","hexamod:FlamesFromBeyond","hexamod:HeatMetal"],"picked":"SKIP","floor":29},{"not_picked":["hexamod:InspiringFlames","hexamod:BurningTouch"],"picked":"hexamod:HauntingEcho+1","floor":30},{"not_picked":["hexamod:FlamesFromBeyond","hexamod:ThermalTransfer+1"],"picked":"hexamod:RainOfEmbers","floor":32},{"not_picked":["hexamod:UnleashSpirits","hexamod:WildfireWeapon"],"picked":"hexamod:TimeOfNeed","floor":33},{"not_picked":["hexamod:SoulSteal+1","hexamod:Firestarter+1","hexamod:InspiringFlames"],"picked":"SKIP","floor":36},{"not_picked":["hexamod:SuperheatedStrike+1","hexamod:InspiringFlames"],"picked":"hexamod:Hexaguard+1","floor":37},{"not_picked":["hexamod:ExtraCrispy","hexamod:ThermalTransfer","hexamod:RecurringNightmare+1"],"picked":"SKIP","floor":39},{"not_picked":["hexamod:BacktrackSmack+1","hexamod:SpectralAdrenaline+1"],"picked":"hexamod:GiftsFromTheDead","floor":42},{"not_picked":["hexamod:PhantomFireball+1","hexamod:EmpoweredFlame+1","hexamod:ShieldOfDarkness"],"picked":"SKIP","floor":45},{"not_picked":["hexamod:AdvancingGuard","hexamod:GhostLash","hexamod:RecurringNightmare"],"picked":"SKIP","floor":46},{"not_picked":["hexamod:InspiringFlames+1","hexamod:HeatMetal"],"picked":"hexamod:Toasty","floor":49},{"not_picked":["hexamod:PhantomCloak","hexamod:NightmareGuise+1"],"picked":"hexamod:InspiringFlames+1","floor":52}],"player_experience":1557131,"relics_obtained":[{"floor":7.0,"key":"FossilizedHelix"},{"floor":8.0,"key":"Blue Candle"},{"floor":10.0,"key":"Peace Pipe"},{"floor":24,"key":"sneckomod:BlankCard"},{"floor":26,"key":"Red Mask"},{"floor":38,"key":"Incense Burner"},{"floor":40,"key":"Bag of Marbles"},{"floor":41,"key":"Strawberry"},{"floor":43,"key":"Dead Branch"},{"floor":48,"key":"CatCart"},{"floor":52,"key":"Anchor"}],"event_choices":[{"damage_healed":0.0,"max_hp_gain":0.0,"max_hp_loss":0.0,"gold_gain":0.0,"event_name":"Scrap Ooze","player_choice":"Success","floor":4.0,"gold_loss":0.0,"damage_taken":7.0,"relics_obtained":["Happy Flower"]},{"damage_healed":0,"gold_gain":0,"player_choice":"Fought Bandits","damage_taken":0,"max_hp_gain":0,"max_hp_loss":0,"event_name":"Masked Bandits","floor":26,"gold_loss":0},{"damage_healed":0,"gold_gain":0,"player_choice":"Ignored","damage_taken":0,"max_hp_gain":0,"max_hp_loss":0,"event_name":"Vampires","floor":31,"gold_loss":0},{"damage_healed":0,"gold_gain":0,"player_choice":"Fight","damage_taken":0,"max_hp_gain":0,"max_hp_loss":0,"event_name":"Mysterious Sphere","floor":38,"gold_loss":0},{"damage_healed":0,"gold_gain":0,"player_choice":"Fight","damage_taken":0,"max_hp_gain":0,"max_hp_loss":0,"event_name":"OrinTheCat","floor":48,"gold_loss":0}],"is_beta":false,"boss_relics":[{"not_picked":["SacredBark","Runic Pyramid"],"picked":"expansioncontent:StudyCardRelic"},{"not_picked":["Empty Cage","Fusion Hammer"],"picked":"sneckomod:SneckoTalon"}],"items_purged_floors":[42],"is_endless":false,"potions_floor_spawned":[10,15,19,23,26,32,33,37,38,43,49],"ascension_level":0}}