{"host":"w4b7hmige5bnqipq","time":1613387876,"event":{"mods":["2.2 Compatiblity","BaseMod","Colored Map","DeckTracker","Keyboard Shortcuts","Minty Spire (QoL Compilation)","Permanent Neow","Rare Cards Sparkle","SuperFastMode","everything is the same but u backflip on backflip","slay the spire mod where everything is the same but ironclad has a cowboy hat"],"gold_per_floor":[115,132,145,145,158,158,190,190,190,208,208,23,57,71,71,149,149,162,172,184,4,15,15,48,48,48,48,48,48],"floor_reached":28,"language":"KOR","playtime":988,"items_purged":["Strike_B"],"score":463,"play_id":"eba6d91c-d271-4a53-849b-4a2b1666bb67","local_time":"20210215201756","is_ascension_mode":true,"campfire_choices":[{"data":"Glacier","floor":6.0,"key":"SMITH"},{"data":"Secret Technique","floor":8.0,"key":"SMITH"},{"data":"Zap","floor":11.0,"key":"SMITH"},{"data":"Darkness","floor":15.0,"key":"SMITH"},{"floor":23.0,"key":"REST"},{"floor":25.0,"key":"REST"}],"circlet_count":0,"master_deck":["AscendersBane","Strike_B","Strike_B","Strike_B","Defend_B","Defend_B","Defend_B","Defend_B","Zap+1","Dualcast","Secret Technique+1","Cold Snap","Darkness+1","Glacier+1","Gash","Stack","Ball Lightning+1","Go for the Eyes+1","Gash+1","Core Surge+1","Fusion","Skim+1","Conserve Battery+1","Doom and Gloom+1","Chill+1","Leap+1"],"relics":["Cracked Core","Bottled Lightning","Molten Egg 2","Membership Card","InkBottle","Velvet Choker","Toxic Egg 2","Mummified Hand"],"acts_visited":["Exordium","TheCity"],"potions_floor_usage":[28],"damage_taken":[{"damage":0.0,"enemies":"Small Slimes","floor":1.0,"turns":2.0},{"damage":0.0,"enemies":"Jaw Worm","floor":2.0,"turns":4.0},{"damage":0.0,"enemies":"Cultist","floor":3.0,"turns":4.0},{"damage":2.0,"enemies":"Large Slime","floor":5.0,"turns":8.0},{"damage":17.0,"enemies":"Lagavulin","floor":7.0,"turns":9.0},{"damage":0.0,"enemies":"Blue Slaver","floor":10.0,"turns":4.0},{"damage":8.0,"enemies":"3 Sentries","floor":13.0,"turns":9.0},{"damage":0.0,"enemies":"Red Slaver","floor":14.0,"turns":3.0},{"damage":7.0,"enemies":"The Guardian","floor":16.0,"turns":9.0},{"damage":6.0,"enemies":"Shell Parasite","floor":18.0,"turns":4.0},{"damage":11.0,"enemies":"Spheric Guardian","floor":19.0,"turns":3.0},{"damage":8.0,"enemies":"Snake Plant","floor":20.0,"turns":4.0},{"damage":14.0,"enemies":"Shelled Parasite and Fungi","floor":22.0,"turns":6.0},{"damage":31.0,"enemies":"Slavers","floor":24.0,"turns":6.0},{"damage":35,"enemies":"Gremlin Leader","floor":28,"turns":5}],"seed_played":"4965098228751055908","potions_obtained":[{"floor":2.0,"key":"Fire Potion"},{"floor":10.0,"key":"Block Potion"},{"floor":22.0,"key":"FocusPotion"},{"floor":24.0,"key":"Fire Potion"}],"is_trial":false,"path_per_floor":["M","M","M","?","M","R","E","R","T","M","R","$","E","M","R","B",null,"M","M","M","$","M","R","E","R","T","?","E"],"character_chosen":"DEFECT","items_purchased":["Membership Card","Ball Lightning+1","Toxic Egg 2"],"campfire_rested":2,"item_purchase_floors":[12,12,21],"current_hp_per_floor":[46,46,46,69,67,67,50,50,50,50,50,50,42,42,42,35,62,56,45,37,37,23,44,13,34,34,34,0,0],"gold":48,"neow_bonus":"RANDOM_COLORLESS_2","is_daily":false,"chose_seed":false,"campfire_upgraded":4,"win_rate":0.0,"timestamp":1613387876,"path_taken":["M","M","M","?","M","R","E","R","T","M","R","$","E","M","R","BOSS","M","M","M","$","M","R","E","R","T","?","E"],"items_purchased_type":["Relic","Card","Relic"],"build_version":"2020-12-22","purchased_purges":1,"victory":false,"max_hp_per_floor":[71,71,71,71,71,71,71,71,71,71,71,71,71,71,71,71,71,71,71,71,71,71,71,71,71,71,71,71,71],"card_choices":[{"not_picked":["Secret Weapon","Magnetism"],"picked":"Secret Technique","floor":0.0},{"not_picked":["Turbo","Leap"],"picked":"Cold Snap","floor":1.0},{"not_picked":["Hologram","Chaos"],"picked":"Darkness","floor":2.0},{"not_picked":["Hologram","Sweeping Beam"],"picked":"Glacier","floor":3.0},{"not_picked":["Hello World","Sweeping Beam"],"picked":"Gash","floor":5.0},{"not_picked":["Consume","Turbo","Reprogram"],"picked":"SKIP","floor":7.0},{"not_picked":["Static Discharge","Beam Cell+1"],"picked":"Stack","floor":10.0},{"not_picked":["Beam Cell+1","Biased Cognition"],"picked":"Go for the Eyes+1","floor":13.0},{"not_picked":["Turbo","Undo"],"picked":"Gash+1","floor":14.0},{"not_picked":["Seek","Hyperbeam+1"],"picked":"Core Surge+1","floor":16.0},{"not_picked":["Turbo","Conserve Battery"],"picked":"Fusion","floor":18.0},{"not_picked":["Beam Cell+1","Reinforced Body"],"picked":"Skim+1","floor":19.0},{"not_picked":["Genetic Algorithm","Steam","Turbo"],"picked":"SKIP","floor":20.0},{"not_picked":["Turbo+1","Skim+1"],"picked":"Conserve Battery+1","floor":22.0},{"not_picked":["Cold Snap+1","Redo+1"],"picked":"Doom and Gloom+1","floor":24.0}],"player_experience":749185,"relics_obtained":[{"floor":7.0,"key":"Bottled Lightning"},{"floor":9.0,"key":"Molten Egg 2"},{"floor":13.0,"key":"InkBottle"},{"floor":26.0,"key":"Mummified Hand"}],"event_choices":[{"damage_healed":23.0,"max_hp_gain":0.0,"max_hp_loss":0.0,"gold_gain":0.0,"event_name":"Big Fish","player_choice":"Banana","floor":4.0,"gold_loss":0.0,"damage_taken":0.0},{"damage_healed":0,"gold_gain":0,"player_choice":"2 cards matched","damage_taken":0,"max_hp_gain":0,"max_hp_loss":0,"event_name":"Match and Keep!","floor":27,"gold_loss":0,"cards_obtained":["Chill","Leap"]}],"is_beta":false,"boss_relics":[{"not_picked":["Empty Cage","Busted Crown"],"picked":"Velvet Choker"}],"items_purged_floors":[21],"is_endless":false,"potions_floor_spawned":[2,10,13,16,22,24],"killed_by":"Gremlin Leader","ascension_level":17}}