{"host":"wbn3xdfsa5pc2kse","time":1613383851,"event":{"mods":["AchievementEnabler","BaseMod","Bestiary","Colored Map","Colored Powertips","Curses Come First","Highlight Path","Minty Spire (QoL Compilation)","Permanent Neow","Rare Cards Sparkle","Relic Stats","StSLib"],"gold_per_floor":[116,1,26,26,26,59,70,99,99,49,65,65,85,85,85],"floor_reached":14,"language":"ZHT","playtime":457,"items_purged":["Parasite","Strike_P"],"score":196,"play_id":"a5971d6b-16c2-4502-b5f2-e5eb73bfd3c1","local_time":"20210215181051","is_ascension_mode":true,"campfire_choices":[{"data":"Omniscience","floor":12.0,"key":"SMITH"}],"circlet_count":0,"master_deck":["AscendersBane","Strike_P","Strike_P+1","Defend_P","Defend_P","Defend_P","Defend_P","Eruption+1","Vigilance","Ragnarok","CutThroughFate","Wireheading","Halt","JustLucky","Omniscience+1","ThirdEye","FlurryOfBlows"],"relics":["PureWater","Whetstone","Calipers","Smiling Mask","StrikeDummy"],"acts_visited":["Exordium"],"potions_floor_usage":[13],"damage_taken":[{"damage":0.0,"enemies":"Cultist","floor":1.0,"turns":3.0},{"damage":12.0,"enemies":"Lagavulin","floor":6.0,"turns":4.0},{"damage":0.0,"enemies":"Small Slimes","floor":7.0,"turns":2.0},{"damage":14.0,"enemies":"Gremlin Nob","floor":8.0,"turns":3.0},{"damage":7.0,"enemies":"Jaw Worm","floor":11.0,"turns":2.0},{"damage":0,"enemies":"Blue Slaver","floor":13,"turns":2},{"damage":25,"enemies":"3 Sentries","floor":14,"turns":6}],"seed_played":"2673181878891850910","potions_obtained":[{"floor":7.0,"key":"LiquidBronze"},{"floor":8.0,"key":"Regen Potion"},{"floor":11.0,"key":"LiquidBronze"}],"is_trial":false,"path_per_floor":["M","$","T","?","$","E","M","E","T","$","M","R","M","E"],"character_chosen":"WATCHER","items_purchased":["Wireheading"],"campfire_rested":0,"item_purchase_floors":[2],"current_hp_per_floor":[61,61,61,54,54,42,42,28,28,28,26,26,26,1,1],"gold":85,"neow_bonus":"THREE_RARE_CARDS","is_daily":false,"chose_seed":false,"campfire_upgraded":1,"win_rate":0.0,"timestamp":1613383851,"path_taken":["M","$","?","?","?","E","M","E","T","?","M","R","M","E"],"items_purchased_type":["Card"],"build_version":"2020-12-22","purchased_purges":2,"victory":false,"max_hp_per_floor":[68,65,65,65,65,65,65,65,65,65,65,65,65,65,65],"relic_stats":{"counters":[7,22],"Whetstone":["Strike_P","Eruption"],"Smiling Mask":50,"obtain_stats":[{"Calipers":6,"Whetstone":3,"PureWater":0,"Smiling Mask":8,"StrikeDummy":9},{"Calipers":2,"Whetstone":1,"PureWater":0,"Smiling Mask":4,"StrikeDummy":4},{"Calipers":7,"Whetstone":3,"PureWater":0,"Smiling Mask":12,"StrikeDummy":12}]},"card_choices":[{"not_picked":["DeusExMachina","DevaForm"],"picked":"Ragnarok","floor":0.0},{"not_picked":["FlyingSleeves","BowlingBash"],"picked":"CutThroughFate","floor":1.0},{"not_picked":["LikeWater","EmptyBody"],"picked":"Halt","floor":6.0},{"not_picked":["Prostrate","ForeignInfluence"],"picked":"JustLucky","floor":7.0},{"not_picked":["Establishment","PathToVictory"],"picked":"Omniscience","floor":8.0},{"not_picked":["SignatureMove","CrushJoints"],"picked":"ThirdEye","floor":11.0},{"not_picked":["Prostrate","Evaluate"],"picked":"FlurryOfBlows","floor":13}],"player_experience":819750,"relics_obtained":[{"floor":3.0,"key":"Whetstone"},{"floor":6.0,"key":"Calipers"},{"floor":8.0,"key":"Smiling Mask"},{"floor":9.0,"key":"StrikeDummy"}],"event_choices":[{"cards_removed":["Strike_P"],"damage_healed":0.0,"max_hp_gain":0.0,"max_hp_loss":0.0,"gold_gain":0.0,"event_name":"Golden Wing","player_choice":"Card Removal","floor":4.0,"gold_loss":0.0,"damage_taken":7.0}],"is_beta":false,"boss_relics":[],"items_purged_floors":[2,10],"is_endless":false,"potions_floor_spawned":[7,8,11],"killed_by":"3 Sentries","ascension_level":20}}