{"host":"3hzk4hwwdropes3d","time":1613377294,"event":{"mods":["BaseMod","Downfall","Hermit","Minty Spire (QoL Compilation)","StSLib"],"gold_per_floor":[112,7,22,22,97,97,125,125,125,154,200,212,247,269,281,413,425,449,551,229,83,83,118,131,150,150,177,191,191,206,217,217,317,317,335,354,354,75,75,106,126,160,187,214,230,230,230],"floor_reached":46,"language":"ENG","playtime":2778,"items_purged":["hermit:Strike_Hermit","hermit:Strike_Hermit"],"score":780,"play_id":"61a28131-dc39-4c72-9d09-797379d605cd","local_time":"20210215002134","is_ascension_mode":true,"campfire_choices":[{"data":"hermit:Gestalt","floor":6,"key":"SMITH"},{"data":"hermit:CursedWeapon","floor":8,"key":"SMITH"},{"data":"hermit:FlashPowder","floor":12,"key":"SMITH"},{"data":"hermit:Vantage","floor":15,"key":"SMITH"},{"floor":29,"key":"REST"},{"floor":32,"key":"REST"}],"circlet_count":0,"master_deck":["hermit:Defend_Hermit","hermit:Defend_Hermit","hermit:Defend_Hermit","hermit:Snapshot","hermit:Covet","hermit:Gestalt+1","hermit:CursedWeapon+1","hermit:Manifest+1","hermit:Quickdraw","hermit:Enervate+1","hermit:FlashPowder+1","hermit:Horror","hermit:Vantage+1","hermit:FinalCanter+1","hermit:LoneWolf+1","hermit:HeroicBravado+1","hermit:Desperado+1","hermit:Desperado+1","hermit:Horror","hermit:Ricochet","hermit:Malice+1","hermit:Glare+1","hermit:OverwhelmingPower","hermit:WideOpen","hermit:Headshot","Pain"],"relics":["hermit:Momento","NeowsBlessing","Pen Nib","MawBank","Nunchaku","PreservedInsect","Astrolabe","Singing Bowl","DollysMirror","Centennial Puzzle","Mercury Hourglass","Orichalcum","Black Star","MealTicket","WarpedTongs","CeramicFish","Whetstone","Boot","hermit:RedScarf","hexamod:BolsterEngine","Slimebound:PreparedRelic","Guardian:PocketSentry"],"acts_visited":["Exordium","TheCity","TheBeyond"],"potions_floor_usage":[16,16,22,23,27,30,33,33,33,33,33,42,45,45],"damage_taken":[{"damage":0,"enemies":"Small Slimes","floor":1,"turns":1},{"damage":0,"enemies":"Jaw Worm","floor":3,"turns":1},{"damage":0,"enemies":"Gremlin Nob","floor":7,"turns":1},{"damage":2,"enemies":"2 Louse","floor":10,"turns":2},{"damage":11,"enemies":"Lagavulin","floor":11,"turns":6},{"damage":3,"enemies":"Exordium Thugs","floor":14,"turns":4},{"damage":4,"enemies":"Slime Boss","floor":16,"turns":11},{"damage":2,"enemies":"Chosen","floor":18,"turns":4},{"damage":15,"enemies":"Gremlin Leader","floor":23,"turns":4},{"damage":3,"enemies":"Spheric Guardian","floor":24,"turns":3},{"damage":18,"enemies":"Cultist and Chosen","floor":25,"turns":7},{"damage":24,"enemies":"Book of Stabbing","floor":27,"turns":3},{"damage":2,"enemies":"Chosen and Byrds","floor":28,"turns":3},{"damage":14,"enemies":"Shelled Parasite and Fungi","floor":30,"turns":4},{"damage":3,"enemies":"Snake Plant","floor":31,"turns":2},{"damage":40,"enemies":"Champ","floor":33,"turns":10},{"damage":8,"enemies":"3 Shapes","floor":35,"turns":4},{"damage":5,"enemies":"Orb Walker","floor":36,"turns":3},{"damage":9,"enemies":"Giant Head","floor":40,"turns":4},{"damage":18,"enemies":"Sphere and 2 Shapes","floor":41,"turns":4},{"damage":40,"enemies":"Nemesis","floor":42,"turns":5},{"damage":5,"enemies":"Reptomancer","floor":44,"turns":3},{"damage":7,"enemies":"Spire Growth","floor":45,"turns":3},{"damage":21,"enemies":"Nemesis","floor":46,"turns":3}],"seed_played":"6717349045117494201","potions_obtained":[{"floor":3,"key":"CultistPotion"},{"floor":7,"key":"Fire Potion"},{"floor":11,"key":"ColorlessPotion"},{"floor":16,"key":"sneckomod:MuddlingPotion"},{"floor":22,"key":"Fruit Juice"},{"floor":22,"key":"Swift Potion"},{"floor":22,"key":"hexamod:SoulburnPotion"},{"floor":23,"key":"PowerPotion"},{"floor":28,"key":"Fire Potion"},{"floor":31,"key":"EntropicBrew"},{"floor":33,"key":"bronze:BurnAndBuffPotion"},{"floor":36,"key":"Fire Potion"},{"floor":40,"key":"Strength Potion"},{"floor":45,"key":"CultistPotion"}],"is_trial":false,"path_per_floor":["M","$","M","?","?","R","E","R","T","M","E","R","T","M","R","B",null,"M","?","$","$","?","E","M","M","T","E","M","R","M","M","R","B",null,"M","M","?","$","?","E","M","E","T","E","M","E"],"character_chosen":"HERMIT","items_purchased":["hermit:CursedWeapon","hermit:Manifest","Singing Bowl","DollysMirror","MealTicket","hermit:Headshot"],"campfire_rested":2,"item_purchase_floors":[2,2,20,21,38,38],"current_hp_per_floor":[75,75,75,75,64,64,64,64,64,62,51,51,51,48,48,44,75,73,61,61,61,66,53,50,34,34,10,10,35,23,20,46,6,88,80,77,77,77,77,70,54,16,16,13,8,0,0],"gold":230,"neow_bonus":"THREE_ENEMY_KILL","is_daily":false,"chose_seed":false,"campfire_upgraded":4,"win_rate":0.0,"timestamp":1613377294,"path_taken":["M","$","M","?","?","R","E","R","T","M","E","R","?","M","R","BOSS","M","?","?","$","?","E","M","M","T","E","M","R","?","M","R","BOSS","M","M","?","$","?","E","M","E","T","E","?","E"],"items_purchased_type":["Card","Card","Relic","Relic","Relic","Card"],"build_version":"2020-12-22","purchased_purges":2,"victory":false,"max_hp_per_floor":[75,75,75,75,75,75,75,75,75,75,75,75,75,75,75,75,75,75,75,75,75,80,82,82,84,84,84,86,86,88,88,88,88,88,88,90,90,90,90,92,94,96,96,98,100,100,100],"card_choices":[{"not_picked":["hermit:SprayPray","hermit:Feint"],"picked":"hermit:Gestalt","floor":1},{"not_picked":["hermit:NoHoldsBarred","hermit:Showdown"],"picked":"hermit:Quickdraw","floor":3},{"not_picked":["hermit:Maintenance","hermit:Brawl"],"picked":"hermit:Enervate","floor":7},{"not_picked":["hermit:Scavenge","hermit:HighCaliber"],"picked":"hermit:FlashPowder","floor":10},{"not_picked":["hermit:Roulette","hermit:TrackingShot"],"picked":"hermit:Horror","floor":11},{"not_picked":["hermit:Scavenge","hermit:Roulette"],"picked":"hermit:Vantage","floor":14},{"not_picked":["hermit:HeroicBravado","hermit:Gambit"],"picked":"hermit:FinalCanter","floor":16},{"not_picked":["hermit:GoldenBullet","hermit:Enervate+1"],"picked":"hermit:Desperado+1","floor":18},{"not_picked":["hermit:CalledShot","hermit:Coalescence","hermit:Snipe"],"picked":"Singing Bowl","floor":23},{"not_picked":["hermit:Midnight","hermit:Feint"],"picked":"hermit:Ricochet","floor":24},{"not_picked":["hermit:SprayPray","hermit:Roulette","hermit:Determination+1"],"picked":"Singing Bowl","floor":25},{"not_picked":["hermit:Horror","hermit:Midnight"],"picked":"hermit:Malice+1","floor":27},{"not_picked":["hermit:Roulette","hermit:Scavenge+1","hermit:Desperado"],"picked":"Singing Bowl","floor":28},{"not_picked":["hermit:Desperado","hermit:Coalescence+1","hermit:BodyArmor+1"],"picked":"Singing Bowl","floor":30},{"not_picked":["hermit:Quickdraw+1","hermit:Shortfuse"],"picked":"hermit:Glare+1","floor":31},{"not_picked":["hermit:BlackWind","hermit:Reprieve"],"picked":"hermit:OverwhelmingPower","floor":33},{"not_picked":["hermit:Showdown","hermit:CalledShot"],"picked":"hermit:WideOpen","floor":35},{"not_picked":["hermit:Glare+1","hermit:TrackingShot+1","hermit:Feint"],"picked":"Singing Bowl","floor":36},{"not_picked":["hermit:SprayPray","hermit:Vantage+1","hermit:Headshot+1"],"picked":"Singing Bowl","floor":40},{"not_picked":["hermit:Virtue+1","hermit:PistolWhip+1","hermit:Snipe"],"picked":"Singing Bowl","floor":41},{"not_picked":["hermit:WideOpen+1","hermit:CalledShot","hermit:FullyLoaded"],"picked":"Singing Bowl","floor":42},{"not_picked":["hermit:Headshot+1","hermit:BigShot+1","hermit:Roulette"],"picked":"Singing Bowl","floor":44},{"not_picked":["hermit:Glare+1","hermit:Shortfuse+1","hermit:LoneWolf"],"picked":"Singing Bowl","floor":45}],"player_experience":410569,"relics_obtained":[{"floor":7,"key":"Pen Nib"},{"floor":9,"key":"MawBank"},{"floor":11,"key":"Nunchaku"},{"floor":13,"key":"PreservedInsect"},{"floor":23,"key":"Centennial Puzzle"},{"floor":26,"key":"Mercury Hourglass"},{"floor":27,"key":"Orichalcum"},{"floor":40,"key":"CeramicFish"},{"floor":40,"key":"Whetstone"},{"floor":42,"key":"Boot"},{"floor":42,"key":"hermit:RedScarf"},{"floor":43,"key":"hexamod:BolsterEngine"},{"floor":44,"key":"Slimebound:PreparedRelic"},{"floor":44,"key":"Guardian:PocketSentry"}],"event_choices":[{"damage_healed":0,"gold_gain":0,"player_choice":"Grow","damage_taken":0,"max_hp_gain":0,"max_hp_loss":0,"event_name":"Living Wall","floor":4,"gold_loss":0,"cards_upgraded":["hermit:Manifest"]},{"damage_healed":0,"gold_gain":75,"player_choice":"Gather Gold","damage_taken":11,"max_hp_gain":0,"max_hp_loss":0,"event_name":"World of Goop","floor":5,"gold_loss":0},{"damage_healed":0,"gold_gain":90,"player_choice":"GOLD ","damage_taken":12,"max_hp_gain":0,"max_hp_loss":0,"event_name":"Knowing Skull","floor":19,"potions_obtained":[],"gold_loss":0,"cards_obtained":[]},{"damage_healed":0,"gold_gain":0,"player_choice":"Got Potions","damage_taken":0,"max_hp_gain":0,"max_hp_loss":0,"event_name":"Lab","floor":22,"gold_loss":0},{"damage_healed":0,"gold_gain":0,"player_choice":"Ignored","damage_taken":0,"max_hp_gain":0,"max_hp_loss":0,"event_name":"Tomb of Lord Red Mask","floor":37,"gold_loss":0},{"damage_healed":0,"gold_gain":0,"player_choice":"Rummage","damage_taken":0,"relics_obtained":["WarpedTongs"],"max_hp_gain":0,"max_hp_loss":0,"event_name":"Accursed Blacksmith","floor":39,"gold_loss":0,"cards_obtained":["Pain"]}],"is_beta":false,"boss_relics":[{"not_picked":["Fusion Hammer","Runic Dome"],"picked":"Astrolabe"},{"not_picked":["SacredBark","hermit:BartenderGlass"],"picked":"Black Star"}],"items_purged_floors":[20,38],"is_endless":false,"potions_floor_spawned":[3,7,11,16,23,24,28,31,33,36,40,44,45],"killed_by":"Nemesis","ascension_level":4}}