{"host":"sav7uxregyirlf69","time":1613401760,"event":{"mods":["AchievementEnabler","BaseMod","Colored Map","DeckTracker","Keyboard Shortcuts","Minty Spire (QoL Compilation)","READ ME - Guardian Mod","StSLib","SuperFastMode"],"gold_per_floor":[113,113,38,38,38,82,82,132,132,147,147,170,170,184,184,286,286,320,370,417,22,52,52,52,52],"floor_reached":24,"language":"KOR","playtime":375,"items_purged":["Defend_G"],"score":504,"play_id":"4388bddb-eb5e-423b-9ed4-20a0060bf1c2","local_time":"20210216000920","is_ascension_mode":true,"campfire_choices":[{"floor":7,"key":"REST"},{"data":"Catalyst","floor":11,"key":"SMITH"},{"data":"Bouncing Flask","floor":15,"key":"SMITH"},{"data":"Catalyst","floor":23,"key":"SMITH"}],"circlet_count":0,"master_deck":["AscendersBane","Strike_G","Strike_G","Strike_G","Strike_G","Defend_G","Defend_G","Defend_G","Defend_G","Survivor+1","Neutralize+1","Leg Sweep","Bouncing Flask+1","Catalyst+1","Footwork","Corpse Explosion","Noxious Fumes","Well Laid Plans","Catalyst+1"],"relics":["Ring of the Snake","NeowsBlessing","Golden Idol","CeramicFish","Darkstone Periapt","Tiny Chest","Boot","Sozu","Lee\u0027s Waffle","Anchor"],"acts_visited":["Exordium","TheCity"],"potions_floor_usage":[16,24],"damage_taken":[{"damage":0,"enemies":"Small Slimes","floor":1,"turns":1},{"damage":0,"enemies":"3 Sentries","floor":6,"turns":2},{"damage":0,"enemies":"Gremlin Nob","floor":8,"turns":1},{"damage":1,"enemies":"Jaw Worm","floor":10,"turns":3},{"damage":0,"enemies":"Cultist","floor":12,"turns":2},{"damage":2,"enemies":"Exordium Wildlife","floor":14,"turns":7},{"damage":12,"enemies":"The Guardian","floor":16,"turns":6},{"damage":7,"enemies":"Shell Parasite","floor":18,"turns":3},{"damage":0,"enemies":"Chosen","floor":22,"turns":6},{"damage":68,"enemies":"Gremlin Leader","floor":24,"turns":5}],"seed_played":"2702729656355403505","potions_obtained":[{"floor":6,"key":"SneckoOil"},{"floor":10,"key":"AttackPotion"},{"floor":12,"key":"BlessingOfTheForge"},{"floor":16,"key":"Block Potion"}],"is_trial":false,"path_per_floor":["M","?","$","?","?","E","R","E","T","M","R","M","?","M","R","B",null,"M","?","T","$","M","R","E"],"character_chosen":"THE_SILENT","items_purchased":["Lee\u0027s Waffle","Anchor","Well Laid Plans"],"campfire_rested":1,"item_purchase_floors":[21,21,21],"current_hp_per_floor":[59,59,59,41,23,23,41,41,41,40,40,40,33,31,31,19,50,43,43,43,67,67,67,0,0],"gold":52,"neow_bonus":"THREE_ENEMY_KILL","is_daily":false,"chose_seed":false,"campfire_upgraded":3,"win_rate":0.0,"timestamp":1613401760,"path_taken":["M","?","$","?","?","E","R","E","T","M","R","?","?","M","R","BOSS","M","?","?","?","M","R","E"],"items_purchased_type":["Relic","Relic","Card"],"build_version":"2020-12-22","purchased_purges":1,"victory":false,"max_hp_per_floor":[66,60,60,60,60,60,60,60,60,60,60,60,60,60,60,60,60,60,60,60,67,67,67,67,67],"card_choices":[{"not_picked":["Sucker Punch","Slice"],"picked":"Leg Sweep","floor":1},{"not_picked":["Catalyst","Dagger Throw"],"picked":"Bouncing Flask","floor":6},{"not_picked":["Bane","Accuracy"],"picked":"Catalyst","floor":8},{"not_picked":["Caltrops","Endless Agony","Heel Hook"],"picked":"SKIP","floor":10},{"not_picked":["PiercingWail","Sucker Punch"],"picked":"Footwork","floor":12},{"not_picked":["PiercingWail","Footwork","Predator"],"picked":"SKIP","floor":14},{"not_picked":["Adrenaline","After Image"],"picked":"Corpse Explosion","floor":16},{"not_picked":["Deflect","Sucker Punch"],"picked":"Noxious Fumes","floor":18},{"not_picked":["Dagger Throw","Dash"],"picked":"Catalyst","floor":22}],"player_experience":1584707,"relics_obtained":[{"floor":6,"key":"Darkstone Periapt"},{"floor":8,"key":"Tiny Chest"},{"floor":9,"key":"Boot"}],"event_choices":[{"damage_healed":0,"gold_gain":0,"player_choice":"Lose Max HP","damage_taken":0,"relics_obtained":["Golden Idol"],"max_hp_gain":0,"max_hp_loss":6,"event_name":"Golden Idol","floor":2,"gold_loss":0},{"damage_healed":0,"gold_gain":0,"player_choice":"Success","damage_taken":18,"relics_obtained":["CeramicFish"],"max_hp_gain":0,"max_hp_loss":0,"event_name":"Scrap Ooze","floor":4,"gold_loss":0},{"damage_healed":0,"gold_gain":0,"player_choice":"Entered Light","damage_taken":18,"max_hp_gain":0,"max_hp_loss":0,"event_name":"Shining Light","floor":5,"gold_loss":0,"cards_upgraded":["Neutralize","Survivor"]},{"cards_removed":["Strike_G"],"damage_healed":0,"gold_gain":0,"player_choice":"Card Removal","damage_taken":7,"max_hp_gain":0,"max_hp_loss":0,"event_name":"Golden Wing","floor":13,"gold_loss":0},{"damage_healed":0,"gold_gain":100,"player_choice":"Bet on Murderer","damage_taken":0,"max_hp_gain":0,"max_hp_loss":0,"event_name":"The Joust","floor":19,"gold_loss":50}],"is_beta":false,"boss_relics":[{"not_picked":["Pandora\u0027s Box","SacredBark"],"picked":"Sozu"}],"items_purged_floors":[3],"is_endless":false,"potions_floor_spawned":[6,10,12,16],"killed_by":"Gremlin Leader","ascension_level":20}}