{"host":"5dhwd44u3dydylwe","time":1613376136,"event":{"mods":["AchievementEnabler","BaseMod","BetterRewards","Dota2Spire","Duelist Mod","GifTheSpireLib","Hubris","Minty Spire (QoL Compilation)","Shop Mod","StSLib","Wandering Minibosses"],"gold_per_floor":[136,148,148,168,188,198,198,225,225,279,279,314,189,219,233,251,269,269,368,368,382,394,394,411,460,489,489,54,78,78,95,95,129,147,147,163,163,163,267,267,285,285,325,390,426,426,474,474,499,550,248,286,286,286,286,286,306,306,306,10,77,97],"floor_reached":63,"language":"ENG","playtime":5391,"items_purged":["theDuelist:Sparks","theDuelist:CastleWalls","theDuelist:NaturiaLeodrake","theDuelist:CastleWalls"],"score":2049,"play_id":"632c2e21-8072-47f5-98c4-41e646162a2f","local_time":"20210215160216","is_ascension_mode":true,"campfire_choices":[{"data":"Apotheosis","floor":7.0,"key":"SMITH"},{"floor":11.0,"key":"RECALL"},{"data":"theDuelist:VenomShot","floor":18.0,"key":"SMITH"},{"floor":27,"key":"REST"},{"floor":35,"key":"DIG"},{"floor":37,"key":"DIG"},{"floor":38,"key":"DIG"},{"floor":46,"key":"DIG"},{"floor":48,"key":"DIG"},{"floor":54,"key":"DIG"},{"floor":56,"key":"DIG"},{"floor":59,"key":"DIG"}],"circlet_count":0,"master_deck":["theDuelist:NeoMagic","Madness+1","theDuelist:MysticalElf","theDuelist:DeltaMagnet","theDuelist:NeoMagic","theDuelist:DarkMagician","Chrysalis+1","theDuelist:NaturiaSunflower+1","theDuelist:MysticalElf","theDuelist:NaturiaSunflower","theDuelist:VenomShot+2","Apotheosis+1","Flash of Steel","theDuelist:BloodSparks","theDuelist:Nameless:Greed:BerserkerCrush"],"relics":["theDuelist:MillenniumPuzzle","theDuelist:CardPoolRelic","theDuelist:CardPoolBasicRelic","theDuelist:BoosterPackPoolRelic","theDuelist:CardPoolAddRelic","theDuelist:CardPoolMinusRelic","theDuelist:CardPoolSaveRelic","theDuelist:CardPoolOptionsRelic","hubris:IronBody","Red Skull","theDuelist:CardRewardRelicF","Mummified Hand","HornCleat","Dota2Spire:EchoSabre","hubris:Metronome","theDuelist:MillenniumRod","Paper Frog","wanderingMiniBosses:Blackblade","Inserter","Dota2Spire:Mjollnir","Shovel","Prayer Wheel","Bag of Marbles","Thread and Needle","theDuelist:MillenniumStone","theDuelist:DuelistTeaSet","MealTicket","Nunchaku","Orichalcum","Pocketwatch","Juzu Bracelet","Dota2Spire:RefresherOrb","theDuelist:SummonAnchorRare","Torii","hubris:CuriousFeather","theDuelist:MillenniumPeriapt","Oddly Smooth Stone","Dota2Spire:OrchidMalevolence","Dota2Spire:DrumOfEndurance","Dota2Spire:BladeMail","TwistedFunnel","theDuelist:CursedHealer","Dota2Spire:MagicBottle","Strawberry","theDuelist:DuelistLetterOpener","MerchantsRug","TheAbacus","theDuelist:SpellMaxHPRelic"],"acts_visited":["Exordium","TheCity","TheBeyond","TheEnding"],"potions_floor_usage":[25,25,25,62,62,62],"damage_taken":[{"damage":0.0,"enemies":"Small Slimes","floor":1.0,"turns":3.0},{"damage":0.0,"enemies":"Cultist","floor":2.0,"turns":6.0},{"damage":0.0,"enemies":"2 Louse","floor":4.0,"turns":8.0},{"damage":0.0,"enemies":"Red Slaver","floor":5.0,"turns":4.0},{"damage":0.0,"enemies":"Blue Slaver","floor":6.0,"turns":5.0},{"damage":0.0,"enemies":"Lagavulin","floor":8.0,"turns":8.0},{"damage":0.0,"enemies":"3 Sentries","floor":12.0,"turns":6.0},{"damage":2.0,"enemies":"Lagavulin","floor":14.0,"turns":5.0},{"damage":3.0,"enemies":"2 Fungi Beasts","floor":15.0,"turns":6.0},{"damage":1.0,"enemies":"3 Louse","floor":16.0,"turns":4.0},{"damage":26.0,"enemies":"Lots of Slimes","floor":17.0,"turns":8.0},{"damage":0.0,"enemies":"Slime Boss","floor":19.0,"turns":5.0},{"damage":0,"enemies":"3 Byrds","floor":21,"turns":5},{"damage":2,"enemies":"2 Thieves","floor":22,"turns":4},{"damage":18,"enemies":"Cultist and Chosen","floor":24,"turns":6},{"damage":92,"enemies":"Cultist and Chosen","floor":25,"turns":10},{"damage":0,"enemies":"Book of Stabbing","floor":26,"turns":4},{"damage":7,"enemies":"Sentry and Sphere","floor":31,"turns":4},{"damage":0,"enemies":"Slavers","floor":33,"turns":1},{"damage":0,"enemies":"Snecko","floor":34,"turns":4},{"damage":0,"enemies":"Centurion and Healer","floor":36,"turns":5},{"damage":15,"enemies":"hubris:MusketHawk","floor":39,"turns":6},{"damage":0,"enemies":"3 Darklings","floor":41,"turns":3},{"damage":0,"enemies":"Orb Walker","floor":43,"turns":2},{"damage":11,"enemies":"Orb Walker","floor":44,"turns":6},{"damage":7,"enemies":"4 Shapes","floor":45,"turns":3},{"damage":2,"enemies":"Nemesis","floor":47,"turns":7},{"damage":0,"enemies":"Giant Head","floor":50,"turns":6},{"damage":0,"enemies":"Spire Growth","floor":52,"turns":4},{"damage":13,"enemies":"hubris:GrandSnecko","floor":57,"turns":10},{"damage":16,"enemies":"Shield and Spear","floor":61,"turns":5},{"damage":115,"enemies":"The Heart","floor":62,"turns":10}],"seed_played":"2633691929453405637","potions_obtained":[{"floor":1.0,"key":"theDuelist:SealedPackB"},{"floor":6.0,"key":"theDuelist:SolderPotionB"},{"floor":12.0,"key":"theDuelist:TokenPotion"},{"floor":19.0,"key":"PowerPotion"},{"floor":24,"key":"theDuelist:DestructPotionPot"},{"floor":26,"key":"AttackPotion"},{"floor":31,"key":"theDuelist:WhiteBottle"},{"floor":36,"key":"theDuelist:OrbBottle"},{"floor":45,"key":"theDuelist:BarricadePotion"}],"is_trial":false,"path_per_floor":["M","M","?","M","M","M","R","E","T","T","R","E","$","E","M","M","M","R","B",null,"M","M","?","M","?","E","R","$","T","T","M","$","E","M","R","M","R","R","B",null,"M","?","M","?","M","R","E","R","T","E","$","M","?","R","?","R","B",null,"R","$","E","B",null],"character_chosen":"THE_DUELIST","items_purchased":["hubris:IronBody","Red Skull","theDuelist:CardRewardRelicF","Apotheosis","Mummified Hand","HornCleat","Thread and Needle","theDuelist:MillenniumStone","TwistedFunnel","MerchantsRug","TheAbacus"],"campfire_rested":1,"item_purchase_floors":[0,0,0,0,0,0,28,28,51,60,60],"current_hp_per_floor":[36,40,40,44,48,52,52,56,56,56,56,60,60,62,63,66,44,44,44,124,128,130,130,116,34,38,83,83,83,83,80,95,99,99,99,103,103,103,88,156,156,174,174,163,160,160,158,158,158,158,173,173,178,178,178,185,172,185,185,185,173,58],"gold":97,"neow_bonus":"","is_daily":false,"chose_seed":false,"campfire_upgraded":2,"win_rate":0.0,"timestamp":1613376136,"path_taken":["M","M","?","M","?","M","R","E","?","T","R","E","$","E","?","M","?","R","BOSS","M","?","?","M","?","E","R","$","T","T","M","$","E","?","R","M","R","R","BOSS","M","?","M","?","M","R","E","R","T","E","$","M","?","R","?","R","BOSS","R","$","E","BOSS"],"items_purchased_type":["Relic","Relic","Relic","Card","Relic","Relic","Relic","Relic","Relic","Relic","Relic"],"build_version":"2020-12-22","purchased_purges":4,"victory":true,"max_hp_per_floor":[84,88,88,92,96,100,100,104,104,104,104,108,108,112,116,120,124,124,124,124,128,132,132,136,146,150,150,144,144,144,148,148,152,152,152,156,156,156,156,156,156,174,174,174,178,178,178,178,178,178,178,178,178,178,178,185,185,185,185,185,189,189],"card_choices":[{"not_picked":["theDuelist:NaturiaDragonfly","theDuelist:NaturiaRosewhip","theDuelist:NaturiaCliff","theDuelist:NaturiaStinkbug","theDuelist:CrystalRose"],"picked":"SKIP","floor":1.0},{"not_picked":["theDuelist:BlackOrbCard","theDuelist:WhiteOrbCard","theDuelist:DarkOrbCard","theDuelist:EarthOrbCard"],"picked":"theDuelist:VoidOrbCard","floor":2.0},{"not_picked":["theDuelist:NaturiaEggplant","theDuelist:NaturiaHydrangea","theDuelist:NaturiaRosewhip","theDuelist:NaturiaSunflower","theDuelist:NaturiaParadizo"],"picked":"SKIP","floor":4.0},{"not_picked":["theDuelist:NaturiaEggplant","theDuelist:NaturiaSunflower","theDuelist:NaturiaMantis","theDuelist:SummoningSwarm","theDuelist:Spore"],"picked":"SKIP","floor":5.0},{"not_picked":["theDuelist:NaturiaCliff","theDuelist:NaturiaDragonfly","theDuelist:NaturiaAntjaw","theDuelist:NaturiaTulip","theDuelist:NaturiaGuardian"],"picked":"SKIP","floor":6.0},{"not_picked":["theDuelist:NaturiaCliff","theDuelist:LonefireBlossom","theDuelist:NaturiaTulip","theDuelist:NaturiaMantis","theDuelist:NaturiaCosmobeet"],"picked":"SKIP","floor":8.0},{"not_picked":["theDuelist:LeodrakeMane","theDuelist:NaturalDisaster","theDuelist:NatureReflection","theDuelist:ConvulsionNature"],"picked":"SKIP","floor":12.0},{"not_picked":["theDuelist:NaturiaDragonfly","theDuelist:NaturiaRock","theDuelist:NaturiaStinkbug","theDuelist:SummoningSwarm","theDuelist:NaturiaHydrangea"],"picked":"SKIP","floor":14.0},{"not_picked":["theDuelist:NaturiaCliff","theDuelist:NaturiaMarron","theDuelist:NaturiaEggplant","theDuelist:SummoningSwarm","theDuelist:NaturiaDragonfly"],"picked":"SKIP","floor":15.0},{"not_picked":["theDuelist:WildNatureRelease","theDuelist:NaturiaButterfly","theDuelist:NaturiaMarron","theDuelist:NaturiaMosquito","theDuelist:NaturiaSpiderfang"],"picked":"SKIP","floor":16.0},{"not_picked":["theDuelist:NaturiaSacredTree","theDuelist:Anteater","theDuelist:LeodrakeMane","theDuelist:NaturiaLeodrake","theDuelist:NatureReflection"],"picked":"SKIP","floor":17.0},{"not_picked":["theDuelist:BlackPendant","theDuelist:GilfordLegend","theDuelist:PotDichotomy","theDuelist:PreventRat","theDuelist:BattleOx"],"picked":"SKIP","floor":17.0},{"not_picked":["theDuelist:NaturiaCliff+1","theDuelist:NaturiaDragonfly","theDuelist:NaturiaEggplant","theDuelist:NaturiaHydrangea","theDuelist:SurvivalInstinct"],"picked":"SKIP","floor":21},{"not_picked":["theDuelist:NaturiaCliff","theDuelist:NaturiaDragonfly","theDuelist:NaturiaEggplant","theDuelist:NaturiaHydrangea","theDuelist:NaturiaBambooShoot"],"picked":"SKIP","floor":22},{"not_picked":["theDuelist:LightningDarts","theDuelist:ReinforcementsArmy+1","theDuelist:BigKoala","theDuelist:OneForOne+1","theDuelist:Wiseman"],"picked":"SKIP","floor":24},{"not_picked":["theDuelist:BrainCrusher","theDuelist:NaturiaBarkion","theDuelist:NaturiaMosquito+1"],"picked":"SKIP","floor":26},{"not_picked":["theDuelist:NaturiaEggplant","theDuelist:NaturiaRagweed","theDuelist:NaturiaAntjaw","theDuelist:NaturiaCliff","theDuelist:ExterioFang"],"picked":"SKIP","floor":31},{"not_picked":["theDuelist:NaturiaSacredTree+1","theDuelist:LeodrakeMane","theDuelist:NatureReflection+1","theDuelist:ConvulsionNature"],"picked":"SKIP","floor":31},{"not_picked":["theDuelist:BlackPendant","theDuelist:GilfordLegend","theDuelist:PotDichotomy","theDuelist:PreventRat","theDuelist:BattleOx+1"],"picked":"SKIP","floor":33},{"not_picked":["theDuelist:NaturiaCliff+1","theDuelist:NaturiaMarron","theDuelist:NaturiaAntjaw","theDuelist:FossilDig+1","theDuelist:NaturiaRosewhip"],"picked":"SKIP","floor":34},{"not_picked":["theDuelist:NaturiaHydrangea+1","theDuelist:NaturiaMarron","theDuelist:NaturiaMantis","theDuelist:NaturiaRosewhip","theDuelist:Wiretap+1"],"picked":"SKIP","floor":34},{"not_picked":["theDuelist:NaturiaCliff+1","theDuelist:NaturiaMarron","theDuelist:NaturiaDragonfly","theDuelist:FossilDig"],"picked":"theDuelist:NaturiaSunflower","floor":36},{"not_picked":["theDuelist:BattleOx","theDuelist:TimeSeal+1","theDuelist:WingedKuribohLv9","theDuelist:HarpieFeather+1","theDuelist:LightningDarts"],"picked":"SKIP","floor":36},{"not_picked":["theDuelist:NaturiaCliff","theDuelist:NaturiaLandoise","theDuelist:CrystalRose","theDuelist:NaturiaGaiastrio","theDuelist:NaturiaRock"],"picked":"SKIP","floor":41},{"not_picked":["theDuelist:AcidTrapHole+1","theDuelist:ExterioFang","theDuelist:NaturiaBeans","theDuelist:NaturiaLadybug+1","theDuelist:NaturiaVein+1"],"picked":"SKIP","floor":41},{"not_picked":["theDuelist:BigFire+1","theDuelist:MudragonSwamp+1","theDuelist:Cloning","theDuelist:Terraforming","theDuelist:BattleguardKing+1"],"picked":"SKIP","floor":43},{"not_picked":["theDuelist:NaturiaGuardian+1","theDuelist:NaturiaGaiastrio+1","theDuelist:Spore","theDuelist:CrystalRose+1","theDuelist:NaturiaTulip"],"picked":"SKIP","floor":43},{"not_picked":["theDuelist:NaturiaMantis","theDuelist:LonefireBlossom+1","theDuelist:LuminousMoss","theDuelist:SummoningSwarm","theDuelist:MillenniumScorpion+1"],"picked":"SKIP","floor":45},{"not_picked":["theDuelist:NaturiaHorneedle+1","theDuelist:HeartUnderdog","theDuelist:ClosedForest","theDuelist:NaturiaBarkion","theDuelist:NaturiaForest+1"],"picked":"SKIP","floor":45},{"not_picked":["theDuelist:NaturiaBrambi+1","theDuelist:NaturiaParadizo","theDuelist:PotDuality","theDuelist:FossilDig+1","theDuelist:MillenniumScorpion"],"picked":"SKIP","floor":47},{"not_picked":["Good Instincts","PanicButton+1","Violence"],"picked":"Chrysalis+1","floor":50},{"not_picked":["Panache","Thinking Ahead","Violence"],"picked":"Flash of Steel","floor":52},{"not_picked":["theDuelist:NaturiaSacredTree","theDuelist:Anteater+1","theDuelist:LeodrakeMane","theDuelist:NaturalDisaster","theDuelist:NaturiaVein+1"],"picked":"SKIP","floor":52},{"not_picked":["theDuelist:NaturiaBambooShoot+1","theDuelist:FuryFire+4","theDuelist:FossilExcavation+1","theDuelist:LuminousMoss+5"],"picked":"theDuelist:NaturiaSunflower+1","floor":61}],"player_experience":183703,"relics_obtained":[{"floor":8.0,"key":"Dota2Spire:EchoSabre"},{"floor":9.0,"key":"hubris:Metronome"},{"floor":12.0,"key":"theDuelist:MillenniumRod"},{"floor":14.0,"key":"Paper Frog"},{"floor":17.0,"key":"wanderingMiniBosses:Blackblade"},{"floor":25,"key":"Dota2Spire:Mjollnir"},{"floor":25,"key":"Shovel"},{"floor":25,"key":"Prayer Wheel"},{"floor":26,"key":"Bag of Marbles"},{"floor":29,"key":"theDuelist:DuelistTeaSet"},{"floor":30,"key":"MealTicket"},{"floor":33,"key":"Nunchaku"},{"floor":35,"key":"Orichalcum"},{"floor":37,"key":"Pocketwatch"},{"floor":38,"key":"Juzu Bracelet"},{"floor":44,"key":"theDuelist:SummonAnchorRare"},{"floor":44,"key":"Torii"},{"floor":44,"key":"hubris:CuriousFeather"},{"floor":46,"key":"theDuelist:MillenniumPeriapt"},{"floor":47,"key":"Oddly Smooth Stone"},{"floor":48,"key":"Dota2Spire:OrchidMalevolence"},{"floor":49,"key":"Dota2Spire:DrumOfEndurance"},{"floor":50,"key":"Dota2Spire:BladeMail"},{"floor":54,"key":"Dota2Spire:MagicBottle"},{"floor":56,"key":"Strawberry"},{"floor":59,"key":"theDuelist:DuelistLetterOpener"},{"floor":61,"key":"theDuelist:SpellMaxHPRelic"}],"event_choices":[{"damage_healed":0.0,"max_hp_gain":0.0,"max_hp_loss":0.0,"gold_gain":0.0,"cards_transformed":["theDuelist:Sparks"],"event_name":"Transmorgrifier","player_choice":"Transformed","floor":3.0,"gold_loss":0.0,"damage_taken":0.0,"cards_obtained":["theDuelist:NaturiaLeodrake"]},{"damage_healed":0,"gold_gain":0,"player_choice":"Delta Electro","duelist":true,"damage_taken":0,"max_hp_gain":0,"max_hp_loss":0,"event_name":"Egyptian Village","floor":23,"gold_loss":0,"cards_obtained":["Delta Electromagnet Warrior"]},{"damage_healed":0,"gold_gain":0,"player_choice":"Fight","duelist":true,"damage_taken":0,"max_hp_gain":0,"max_hp_loss":0,"event_name":"Battle City","floor":25,"gold_loss":0},{"total_magic_score":32,"gold_gain":0,"greed_reward":4,"duelist":true,"damage_taken":0,"relics_obtained":[],"points":13,"max_hp_gain":18,"max_hp_loss":0,"spent_points":{"magic":0,"greed":4,"war":0,"power":0,"hunger":4},"event_name":"Nameless Tomb","hunger_reward":4,"floor":42,"gold_loss":0,"cards_obtained":["theDuelist:Nameless:Greed:BerserkerCrush"]},{"damage_healed":0,"gold_gain":0,"player_choice":"Fight","duelist":true,"damage_taken":0,"max_hp_gain":0,"max_hp_loss":0,"event_name":"Battle City","floor":44,"gold_loss":0},{"damage_healed":0,"gold_gain":0,"player_choice":"Succumb - +25HP/Cursed Relic","duelist":true,"damage_taken":0,"max_hp_gain":0,"max_hp_loss":0,"event_name":"Tomb of the Nameless","floor":53,"gold_loss":0},{"damage_healed":0,"gold_gain":0,"player_choice":"Leave","duelist":true,"damage_taken":0,"max_hp_gain":0,"max_hp_loss":0,"event_name":"Relic Duplicator","floor":55,"gold_loss":0}],"is_beta":false,"boss_relics":[{"not_picked":["hubris:VirtuousBlindfold","hubris:CrackedHourglass"],"picked":"Inserter"},{"not_picked":["Tiny House","theDuelist:HauntedRelic"],"picked":"Dota2Spire:RefresherOrb"}],"items_purged_floors":[0,0,13,51],"is_endless":false,"potions_floor_spawned":[1,6,12,14,15,19,24,26,31,36,43,45],"ascension_level":3}}