{"host":"y36bp6mnm73x3iob","time":1613414101,"event":{"mods":["2.2 Compatiblity","BaseMod","Bossed Relics","GifTheSpireLib","Hermit","Minty Spire (QoL Compilation)","Reliquary","StSLib"],"gold_per_floor":[114,189,201,220,230,230,264,264,314,334,350,367,367,377,377,377,377],"floor_reached":16,"language":"ENG","playtime":652,"items_purged":[],"score":127,"play_id":"bdc16040-f576-4c95-92fe-c3ae15cc3014","local_time":"20210215203501","is_ascension_mode":true,"campfire_choices":[{"data":"Noxious Fumes","floor":6,"key":"SMITH"},{"floor":13,"key":"REST"},{"floor":15,"key":"REST"}],"circlet_count":0,"master_deck":["Strike_G","Strike_G","Strike_G","Strike_G","Strike_G","Defend_G","Defend_G","Defend_G","Defend_G","Defend_G","Survivor","Neutralize","Deadly Poison","Noxious Fumes+1","Expertise","Deflect","Riddle With Holes","Leg Sweep","PiercingWail","Night Terror","Dagger Spray+1","Deflect"],"relics":["Ring of the Snake","Molten Egg 2","NlothsMask"],"acts_visited":["Exordium"],"potions_floor_usage":[5,10,12],"damage_taken":[{"damage":0,"enemies":"Jaw Worm","floor":1,"turns":5},{"damage":1,"enemies":"2 Louse","floor":3,"turns":4},{"damage":1,"enemies":"Cultist","floor":4,"turns":4},{"damage":20,"enemies":"Lots of Slimes","floor":5,"turns":5},{"damage":25,"enemies":"3 Sentries","floor":7,"turns":6},{"damage":7,"enemies":"2 Fungi Beasts","floor":10,"turns":4},{"damage":2,"enemies":"Looter","floor":11,"turns":4},{"damage":1,"enemies":"Exordium Thugs","floor":12,"turns":5},{"damage":0,"enemies":"Red Slaver","floor":14,"turns":5},{"damage":49,"enemies":"The Guardian","floor":16,"turns":9}],"seed_played":"-742691858181075942","potions_obtained":[{"floor":1,"key":"SmokeBomb"},{"floor":4,"key":"Dexterity Potion"},{"floor":7,"key":"AttackPotion"},{"floor":11,"key":"ColorlessPotion"}],"is_trial":false,"path_per_floor":["M","?","M","M","M","R","E","?","T","M","M","M","R","M","R","B"],"character_chosen":"THE_SILENT","items_purchased":[],"campfire_rested":2,"item_purchase_floors":[],"current_hp_per_floor":[70,59,58,57,37,37,12,12,12,5,3,2,23,23,44,0,0],"gold":377,"neow_bonus":"THREE_CARDS","is_daily":false,"chose_seed":false,"campfire_upgraded":1,"win_rate":0.0,"timestamp":1613414101,"path_taken":["M","?","M","M","M","R","E","?","T","?","M","M","R","?","R","BOSS"],"items_purchased_type":[],"build_version":"2020-12-22","purchased_purges":0,"victory":false,"max_hp_per_floor":[70,70,70,70,70,70,70,70,70,70,70,70,70,70,70,70,70],"card_choices":[{"not_picked":["Flying Knee","Expertise"],"picked":"Deadly Poison","floor":0},{"not_picked":["Finisher","Accuracy"],"picked":"Noxious Fumes","floor":1},{"not_picked":["Blade Dance","Distraction"],"picked":"Expertise","floor":3},{"not_picked":["Outmaneuver","Sucker Punch"],"picked":"Deflect","floor":4},{"not_picked":["Blade Dance","Terror"],"picked":"Riddle With Holes","floor":5},{"not_picked":["Outmaneuver","Distraction"],"picked":"Leg Sweep","floor":7},{"not_picked":["Sucker Punch+1","Quick Slash+1"],"picked":"PiercingWail","floor":10},{"not_picked":["PiercingWail","Deadly Poison"],"picked":"Night Terror","floor":11},{"not_picked":["Dodge and Roll","Heel Hook+1"],"picked":"Dagger Spray+1","floor":12},{"not_picked":["Blade Dance","Dodge and Roll"],"picked":"Deflect","floor":14}],"player_experience":551836,"relics_obtained":[{"floor":7,"key":"Molten Egg 2"}],"event_choices":[{"damage_healed":0,"gold_gain":75,"player_choice":"Gather Gold","damage_taken":11,"max_hp_gain":0,"max_hp_loss":0,"event_name":"World of Goop","floor":2,"gold_loss":0},{"damage_healed":0,"gold_gain":0,"player_choice":"Trade","damage_taken":0,"relics_obtained":["NlothsMask"],"max_hp_gain":0,"max_hp_loss":0,"event_name":"FaceTrader","floor":8,"gold_loss":0}],"is_beta":false,"boss_relics":[],"items_purged_floors":[],"is_endless":false,"potions_floor_spawned":[1,4,7,11],"killed_by":"The Guardian","ascension_level":4}}