{"host":"wbn3xdfsa5pc2kse","time":1613413896,"event":{"mods":["AchievementEnabler","BaseMod","Bestiary","Colored Map","Colored Powertips","Curses Come First","Highlight Path","Minty Spire (QoL Compilation)","Permanent Neow","Rare Cards Sparkle","Relic Stats","StSLib"],"gold_per_floor":[112,112,124,143,163,196,196,207,260,318,298,298,314,326,326,404,404,423,423,443,443,461,493,493,224,276,288,81,6,6,39,39,39,39],"floor_reached":33,"language":"ZHT","playtime":1012,"items_purged":["Writhe","Strike_R"],"score":558,"play_id":"8adb4197-ca17-4d1c-8c99-1b08ee5fdda1","local_time":"20210216023136","is_ascension_mode":true,"campfire_choices":[{"floor":7.0,"key":"DIG"},{"floor":12.0,"key":"DIG"},{"floor":15.0,"key":"DIG"},{"floor":24.0,"key":"DIG"},{"floor":30.0,"key":"DIG"},{"floor":32.0,"key":"DIG"}],"circlet_count":0,"master_deck":["AscendersBane","Defend_R","Defend_R","Defend_R","Defend_R","Bash","Iron Wave","Clothesline","Battle Trance","True Grit","Pommel Strike","Ghostly Armor","Immolate","Armaments","Reaper","Inflame+1","Armaments+1","Reaper","Evolve","Burning Pact","Flame Barrier","Demon Form+1"],"relics":["Burning Blood","Shovel","Sundial","Blue Candle","Pen Nib","Nunchaku","Smiling Mask","Blood Vial","Velvet Choker","Matryoshka","Dream Catcher","Paper Frog","Lantern","MawBank","Oddly Smooth Stone","Regal Pillow","Meat on the Bone","Frozen Egg 2","Juzu Bracelet"],"acts_visited":["Exordium","TheCity"],"potions_floor_usage":[33,33],"damage_taken":[{"damage":2.0,"enemies":"2 Louse","floor":1.0,"turns":4.0},{"damage":1.0,"enemies":"Cultist","floor":3.0,"turns":4.0},{"damage":4.0,"enemies":"Jaw Worm","floor":4.0,"turns":4.0},{"damage":4.0,"enemies":"Blue Slaver","floor":5.0,"turns":6.0},{"damage":38.0,"enemies":"Lagavulin","floor":6.0,"turns":11.0},{"damage":12.0,"enemies":"Exordium Thugs","floor":8.0,"turns":5.0},{"damage":12.0,"enemies":"Gremlin Nob","floor":10.0,"turns":4.0},{"damage":0.0,"enemies":"Exordium Wildlife","floor":13.0,"turns":2.0},{"damage":0.0,"enemies":"3 Louse","floor":14.0,"turns":1.0},{"damage":25.0,"enemies":"Slime Boss","floor":16.0,"turns":7.0},{"damage":25.0,"enemies":"2 Thieves","floor":18.0,"turns":4.0},{"damage":34.0,"enemies":"3 Byrds","floor":20.0,"turns":6.0},{"damage":7.0,"enemies":"Cultist and Chosen","floor":22.0,"turns":4.0},{"damage":34.0,"enemies":"Book of Stabbing","floor":23.0,"turns":5.0},{"damage":0.0,"enemies":"Gremlin Leader","floor":31.0,"turns":5.0},{"damage":112,"enemies":"Automaton","floor":33,"turns":12}],"seed_played":"977969135489623038","potions_obtained":[{"floor":3.0,"key":"Strength Potion"},{"floor":6.0,"key":"SpeedPotion"},{"floor":10.0,"key":"Fire Potion"},{"floor":11.0,"key":"BlessingOfTheForge"},{"floor":13.0,"key":"FearPotion"},{"floor":16.0,"key":"LiquidMemories"},{"floor":23.0,"key":"Strength Potion"}],"is_trial":false,"path_per_floor":["M","?","M","M","M","E","R","M","T","?","?","R","M","M","R","B",null,"M","?","M","?","M","E","R","$","T","?","$","?","R","E","R","B"],"character_chosen":"IRONCLAD","items_purchased":["Lantern","Energy Potion","Regal Pillow"],"campfire_rested":0,"item_purchase_floors":[25,25,28],"current_hp_per_floor":[68,61,66,68,68,36,36,30,30,24,24,24,30,36,36,19,56,39,39,25,25,38,43,43,43,43,43,43,43,43,68,68,0,0],"gold":39,"neow_bonus":"ONE_RARE_RELIC","is_daily":false,"chose_seed":false,"campfire_upgraded":0,"win_rate":0.0,"timestamp":1613413896,"path_taken":["M","?","M","M","M","E","R","M","T","?","?","R","M","?","R","BOSS","M","?","M","?","?","E","R","$","T","?","$","?","R","E","R","BOSS"],"items_purchased_type":["Relic","Potion","Relic"],"build_version":"2020-12-22","purchased_purges":2,"victory":false,"max_hp_per_floor":[68,68,68,68,68,68,68,68,68,68,68,68,68,68,68,68,68,68,68,68,68,68,68,68,68,68,68,68,68,68,68,68,68,68],"relic_stats":{"Regal Pillow":0,"counters":[16,84],"Blue Candle":[0],"Pen Nib":[8],"Juzu Bracelet":0,"Smiling Mask":75,"MawBank":24,"Burning Blood":78,"Blood Vial":12,"Nunchaku":[7],"Dream Catcher":0,"Shovel":6,"Sundial":[10],"obtain_stats":[{"Lantern":25,"Regal Pillow":28,"Blue Candle":7,"Velvet Choker":17,"Oddly Smooth Stone":26,"Pen Nib":9,"Juzu Bracelet":32,"Frozen Egg 2":31,"Smiling Mask":12,"MawBank":26,"Burning Blood":0,"Blood Vial":15,"Nunchaku":10,"Dream Catcher":23,"Shovel":0,"Matryoshka":19,"Sundial":6,"Paper Frog":24,"Meat on the Bone":30},{"Lantern":14,"Regal Pillow":14,"Blue Candle":5,"Velvet Choker":10,"Oddly Smooth Stone":14,"Pen Nib":6,"Juzu Bracelet":15,"Frozen Egg 2":15,"Smiling Mask":7,"MawBank":14,"Burning Blood":0,"Blood Vial":9,"Nunchaku":7,"Dream Catcher":14,"Shovel":0,"Matryoshka":11,"Sundial":5,"Paper Frog":14,"Meat on the Bone":14},{"Lantern":67,"Regal Pillow":67,"Blue Candle":29,"Velvet Choker":48,"Oddly Smooth Stone":67,"Pen Nib":34,"Juzu Bracelet":72,"Frozen Egg 2":72,"Smiling Mask":38,"MawBank":67,"Burning Blood":0,"Blood Vial":41,"Nunchaku":38,"Dream Catcher":67,"Shovel":0,"Matryoshka":52,"Sundial":29,"Paper Frog":67,"Meat on the Bone":67}],"Meat on the Bone":0},"card_choices":[{"not_picked":["Clash","Warcry"],"picked":"Iron Wave","floor":1.0},{"not_picked":["Reckless Charge","Shockwave"],"picked":"Clothesline","floor":3.0},{"not_picked":["Heavy Blade","Twin Strike"],"picked":"Battle Trance","floor":4.0},{"not_picked":["Pommel Strike","Rampage"],"picked":"True Grit","floor":5.0},{"not_picked":["Wild Strike","Havoc"],"picked":"Pommel Strike","floor":6.0},{"not_picked":["Heavy Blade","Reckless Charge"],"picked":"Ghostly Armor","floor":8.0},{"not_picked":["Warcry","Sword Boomerang"],"picked":"Immolate","floor":10.0},{"not_picked":["Body Slam","Second Wind"],"picked":"Armaments","floor":13.0},{"not_picked":["Cleave","Clash","Pummel"],"picked":"SKIP","floor":14.0},{"not_picked":["Demon Form","Brutality"],"picked":"Reaper","floor":16.0},{"not_picked":["Warcry","Cleave"],"picked":"Inflame+1","floor":18.0},{"not_picked":["True Grit","Body Slam"],"picked":"Armaments+1","floor":20.0},{"not_picked":["Iron Wave","Cleave","Power Through"],"picked":"SKIP","floor":22.0},{"not_picked":["Whirlwind","Hemokinesis"],"picked":"Evolve","floor":23.0},{"not_picked":["Armaments","Anger"],"picked":"Demon Form+1","floor":31.0}],"player_experience":825349,"relics_obtained":[{"floor":6.0,"key":"Sundial"},{"floor":7.0,"key":"Blue Candle"},{"floor":9.0,"key":"Pen Nib"},{"floor":10.0,"key":"Nunchaku"},{"floor":12.0,"key":"Smiling Mask"},{"floor":15.0,"key":"Blood Vial"},{"floor":23.0,"key":"Dream Catcher"},{"floor":24.0,"key":"Paper Frog"},{"floor":26.0,"key":"MawBank"},{"floor":26.0,"key":"Oddly Smooth Stone"},{"floor":30.0,"key":"Meat on the Bone"},{"floor":31.0,"key":"Frozen Egg 2"},{"floor":32.0,"key":"Juzu Bracelet"}],"event_choices":[{"cards_removed":["Strike_R"],"damage_healed":0.0,"max_hp_gain":0.0,"max_hp_loss":0.0,"gold_gain":0.0,"event_name":"Golden Wing","player_choice":"Card Removal","floor":2.0,"gold_loss":0.0,"damage_taken":7.0},{"damage_healed":0.0,"max_hp_gain":0.0,"max_hp_loss":0.0,"gold_gain":0.0,"event_name":"Dead Adventurer","player_choice":"Searched \u00271\u0027 times","floor":10.0,"gold_loss":0.0,"damage_taken":0.0},{"damage_healed":0.0,"max_hp_gain":0.0,"max_hp_loss":0.0,"gold_gain":0.0,"event_name":"The Woman in Blue","player_choice":"Bought 1 Potion","floor":11.0,"gold_loss":0.0,"damage_taken":0.0},{"damage_healed":0.0,"max_hp_gain":0.0,"max_hp_loss":0.0,"gold_gain":0.0,"event_name":"The Mausoleum","player_choice":"Opened","floor":19.0,"gold_loss":0.0,"damage_taken":0.0,"relics_obtained":["Matryoshka"],"cards_obtained":["Writhe"]},{"damage_healed":0.0,"max_hp_gain":0.0,"max_hp_loss":0.0,"gold_gain":0.0,"event_name":"Duplicator","player_choice":"Copied","floor":21.0,"gold_loss":0.0,"damage_taken":0.0,"cards_obtained":["Reaper"]},{"damage_healed":0.0,"max_hp_gain":0.0,"max_hp_loss":0.0,"gold_gain":0.0,"cards_transformed":["Strike_R","Strike_R"],"event_name":"Drug Dealer","player_choice":"Became Test Subject","floor":27.0,"gold_loss":0.0,"damage_taken":0.0,"cards_obtained":["Burning Pact","Flame Barrier"]},{"cards_removed":["Strike_R"],"damage_healed":0.0,"max_hp_gain":0.0,"max_hp_loss":0.0,"gold_gain":0.0,"event_name":"Beggar","player_choice":"Gave Gold","floor":29.0,"gold_loss":75.0,"damage_taken":0.0}],"is_beta":false,"boss_relics":[{"not_picked":["Calling Bell","Ectoplasm"],"picked":"Velvet Choker"}],"items_purged_floors":[25,28],"is_endless":false,"potions_floor_spawned":[3,6,10,13,16,23],"killed_by":"Automaton","ascension_level":16}}