{"host":"q8o6l8eqnoevndy4","time":1613431188,"event":{"mods":["2.2 Compatiblity","AchievementEnabler","Act Like it!","AlwaysNeverKeys","Bard","BaseMod","Bestiary","Better Altar","Better Match","Better Note","Better Sensory Stone","Better Skull","Better Third Choice","Better Vampires","Better-Laid Plans","Booster Modes","Colored Map","Colored Powertips","Custom Start","Disable Question Mark Monsters","Displayed Cursed Tome","Friendly Minions","GifTheSpireLib","Hermit","Highlight Path","Infinite Spire","Keyboard Shortcuts","Minty Spire (QoL Compilation)","Permanent Neow","Quick Restart","Random Character Button","Random Character Mod","Rare Cards Sparkle","Relic Filter","Relic Sorter","Relic Stats","Reliquary","Reorder Act Four","Spicy Shops","Spire Arcade","StSLib","The Blackbeard","The Gatherer","Transform Curses","Virulent Crown"],"gold_per_floor":[119,119,138,62,79,114,114,133,133,59,69,69,84,96,96,191,191,227,239,239,250,250,275,275,285,285,285,298,298,309,309,309,411,411,421,490,504,504,604,632,649,699,699,711,724,736,736,753,753,753],"floor_reached":51,"language":"ENG","playtime":3843,"items_purged":[],"score":732,"play_id":"7d78025d-70ae-4cb7-9e64-d20a86c47422","local_time":"20210215171948","daily_mods":["Draft","Uncertain Future","Night Terrors"],"is_ascension_mode":false,"campfire_choices":[{"data":"blackbeard:FieryDefense","floor":7,"key":"SMITH"},{"data":"blackbeard:PirateEarring","floor":12,"key":"SMITH"},{"data":"blackbeard:BeatUp","floor":15,"key":"SMITH"},{"data":"infinitespire:Gouge","floor":24,"key":"SMITH"},{"data":"blackbeard:Toast","floor":27,"key":"SMITH"},{"data":"blackbeard:PiratesWill","floor":32,"key":"SMITH"},{"floor":47,"key":"REST"},{"data":"blackbeard:Rum","floor":49,"key":"SMITH"}],"circlet_count":0,"master_deck":["blackbeard:DoubleCannonball","blackbeard:GoldenCannonball","blackbeard:RemoveScurvy","blackbeard:DoubleBottom","blackbeard:WiseDefense","blackbeard:PiratesWill+1","blackbeard:BlindAttacks","blackbeard:FieryDefense+1","blackbeard:Dagger","blackbeard:GoldenDefense","blackbeard:TacticalRetreat","blackbeard:Sword","blackbeard:Spear","blackbeard:Sharpening","blackbeard:RearmingStrike","blackbeard:GoldenStrike","blackbeard:PirateEarring+1","blackbeard:AgileStrike","blackbeard:Toast+1","blackbeard:CannonBarrage","blackbeard:BeatUp+1","blackbeard:CaptainsHat","blackbeard:WiseDefense","blackbeard:DoubleCannonball","blackbeard:PowderKeg","infinitespire:Gouge+1","Decay","blackbeard:BlindAttacks","blackbeard:Toast+1","blackbeard:Spear","blackbeard:FinalBarrage","blackbeard:Rum+1","blackbeard:RemoveScurvy","blackbeard:PirateEarring+1","infinitespire:Starlight","blackbeard:SwordDance","Injury","Normality","blackbeard:Sharpening+1","blackbeard:Sharpening+1"],"relics":["blackbeard:LoadTheCannons","blackbeard:CrossedSwords","Sundial","reliquary:PurpleTingedLeaf","Toolbox","Cursed Key","Art of War","blackbeard:Spearhead","Incense Burner","DollysMirror","SsserpentHead","blackbeard:Karategi","Lizard Tail","FossilizedHelix","infinitespire:WardingShard","reliquary:ExpiredCoupon","reliquary:OuijaBoard"],"acts_visited":["Exordium","TheCity","TheBeyond"],"potions_floor_usage":[50,50,50],"damage_taken":[{"damage":0,"enemies":"2 Louse","floor":1,"turns":2},{"damage":0,"enemies":"Cultist","floor":3,"turns":3},{"damage":1,"enemies":"Jaw Worm","floor":5,"turns":3},{"damage":11,"enemies":"3 Sentries","floor":6,"turns":5},{"damage":2,"enemies":"Lots of Slimes","floor":8,"turns":3},{"damage":2,"enemies":"Blue Slaver","floor":11,"turns":3},{"damage":0,"enemies":"Exordium Thugs","floor":13,"turns":3},{"damage":2,"enemies":"2 Fungi Beasts","floor":14,"turns":3},{"damage":35,"enemies":"Hexaghost","floor":16,"turns":8},{"damage":0,"enemies":"3 Byrds","floor":18,"turns":3},{"damage":0,"enemies":"Spheric Guardian","floor":19,"turns":3},{"damage":1,"enemies":"Centurion and Healer","floor":21,"turns":3},{"damage":4,"enemies":"Nightmare","floor":23,"turns":5},{"damage":6,"enemies":"Snecko","floor":25,"turns":4},{"damage":6,"enemies":"Snake Plant","floor":28,"turns":4},{"damage":2,"enemies":"3 Cultists","floor":30,"turns":3},{"damage":4,"enemies":"Collector","floor":33,"turns":6},{"damage":19,"enemies":"3 Shapes","floor":35,"turns":3},{"damage":1,"enemies":"Orb Walker","floor":36,"turns":2},{"damage":24,"enemies":"Writhing Mass","floor":37,"turns":2},{"damage":0,"enemies":"Mind Bloom Boss Battle","floor":39,"turns":3},{"damage":32,"enemies":"Nightmare","floor":40,"turns":5},{"damage":0,"enemies":"Maw","floor":41,"turns":5},{"damage":10,"enemies":"Spire Growth","floor":44,"turns":3},{"damage":62,"enemies":"Sphere and 2 Shapes","floor":45,"turns":5},{"damage":18,"enemies":"Writhing Mass","floor":46,"turns":4},{"damage":1,"enemies":"4 Shapes","floor":48,"turns":2},{"damage":0,"enemies":"Time Eater","floor":50,"turns":11}],"seed_played":"4581677433196174247","potions_obtained":[{"floor":3,"key":"Swift Potion"},{"floor":13,"key":"SteroidPotion"},{"floor":14,"key":"blackbeard:RumPotion"},{"floor":18,"key":"blackbeard:OrangeJuicePotion"},{"floor":39,"key":"FairyPotion"},{"floor":46,"key":"blackbeard:RumPotion"}],"is_trial":true,"path_per_floor":["M","?","M","$","M","E","R","M","T","$","M","R","M","M","R","B",null,"M","M","?","M","?","NM","R","M","T","R","M","AVR","M","?","R","B",null,"M","M","M","AVR","?","NM","M","T","T","M","M","M","R","M","R","B",null],"character_chosen":"BLACKBEARD_CLASS","items_purchased":["blackbeard:CrossedSwords","Toolbox"],"campfire_rested":1,"item_purchase_floors":[4,10],"current_hp_per_floor":[75,75,75,75,74,68,68,71,71,71,74,74,75,73,73,44,75,75,75,75,74,74,71,71,65,65,65,65,65,64,64,64,66,75,56,56,38,38,38,11,32,32,32,30,25,23,70,69,69,70],"gold":753,"neow_bonus":"","is_daily":false,"chose_seed":false,"campfire_upgraded":7,"win_rate":0.0,"timestamp":1613431188,"path_taken":["M","?","?","$","M","E","R","M","T","?","M","R","M","M","R","BOSS","M","M","?","M","?","NM","R","M","T","R","M","AVR","M","?","R","BOSS","M","?","M","AVR","?","NM","M","?","T","M","M","M","R","M","R","BOSS"],"items_purchased_type":["Relic","Relic"],"build_version":"2020-12-22","purchased_purges":0,"victory":true,"max_hp_per_floor":[75,75,75,75,75,75,75,75,75,75,75,75,75,75,75,75,75,75,75,75,75,75,75,75,75,75,75,75,75,75,75,75,75,75,75,75,75,75,75,75,75,75,75,75,75,75,70,70,70,70],"relic_stats":{"SsserpentHead":150,"Lizard Tail":0,"counters":[28,109],"Sundial":[2],"Art of War":[3],"Cursed Key":3,"obtain_stats":[{"reliquary:OuijaBoard":43,"blackbeard:LoadTheCannons":0,"Incense Burner":26,"blackbeard:CrossedSwords":4,"Cursed Key":17,"SsserpentHead":31,"reliquary:ExpiredCoupon":42,"Lizard Tail":38,"blackbeard:Spearhead":23,"infinitespire:WardingShard":40,"Sundial":6,"DollysMirror":29,"Toolbox":10,"Art of War":22,"blackbeard:Karategi":34,"reliquary:PurpleTingedLeaf":9,"FossilizedHelix":39},{"reliquary:OuijaBoard":23,"blackbeard:LoadTheCannons":0,"Incense Burner":14,"blackbeard:CrossedSwords":2,"Cursed Key":9,"SsserpentHead":16,"reliquary:ExpiredCoupon":23,"Lizard Tail":20,"blackbeard:Spearhead":13,"infinitespire:WardingShard":22,"Sundial":4,"DollysMirror":15,"Toolbox":5,"Art of War":12,"blackbeard:Karategi":17,"reliquary:PurpleTingedLeaf":5,"FossilizedHelix":21},{"reliquary:OuijaBoard":84,"blackbeard:LoadTheCannons":0,"Incense Burner":51,"blackbeard:CrossedSwords":5,"Cursed Key":33,"SsserpentHead":58,"reliquary:ExpiredCoupon":84,"Lizard Tail":71,"blackbeard:Spearhead":47,"infinitespire:WardingShard":79,"Sundial":13,"DollysMirror":55,"Toolbox":16,"Art of War":42,"blackbeard:Karategi":64,"reliquary:PurpleTingedLeaf":16,"FossilizedHelix":74}]},"card_choices":[{"not_picked":["blackbeard:Lifeboat","blackbeard:Halberd"],"picked":"blackbeard:FinalBarrage","floor":0},{"not_picked":["blackbeard:ArmorUp","blackbeard:Revenge"],"picked":"blackbeard:DoubleCannonball","floor":0},{"not_picked":["blackbeard:JollyRoger","blackbeard:WeaponProficiency"],"picked":"blackbeard:GoldenCannonball","floor":0},{"not_picked":["blackbeard:BrownPants","blackbeard:Boarding"],"picked":"blackbeard:RemoveScurvy","floor":0},{"not_picked":["blackbeard:GhostInTheRum","blackbeard:Upgrade"],"picked":"blackbeard:DoubleBottom","floor":0},{"not_picked":["blackbeard:SwordDance","blackbeard:PiratesWill"],"picked":"blackbeard:WiseDefense","floor":0},{"not_picked":["blackbeard:Fencing","blackbeard:DeadlyArsenal"],"picked":"blackbeard:PiratesWill","floor":0},{"not_picked":["blackbeard:DeadlyArsenal","blackbeard:Spear"],"picked":"blackbeard:BlindAttacks","floor":0},{"not_picked":["blackbeard:SwordDance","blackbeard:Sharpening"],"picked":"blackbeard:FieryDefense","floor":0},{"not_picked":["blackbeard:SwordDance","blackbeard:Sharpening"],"picked":"blackbeard:Dagger","floor":0},{"not_picked":["blackbeard:Fencing","blackbeard:Sword"],"picked":"blackbeard:GoldenDefense","floor":0},{"not_picked":["blackbeard:GoldenDefense","blackbeard:GoldenStrike"],"picked":"blackbeard:TacticalRetreat","floor":0},{"not_picked":["blackbeard:Sharpening","blackbeard:PiratesWill"],"picked":"blackbeard:Sword","floor":0},{"not_picked":["blackbeard:TacticalRetreat","blackbeard:WiseDefense"],"picked":"blackbeard:Spear","floor":0},{"not_picked":["blackbeard:DeadlyArsenal","blackbeard:SwordDance"],"picked":"blackbeard:Sharpening","floor":0},{"not_picked":["blackbeard:FieryDefense","blackbeard:GoldenDefense"],"picked":"blackbeard:RearmingStrike","floor":1},{"not_picked":["blackbeard:Toast","blackbeard:Dagger"],"picked":"blackbeard:GoldenStrike","floor":3},{"not_picked":["blackbeard:FieryDefense","blackbeard:WiseDefense"],"picked":"blackbeard:PirateEarring","floor":5},{"not_picked":["blackbeard:GoldenDefense","blackbeard:Recklessness"],"picked":"blackbeard:AgileStrike","floor":6},{"not_picked":["blackbeard:Dagger","blackbeard:PirateStrength"],"picked":"blackbeard:Toast","floor":8},{"not_picked":["blackbeard:GoldenDefense","blackbeard:Sharpening","blackbeard:WiseDefense"],"picked":"SKIP","floor":11},{"not_picked":["blackbeard:VengefulSpirit","blackbeard:TerrorOfTheSeas"],"picked":"blackbeard:CannonBarrage","floor":13},{"not_picked":["blackbeard:FieryDefense","blackbeard:RemoveScurvy"],"picked":"blackbeard:BeatUp","floor":14},{"not_picked":["blackbeard:ReapersScythe","blackbeard:GoldenGuillotine"],"picked":"blackbeard:CaptainsHat","floor":16},{"not_picked":["blackbeard:DelayedPain","blackbeard:Scrap"],"picked":"blackbeard:WiseDefense","floor":18},{"not_picked":["blackbeard:BlindAttacks","blackbeard:Sharpening"],"picked":"blackbeard:DoubleCannonball","floor":19},{"not_picked":["blackbeard:Shrapnel+1","blackbeard:GoldenDefense","blackbeard:PiratesWill"],"picked":"SKIP","floor":21},{"not_picked":["blackbeard:BeatUp","blackbeard:WiseDefense"],"picked":"blackbeard:PowderKeg","floor":23},{"not_picked":["infinitespire:UltimateForm","infinitespire:SevenWalls"],"picked":"infinitespire:Gouge","floor":23},{"not_picked":["blackbeard:PowderKeg","blackbeard:Eyepatch","blackbeard:Dagger+1"],"picked":"SKIP","floor":25},{"not_picked":["blackbeard:Dagger","blackbeard:Eyepatch"],"picked":"blackbeard:BlindAttacks","floor":28},{"not_picked":["blackbeard:ArmorUp","blackbeard:BeatUp"],"picked":"blackbeard:Spear","floor":30},{"not_picked":["blackbeard:PirateStrength","blackbeard:ReapersScythe"],"picked":"blackbeard:FinalBarrage","floor":33},{"not_picked":["blackbeard:GoldenDefense+1","blackbeard:BeatUp","blackbeard:JollyRoger"],"picked":"SKIP","floor":35},{"not_picked":["blackbeard:WiseDefense+1","blackbeard:BlindAttacks"],"picked":"blackbeard:Rum","floor":36},{"not_picked":["blackbeard:Revenge","blackbeard:GhostInTheRum+1"],"picked":"blackbeard:RemoveScurvy","floor":37},{"not_picked":["blackbeard:RearmingStrike+1","blackbeard:Toast"],"picked":"blackbeard:PirateEarring+1","floor":39},{"not_picked":["infinitespire:Collect","infinitespire:Gouge"],"picked":"infinitespire:Starlight","floor":40},{"not_picked":["blackbeard:VengefulSpirit","blackbeard:GoldenStrike+1","blackbeard:WoodenLeg+1"],"picked":"SKIP","floor":40},{"not_picked":["blackbeard:Fencing","blackbeard:Boarding+1"],"picked":"blackbeard:SwordDance","floor":41},{"not_picked":["blackbeard:CloakAndCannonball+1","blackbeard:Eyepatch","blackbeard:GoldenDefense+1"],"picked":"SKIP","floor":44},{"not_picked":["blackbeard:BlindAttacks+1","blackbeard:TacticalRetreat"],"picked":"blackbeard:Sharpening+1","floor":45},{"not_picked":["blackbeard:GoldenDefense","blackbeard:WiseDefense+1"],"picked":"blackbeard:Sharpening+1","floor":46},{"not_picked":["blackbeard:SwordDance+1","blackbeard:GoldenDefense","blackbeard:JollyRoger+1"],"picked":"SKIP","floor":48}],"player_experience":1165606,"relics_obtained":[{"floor":6,"key":"Sundial"},{"floor":9,"key":"reliquary:PurpleTingedLeaf"},{"floor":23,"key":"blackbeard:Spearhead"},{"floor":26,"key":"Incense Burner"},{"floor":39,"key":"FossilizedHelix"},{"floor":40,"key":"infinitespire:WardingShard"},{"floor":42,"key":"reliquary:ExpiredCoupon"},{"floor":43,"key":"reliquary:OuijaBoard"}],"event_choices":[{"cards_removed":["blackbeard:FinalBarrage"],"damage_healed":0,"gold_gain":0,"player_choice":"Purged","damage_taken":0,"max_hp_gain":0,"max_hp_loss":0,"event_name":"Purifier","floor":2,"gold_loss":0},{"damage_healed":0,"gold_gain":0,"player_choice":"Ignored","damage_taken":0,"max_hp_gain":0,"max_hp_loss":0,"event_name":"betterNote:BetterNote","floor":20,"gold_loss":0,"cards_obtained":["hermit:GoldenBullet"]},{"damage_healed":0,"gold_gain":0,"player_choice":"Opened","damage_taken":0,"relics_obtained":["Art of War"],"max_hp_gain":0,"max_hp_loss":0,"event_name":"The Mausoleum","floor":22,"gold_loss":0},{"damage_healed":0,"gold_gain":0,"player_choice":"Trade","damage_taken":0,"relics_obtained":["SsserpentHead"],"max_hp_gain":0,"max_hp_loss":0,"event_name":"FaceTrader","floor":31,"gold_loss":0},{"damage_healed":0,"gold_gain":0,"player_choice":"Fight","damage_taken":0,"max_hp_gain":0,"max_hp_loss":0,"event_name":"MindBloom","floor":39,"gold_loss":0}],"is_beta":false,"boss_relics":[{"not_picked":["Empty Cage","Philosopher\u0027s Stone"],"picked":"Cursed Key"},{"not_picked":["Calling Bell","reliquary:Ember"],"picked":"blackbeard:Karategi"}],"items_purged_floors":[],"is_endless":false,"potions_floor_spawned":[3,13,14,18,23,25,33,36,39,44,46],"ascension_level":0}}