{"host":"fl6c84p0pqwjbhud","time":1613406339,"event":{"mods":["AchievementEnabler","BaseMod","Better Altar","Better Match","Better Note","Better Sensory Stone","Better Skull","Better Third Choice","Better Vampires","Better-Laid Plans","BetterRewards","Colored Map","Defuse TimeMaze Blight","Displayed Cursed Tome","Energized Spire","Highlight Path","Minty Spire (QoL Compilation)","Permanent Neow","Quick Restart","Relic Sorter","StSLib","Synergy Search","Transform Curses"],"gold_per_floor":[113,78,78,8,33,33,33,48,75,95,110,110,133,146,146,265,265,281,281,281,32,49,49,49,49,73,84,102,116,116,116,116,219,219,239,289,300,347,16,16,16],"floor_reached":40,"language":"ENG","playtime":1408,"items_purged":[],"score":378,"play_id":"8a3b808c-d9bf-4c84-8ab4-53bca641d9d6","local_time":"20210215172539","is_ascension_mode":false,"campfire_choices":[{"floor":15,"key":"REST"},{"data":"Hello World","floor":23,"key":"SMITH"},{"data":"Static Discharge","floor":25,"key":"SMITH"},{"floor":30,"key":"REST"},{"floor":32,"key":"REST"}],"circlet_count":0,"master_deck":["Strike_B","Strike_B","Strike_B","Strike_B","Defend_B","Defend_B","Defend_B","Defend_B","Zap","Dualcast","Coolheaded","Hello World+1","Cold Snap","Fusion","Storm+1","Go for the Eyes","Go for the Eyes","Go for the Eyes","Electrodynamics+1","Beam Cell","Static Discharge+1","Defragment","Ball Lightning+1","Leap","Thunder Strike+1","Hello World+1","Redo","Coolheaded","Creative AI+1","Heatsinks+1"],"relics":["Cracked Core","Nuclear Battery","Molten Egg 2","Frozen Egg 2","Happy Flower","DataDisk","Nloth\u0027s Gift","Ancient Tea Set","Runic Dome","Girya","TungstenRod","Bronze Scales","Toolbox"],"acts_visited":["Exordium","TheCity","TheBeyond"],"potions_floor_usage":[16,22,22],"damage_taken":[{"damage":9,"enemies":"Jaw Worm","floor":1,"turns":4},{"damage":0,"enemies":"2 Louse","floor":5,"turns":4},{"damage":2,"enemies":"Cultist","floor":8,"turns":4},{"damage":3,"enemies":"2 Fungi Beasts","floor":10,"turns":3},{"damage":11,"enemies":"Large Slime","floor":11,"turns":6},{"damage":7,"enemies":"Looter","floor":13,"turns":2},{"damage":7,"enemies":"Blue Slaver","floor":14,"turns":3},{"damage":24,"enemies":"Slime Boss","floor":16,"turns":7},{"damage":4,"enemies":"2 Thieves","floor":18,"turns":2},{"damage":12,"enemies":"3 Byrds","floor":22,"turns":4},{"damage":26,"enemies":"Snecko","floor":27,"turns":3},{"damage":19,"enemies":"Centurion and Healer","floor":28,"turns":4},{"damage":20,"enemies":"Snake Plant","floor":29,"turns":3},{"damage":52,"enemies":"Collector","floor":33,"turns":7},{"damage":12,"enemies":"Orb Walker","floor":35,"turns":3},{"damage":10,"enemies":"Mind Bloom Boss Battle","floor":36,"turns":6},{"damage":13,"enemies":"3 Shapes","floor":37,"turns":3},{"damage":36,"enemies":"2 Orb Walkers","floor":38,"turns":4},{"damage":41,"enemies":"Reptomancer","floor":40,"turns":3}],"seed_played":"-487159583074285062","potions_obtained":[{"floor":1,"key":"Regen Potion"},{"floor":8,"key":"Dexterity Potion"},{"floor":11,"key":"EssenceOfSteel"},{"floor":13,"key":"PowerPotion"},{"floor":22,"key":"EssenceOfSteel"},{"floor":29,"key":"FairyPotion"},{"floor":37,"key":"Energy Potion"}],"is_trial":false,"path_per_floor":["M","?","?","$","M","?","?","M","T","M","M","?","M","M","R","B",null,"M","?","?","$","M","R","?","R","T","M","M","M","R","T","R","B",null,"M","?","M","?","$","E"],"character_chosen":"DEFECT","items_purchased":["Hello World","Molten Egg 2","Bronze Scales","Toolbox","Heatsinks+1"],"campfire_rested":3,"item_purchase_floors":[4,21,39,39,39],"current_hp_per_floor":[45,63,63,63,63,63,63,61,61,58,47,47,40,33,53,29,69,65,65,65,65,61,61,79,79,79,53,34,14,37,37,60,8,79,67,57,44,8,8,0,0],"gold":16,"neow_bonus":"RANDOM_COLORLESS_2","is_daily":false,"chose_seed":false,"campfire_upgraded":2,"win_rate":0.0,"timestamp":1613406339,"path_taken":["M","?","?","$","M","?","?","?","T","M","M","?","M","M","R","BOSS","M","?","?","?","M","R","?","R","T","M","M","?","R","?","R","BOSS","M","?","M","?","$","E"],"items_purchased_type":["Card","Relic","Relic","Relic","Card"],"build_version":"2020-12-22","purchased_purges":0,"victory":false,"max_hp_per_floor":[75,75,69,69,69,69,69,69,69,69,69,69,69,69,69,69,69,69,69,69,69,69,69,79,79,79,79,79,79,79,79,79,79,79,79,79,79,79,79,79,79],"card_choices":[{"not_picked":["Metamorphosis","HandOfGreed"],"picked":"Panache","floor":0},{"not_picked":["Steam Power","Rip and Tear"],"picked":"Coolheaded","floor":1},{"not_picked":["Aggregate","Glacier"],"picked":"Cold Snap","floor":5},{"not_picked":["Reprogram","Ball Lightning"],"picked":"Storm","floor":8},{"not_picked":["Undo","Stack","Hologram"],"picked":"SKIP","floor":10},{"not_picked":["Recycle","Rebound"],"picked":"Go for the Eyes","floor":11},{"not_picked":["Coolheaded","Rip and Tear"],"picked":"Go for the Eyes","floor":13},{"not_picked":["Doom and Gloom","Rip and Tear"],"picked":"Go for the Eyes","floor":14},{"not_picked":["Thunder Strike","All For One"],"picked":"Electrodynamics","floor":16},{"not_picked":["Chill","Redo"],"picked":"Beam Cell","floor":18},{"not_picked":["Rebound+1","Barrage+1"],"picked":"Static Discharge","floor":22},{"not_picked":["Redo+1","Glacier"],"picked":"Defragment","floor":27},{"not_picked":["Streamline+1","Steam"],"picked":"Ball Lightning+1","floor":28},{"not_picked":["Streamline+1","Blizzard+1"],"picked":"Leap","floor":29},{"not_picked":["Echo Form+1","Meteor Strike+1"],"picked":"Thunder Strike+1","floor":33},{"not_picked":["FTL+1","Conserve Battery"],"picked":"Hello World+1","floor":35},{"not_picked":["Tempest+1","Stack+1"],"picked":"Redo","floor":36},{"not_picked":["Rip and Tear+1","Turbo"],"picked":"Coolheaded","floor":37},{"not_picked":["Redo","Chill+1"],"picked":"Creative AI+1","floor":38}],"player_experience":507510,"relics_obtained":[{"floor":9,"key":"DataDisk"},{"floor":26,"key":"Ancient Tea Set"},{"floor":31,"key":"Frozen Egg 2"},{"floor":36,"key":"Girya"},{"floor":38,"key":"TungstenRod"}],"event_choices":[{"damage_healed":18,"gold_gain":0,"player_choice":"Healed","damage_taken":0,"max_hp_gain":0,"max_hp_loss":0,"event_name":"The Cleric","floor":2,"gold_loss":35},{"damage_healed":0,"gold_gain":0,"player_choice":"Lose Max HP","damage_taken":0,"relics_obtained":["Golden Idol"],"max_hp_gain":0,"max_hp_loss":6,"event_name":"Golden Idol","floor":3,"gold_loss":0},{"damage_healed":0,"gold_gain":0,"player_choice":"Box","damage_taken":0,"relics_obtained":["Happy Flower"],"max_hp_gain":0,"max_hp_loss":0,"event_name":"Big Fish","floor":6,"gold_loss":0,"cards_obtained":["Regret"]},{"damage_healed":0,"gold_gain":0,"cards_transformed":["Regret"],"player_choice":"Transformed","damage_taken":0,"max_hp_gain":0,"max_hp_loss":0,"event_name":"Transmorgrifier","floor":7,"gold_loss":0,"cards_obtained":["Fusion"]},{"damage_healed":0,"gold_gain":0,"player_choice":"Grow","damage_taken":0,"max_hp_gain":0,"max_hp_loss":0,"event_name":"Living Wall","floor":12,"gold_loss":0,"cards_upgraded":["Storm"]},{"damage_healed":0,"gold_gain":0,"player_choice":"Upgraded","damage_taken":0,"max_hp_gain":0,"max_hp_loss":0,"event_name":"Upgrade Shrine","floor":19,"gold_loss":0,"cards_upgraded":["Electrodynamics"]},{"damage_healed":0,"gold_gain":0,"player_choice":"Traded Relic","damage_taken":0,"relics_obtained":["Nloth\u0027s Gift"],"max_hp_gain":0,"max_hp_loss":0,"event_name":"N\u0027loth","floor":20,"relics_lost":["Golden Idol"],"gold_loss":0},{"cards_removed":["Panache"],"damage_healed":8,"gold_gain":0,"player_choice":"Offered Rare","damage_taken":0,"max_hp_gain":10,"max_hp_loss":0,"event_name":"Bonfire Elementals","floor":24,"gold_loss":0},{"damage_healed":0,"gold_gain":0,"player_choice":"Fight","damage_taken":0,"max_hp_gain":0,"max_hp_loss":0,"event_name":"MindBloom","floor":36,"gold_loss":0},{"damage_healed":0,"gold_gain":0,"player_choice":"Fight","damage_taken":0,"max_hp_gain":0,"max_hp_loss":0,"event_name":"Mysterious Sphere","floor":38,"gold_loss":0}],"is_beta":false,"boss_relics":[{"not_picked":["Philosopher\u0027s Stone","energizedSpire:CursedPentagram"],"picked":"Nuclear Battery"},{"not_picked":["FrozenCore","Empty Cage"],"picked":"Runic Dome"}],"items_purged_floors":[],"is_endless":false,"potions_floor_spawned":[1,8,11,13,22,29,37],"killed_by":"Reptomancer","ascension_level":0}}