{"host":"og6lam4kt3nibbw0","time":1613411509,"event":{"mods":["AchievementEnabler","BaseMod","Colored Map","DeckTracker","Highlight Path","Keyboard Shortcuts","Minty Spire (QoL Compilation)","Permanent Neow","Quick Restart","StSLib","SuperFastMode"],"gold_per_floor":[115,132,6,6,22,52,52,81,154,154,154,187,187,203,203,274,274,287,304,50,69,83,83,83,116,116,116,116,29,64,76,76,150,150,167,167,187,197,209,243,243,243,267,294,274,274,291,639,639,639,639],"floor_reached":50,"language":"KOR","playtime":2610,"items_purged":["Defend_B","Hyperbeam+1"],"score":1301,"play_id":"76482e13-e682-4106-86ed-a703c87a03f8","local_time":"20210216025149","is_ascension_mode":true,"campfire_choices":[{"data":"Biased Cognition","floor":7.0,"key":"SMITH"},{"floor":11.0,"key":"REST"},{"floor":13.0,"key":"REST"},{"floor":15.0,"key":"REST"},{"data":"Defragment","floor":23.0,"key":"SMITH"},{"floor":24.0,"key":"REST"},{"data":"Seek","floor":27.0,"key":"SMITH"},{"data":"Coolheaded","floor":32.0,"key":"SMITH"},{"data":"Defend_B","floor":41.0,"key":"PURGE"},{"data":"Strike_B","floor":46.0,"key":"PURGE"},{"floor":49,"key":"RECALL"}],"circlet_count":0,"master_deck":["AscendersBane","Strike_B","Defend_B","Zap","Dualcast","Defragment+1","Biased Cognition+1","Coolheaded","Loop","Sunder+1","Coolheaded+1","BootSequence","Conserve Battery","Amplify","Rainbow+1","Aggregate+1","Stack","Seek+1","Glacier","Chill+1","Heatsinks","Capacitor","Electrodynamics","Sweeping Beam+1","Machine Learning","Static Discharge","Reinforced Body","Hologram","Stack+1","Reboot"],"relics":["Cracked Core","Toy Ornithopter","WingedGreaves","MealTicket","Peace Pipe","Question Card","Astrolabe","Boot","Bird Faced Urn","Meat on the Bone","Coffee Dripper","Whetstone","Omamori","Blood Vial","Old Coin"],"acts_visited":["Exordium","TheCity","TheBeyond"],"potions_floor_usage":[],"damage_taken":[{"damage":7.0,"enemies":"Small Slimes","floor":1.0,"turns":3.0},{"damage":2.0,"enemies":"Jaw Worm","floor":2.0,"turns":4.0},{"damage":0.0,"enemies":"Cultist","floor":5.0,"turns":3.0},{"damage":26.0,"enemies":"3 Sentries","floor":6.0,"turns":9.0},{"damage":8.0,"enemies":"Lagavulin","floor":8.0,"turns":6.0},{"damage":39.0,"enemies":"Gremlin Nob","floor":12.0,"turns":4.0},{"damage":4.0,"enemies":"Large Slime","floor":14.0,"turns":6.0},{"damage":31.0,"enemies":"Slime Boss","floor":16.0,"turns":12.0},{"damage":0.0,"enemies":"Spheric Guardian","floor":18.0,"turns":6.0},{"damage":0.0,"enemies":"Chosen","floor":19.0,"turns":4.0},{"damage":33.0,"enemies":"Centurion and Healer","floor":21.0,"turns":7.0},{"damage":24.0,"enemies":"Cultist and Chosen","floor":22.0,"turns":7.0},{"damage":0.0,"enemies":"Slavers","floor":25.0,"turns":6.0},{"damage":44.0,"enemies":"Gremlin Leader","floor":30.0,"turns":9.0},{"damage":19.0,"enemies":"Shelled Parasite and Fungi","floor":31.0,"turns":5.0},{"damage":27.0,"enemies":"Champ","floor":33.0,"turns":13.0},{"damage":5.0,"enemies":"3 Darklings","floor":35.0,"turns":3.0},{"damage":24.0,"enemies":"Orb Walker","floor":37.0,"turns":5.0},{"damage":30.0,"enemies":"4 Shapes","floor":38.0,"turns":6.0},{"damage":43.0,"enemies":"Transient","floor":39.0,"turns":6.0},{"damage":20.0,"enemies":"Nemesis","floor":40.0,"turns":11.0},{"damage":0.0,"enemies":"Giant Head","floor":42.0,"turns":3.0},{"damage":52.0,"enemies":"Reptomancer","floor":44.0,"turns":9.0},{"damage":0.0,"enemies":"Spire Growth","floor":47.0,"turns":7.0},{"damage":71,"enemies":"2 Orb Walkers","floor":48,"turns":5},{"damage":78,"enemies":"Donu and Deca","floor":50,"turns":10}],"seed_played":"112385971812714418","potions_obtained":[{"floor":2.0,"key":"Energy Potion"},{"floor":6.0,"key":"Dexterity Potion"},{"floor":16.0,"key":"DuplicationPotion"},{"floor":21.0,"key":"DuplicationPotion"},{"floor":22.0,"key":"Swift Potion"},{"floor":25.0,"key":"Fire Potion"},{"floor":31.0,"key":"Weak Potion"},{"floor":40.0,"key":"SmokeBomb"},{"floor":45.0,"key":"FearPotion"},{"floor":47.0,"key":"FairyPotion"},{"floor":48,"key":"PotionOfCapacity"}],"is_trial":false,"path_per_floor":["M","M","$","?","M","E","R","E","T","?","R","E","R","M","R","B",null,"M","M","$","M","M","R","R","E","T","R","?","$","E","M","R","B",null,"M","?","M","M","M","E","R","E","T","E","?","R","M","?","R","B"],"character_chosen":"DEFECT","items_purchased":["Coolheaded","Seek","Capacitor"],"campfire_rested":4,"item_purchase_floors":[3,20,29],"current_hp_per_floor":[57,55,55,44,44,23,23,15,15,15,36,2,23,19,40,9,56,56,56,71,38,19,19,40,45,45,45,45,60,31,34,34,33,62,66,66,52,38,29,44,44,57,57,35,35,35,62,17,17,0,0],"gold":639,"neow_bonus":"RANDOM_COMMON_RELIC","is_daily":false,"chose_seed":false,"campfire_upgraded":4,"win_rate":0.0,"timestamp":1613411509,"path_taken":["M","M","$","?","M","E","R","E","T","?","R","E","R","?","R","BOSS","M","M","$","M","M","R","R","E","T","R","?","$","E","M","R","BOSS","M","?","M","M","M","E","R","E","T","E","?","R","?","?","R","BOSS"],"items_purchased_type":["Card","Card","Card"],"build_version":"2020-12-22","purchased_purges":2,"victory":false,"max_hp_per_floor":[71,71,71,71,71,71,71,71,71,71,71,71,71,71,71,71,71,71,71,71,71,71,71,71,71,71,71,71,71,71,71,71,71,71,71,71,71,71,71,71,71,71,71,71,71,71,71,71,71,71,71],"card_choices":[{"not_picked":["Rebound","Gash"],"picked":"Defragment","floor":1.0},{"not_picked":["Go for the Eyes","Steam"],"picked":"Biased Cognition","floor":2.0},{"not_picked":["Go for the Eyes","Tempest"],"picked":"Loop","floor":5.0},{"not_picked":["Redo","Gash"],"picked":"Sunder","floor":6.0},{"not_picked":["Recycle","Chaos"],"picked":"Coolheaded","floor":8.0},{"not_picked":["Rebound","Sweeping Beam"],"picked":"BootSequence","floor":12.0},{"not_picked":["Steam Power","Streamline","Gash"],"picked":"Conserve Battery","floor":14.0},{"not_picked":["Thunder Strike","Machine Learning","Biased Cognition"],"picked":"Amplify","floor":16.0},{"not_picked":["Leap","Skim","Barrage"],"picked":"Chill","floor":18.0},{"not_picked":["Cold Snap","Leap","Coolheaded+1"],"picked":"Stack","floor":19.0},{"not_picked":["Rebound","FTL","Hologram"],"picked":"Glacier","floor":21.0},{"not_picked":["Genetic Algorithm","Redo","Beam Cell+1"],"picked":"Chill+1","floor":22.0},{"not_picked":["Cold Snap","BootSequence","Fusion"],"picked":"Heatsinks","floor":25.0},{"not_picked":["Darkness","Consume","Scrape"],"picked":"Electrodynamics","floor":30.0},{"not_picked":["Melter","Turbo","Beam Cell+1"],"picked":"Sweeping Beam","floor":31.0},{"not_picked":["Buffer","Creative AI","Electrodynamics"],"picked":"Machine Learning","floor":33.0},{"not_picked":["Cold Snap","Streamline+1","Aggregate"],"picked":"Static Discharge","floor":35.0},{"not_picked":["Streamline","Beam Cell+1","Steam"],"picked":"Reinforced Body","floor":37.0},{"not_picked":["Tempest","Ball Lightning","Steam"],"picked":"Hologram","floor":38.0},{"not_picked":["All For One","Chaos","Beam Cell","Tempest"],"picked":"SKIP","floor":39.0},{"not_picked":["Reprogram+1","Barrage+1","Loop"],"picked":"Stack+1","floor":40.0},{"not_picked":["Reprogram+1","Beam Cell","Sweeping Beam","Redo"],"picked":"SKIP","floor":44.0},{"not_picked":["Coolheaded","Cold Snap","Hologram","Steam"],"picked":"SKIP","floor":47.0},{"not_picked":["Reinforced Body","Auto Shields","Hello World+1"],"picked":"Reboot","floor":48}],"player_experience":957715,"relics_obtained":[{"floor":6.0,"key":"MealTicket"},{"floor":8.0,"key":"Peace Pipe"},{"floor":12.0,"key":"Question Card"},{"floor":25.0,"key":"Boot"},{"floor":26.0,"key":"Bird Faced Urn"},{"floor":30.0,"key":"Meat on the Bone"},{"floor":40.0,"key":"Whetstone"},{"floor":43.0,"key":"Omamori"},{"floor":44.0,"key":"Blood Vial"},{"floor":48,"key":"Old Coin"}],"event_choices":[{"damage_healed":0.0,"max_hp_gain":0.0,"max_hp_loss":0.0,"gold_gain":0.0,"event_name":"Scrap Ooze","player_choice":"Success","floor":4.0,"gold_loss":0.0,"damage_taken":11.0,"relics_obtained":["WingedGreaves"]},{"damage_healed":0.0,"max_hp_gain":0.0,"max_hp_loss":0.0,"gold_gain":0.0,"event_name":"Dead Adventurer","player_choice":"Searched \u00270\u0027 times","floor":10.0,"gold_loss":0.0,"damage_taken":0.0},{"damage_healed":0.0,"max_hp_gain":0.0,"max_hp_loss":0.0,"gold_gain":0.0,"event_name":"Ghosts","player_choice":"Ignored","floor":28.0,"gold_loss":0.0,"damage_taken":0.0},{"cards_removed":["Chill"],"damage_healed":0.0,"max_hp_gain":0.0,"max_hp_loss":0.0,"gold_gain":0.0,"event_name":"Falling","player_choice":"Removed Skill","floor":36.0,"gold_loss":0.0,"damage_taken":0.0},{"damage_healed":0.0,"max_hp_gain":0.0,"max_hp_loss":0.0,"gold_gain":0.0,"event_name":"The Woman in Blue","player_choice":"Bought 1 Potion","floor":45.0,"gold_loss":0.0,"damage_taken":0.0},{"damage_healed":0,"gold_gain":0,"player_choice":"Fight","damage_taken":0,"max_hp_gain":0,"max_hp_loss":0,"event_name":"Mysterious Sphere","floor":48,"gold_loss":0}],"is_beta":false,"boss_relics":[{"not_picked":["FrozenCore","Cursed Key"],"picked":"Astrolabe"},{"not_picked":["Snecko Eye","Pandora\u0027s Box"],"picked":"Coffee Dripper"}],"items_purged_floors":[3,20],"is_endless":false,"potions_floor_spawned":[2,6,16,21,22,25,31,35,37,40,47,48],"killed_by":"Donu and Deca","ascension_level":20}}