{"host":"qxeepl7ydvsgmfdb","time":1613389829,"event":{"mods":["AchievementEnabler","BaseMod","Colored Powertips","Minty Spire (QoL Compilation)","Quick Restart","slay the spire mod where everything is the same but ironclad has a cowboy hat"],"gold_per_floor":[114,124,199,199,124,159,159,309,309,343,343,361,379,406,406,406,406],"floor_reached":16,"language":"ENG","playtime":368,"items_purged":[],"score":311,"play_id":"53537215-4766-4577-9ad8-65cd2b0716e4","local_time":"20210215065029","is_ascension_mode":true,"campfire_choices":[{"floor":11,"key":"REST"},{"data":"Finisher","floor":15,"key":"SMITH"}],"circlet_count":0,"master_deck":["AscendersBane","Strike_G","Strike_G","Strike_G","Defend_G","Defend_G","Defend_G","Defend_G","Defend_G","Survivor","Neutralize","Deflect","Blade Dance","Dagger Spray","Doubt","Blade Dance","Finisher+1","Distraction","Die Die Die"],"relics":["Ring of the Snake","NeowsBlessing","Strawberry","Shuriken","Regal Pillow","The Courier"],"acts_visited":["Exordium"],"potions_floor_usage":[16],"damage_taken":[{"damage":0,"enemies":"Jaw Worm","floor":1,"turns":1},{"damage":0,"enemies":"2 Louse","floor":2,"turns":1},{"damage":0,"enemies":"Gremlin Nob","floor":6,"turns":1},{"damage":29,"enemies":"3 Sentries","floor":10,"turns":8},{"damage":0,"enemies":"Small Slimes","floor":12,"turns":3},{"damage":7,"enemies":"Looter","floor":13,"turns":2},{"damage":0,"enemies":"Gremlin Nob","floor":14,"turns":2},{"damage":63,"enemies":"Slime Boss","floor":16,"turns":6}],"seed_played":"-4770656454547904124","potions_obtained":[{"floor":1,"key":"Weak Potion"},{"floor":13,"key":"SpeedPotion"}],"is_trial":false,"path_per_floor":["M","M","?","?","?","E","$","?","T","E","R","M","M","E","R","B"],"character_chosen":"THE_SILENT","items_purchased":[],"campfire_rested":1,"item_purchase_floors":[],"current_hp_per_floor":[59,59,48,48,48,55,55,55,55,26,62,62,55,55,55,0,0],"gold":406,"neow_bonus":"THREE_ENEMY_KILL","is_daily":false,"chose_seed":false,"campfire_upgraded":1,"win_rate":0.0,"timestamp":1613389829,"path_taken":["M","M","?","?","?","E","$","?","T","E","R","M","M","E","R","BOSS"],"items_purchased_type":[],"build_version":"2020-12-22","purchased_purges":0,"victory":false,"max_hp_per_floor":[66,66,66,66,66,73,73,73,73,73,73,73,73,73,73,73,73],"card_choices":[{"not_picked":["Dash","Dodge and Roll"],"picked":"Deflect","floor":1},{"not_picked":["Acrobatics","Dagger Spray"],"picked":"Blade Dance","floor":2},{"not_picked":["Crippling Poison","Dodge and Roll"],"picked":"Dagger Spray","floor":6},{"not_picked":["Prepared","Terror"],"picked":"Blade Dance","floor":10},{"not_picked":["Poisoned Stab","Cloak And Dagger"],"picked":"Finisher","floor":12},{"not_picked":["Prepared","Predator"],"picked":"Distraction","floor":13},{"not_picked":["Quick Slash","Poisoned Stab"],"picked":"Die Die Die","floor":14}],"player_experience":152729,"relics_obtained":[{"floor":6,"key":"Strawberry"},{"floor":9,"key":"Shuriken"},{"floor":10,"key":"Regal Pillow"},{"floor":14,"key":"The Courier"}],"event_choices":[{"damage_healed":0,"gold_gain":75,"player_choice":"Gather Gold","damage_taken":11,"max_hp_gain":0,"max_hp_loss":0,"event_name":"World of Goop","floor":3,"gold_loss":0},{"cards_removed":["Strike_G"],"damage_healed":0,"gold_gain":0,"player_choice":"Forget","damage_taken":0,"max_hp_gain":0,"max_hp_loss":0,"event_name":"Living Wall","floor":4,"gold_loss":0},{"cards_removed":["Strike_G"],"damage_healed":0,"gold_gain":0,"player_choice":"Card Removal","damage_taken":0,"max_hp_gain":0,"max_hp_loss":0,"event_name":"The Cleric","floor":5,"gold_loss":75},{"damage_healed":0,"gold_gain":150,"player_choice":"AGREE","damage_taken":0,"max_hp_gain":0,"max_hp_loss":0,"event_name":"Liars Game","floor":8,"gold_loss":0,"cards_obtained":["Doubt"]}],"is_beta":false,"boss_relics":[],"items_purged_floors":[],"is_endless":false,"potions_floor_spawned":[1,13],"killed_by":"Slime Boss","ascension_level":17}}