{"host":"dlqyscxstsnu98l1","time":1613430862,"event":{"mods":["AchievementEnabler","BaseMod","Colored Map","Colored Powertips","GifTheSpireLib","Highlight Path","Minty Spire (QoL Compilation)","Random Character Button","SacredBarkPlus","StSLib","everything is the same but u backflip on backflip"],"gold_per_floor":[216,65,65,65,81,81,91,117,117,129,39,39,67,82,82,186,186,204,224,242,288,303,303,320,96,96,114,114,39,39,51,51,147,147,167,127,139,158,158,158,173,191,191,191,191,220,72,88,88,88],"floor_reached":51,"language":"ENG","playtime":3266,"items_purged":[],"score":819,"play_id":"54c89349-89b3-41c5-a658-d66db0661eae","local_time":"20210215171422","is_ascension_mode":true,"campfire_choices":[{"data":"Dodge and Roll","floor":6,"key":"SMITH"},{"floor":12,"key":"REST"},{"floor":15,"key":"REST"},{"floor":23,"key":"REST"},{"floor":28,"key":"RECALL"},{"data":"Genetic Algorithm","floor":30,"key":"SMITH"},{"data":"Demon Form","floor":32,"key":"SMITH"},{"data":"Hemokinesis","floor":40,"key":"SMITH"},{"data":"Echo Form","floor":49,"key":"SMITH"}],"circlet_count":0,"master_deck":["Bash","Dodge and Roll+1","Evaluate","Inflame","Blade Dance","Flame Barrier","Sword Boomerang","Anger","Entrench","Blood for Blood","Battle Trance+1","Demon Form+1","Rage+1","Dropkick","Hemokinesis+1","Headbutt","Genetic Algorithm","Genetic Algorithm+1","Skim+1","Auto Shields","Self Repair+1","Adrenaline+1","Protect+1","Parasite","Clumsy","Prepared+1","Echo Form+1"],"relics":["Burning Blood","PrismaticShard","Bag of Marbles","Orichalcum","Art of War","Darkstone Periapt","Ornamental Fan","Pandora\u0027s Box","War Paint","Blood Vial","Pear","Cursed Key","Dream Catcher","Lee\u0027s Waffle"],"acts_visited":["Exordium","TheCity","TheBeyond"],"potions_floor_usage":[8,13,20,20,24,33,37,38,46,50],"damage_taken":[{"damage":8,"enemies":"Small Slimes","floor":1,"turns":4},{"damage":4,"enemies":"Jaw Worm","floor":5,"turns":6},{"damage":0,"enemies":"Cultist","floor":7,"turns":3},{"damage":63,"enemies":"Lagavulin","floor":8,"turns":11},{"damage":18,"enemies":"Lots of Slimes","floor":10,"turns":5},{"damage":20,"enemies":"3 Sentries","floor":13,"turns":9},{"damage":1,"enemies":"Red Slaver","floor":14,"turns":4},{"damage":17,"enemies":"Slime Boss","floor":16,"turns":13},{"damage":4,"enemies":"Shell Parasite","floor":18,"turns":5},{"damage":32,"enemies":"3 Byrds","floor":19,"turns":4},{"damage":30,"enemies":"3 Cultists","floor":20,"turns":6},{"damage":19,"enemies":"Shelled Parasite and Fungi","floor":22,"turns":5},{"damage":6,"enemies":"Centurion and Healer","floor":24,"turns":6},{"damage":13,"enemies":"Cultist and Chosen","floor":27,"turns":7},{"damage":0,"enemies":"3 Cultists","floor":31,"turns":6},{"damage":34,"enemies":"Automaton","floor":33,"turns":8},{"damage":2,"enemies":"Orb Walker","floor":35,"turns":3},{"damage":28,"enemies":"3 Shapes","floor":37,"turns":8},{"damage":27,"enemies":"Writhing Mass","floor":38,"turns":7},{"damage":5,"enemies":"Maw","floor":41,"turns":7},{"damage":21,"enemies":"Spire Growth","floor":42,"turns":5},{"damage":61,"enemies":"Giant Head","floor":46,"turns":9},{"damage":20,"enemies":"Jaw Worm Horde","floor":48,"turns":4},{"damage":50,"enemies":"Time Eater","floor":50,"turns":11}],"seed_played":"-755704932947305116","potions_obtained":[{"floor":7,"key":"DuplicationPotion"},{"floor":10,"key":"Weak Potion"},{"floor":13,"key":"Swift Potion"},{"floor":16,"key":"Regen Potion"},{"floor":19,"key":"DuplicationPotion"},{"floor":20,"key":"SteroidPotion"},{"floor":24,"key":"Fire Potion"},{"floor":33,"key":"BlessingOfTheForge"},{"floor":38,"key":"Ancient Potion"},{"floor":39,"key":"EssenceOfSteel"},{"floor":46,"key":"Swift Potion"}],"is_trial":false,"path_per_floor":["M","$","?","T","M","R","M","E","T","M","$","R","E","M","R","B",null,"M","M","M","T","M","R","M","$","T","M","R","?","R","M","R","B",null,"M","?","M","M","?","R","M","M","T","$","?","E","$","M","R","B",null],"character_chosen":"IRONCLAD","items_purchased":["PrismaticShard","Flame Barrier","Sword Boomerang","Blood Vial","LiquidMemories","Lee\u0027s Waffle"],"campfire_rested":3,"item_purchase_floors":[2,11,11,25,25,47],"current_hp_per_floor":[78,78,71,71,73,73,79,22,22,10,10,34,20,25,49,38,80,80,54,35,35,22,46,46,46,56,61,61,61,61,79,79,63,90,90,90,78,75,75,75,88,85,91,91,91,48,109,105,105,73],"gold":88,"neow_bonus":"HUNDRED_GOLD","is_daily":false,"chose_seed":false,"campfire_upgraded":5,"win_rate":0.0,"timestamp":1613430862,"path_taken":["M","$","?","?","M","R","M","E","T","?","$","R","E","M","R","BOSS","M","M","?","?","M","R","M","$","T","M","R","?","R","M","R","BOSS","M","?","M","?","?","R","M","?","T","$","?","E","$","M","R","BOSS"],"items_purchased_type":["Relic","Card","Card","Relic","Potion","Relic"],"build_version":"2020-12-22","purchased_purges":0,"victory":true,"max_hp_per_floor":[80,80,80,80,80,80,80,80,80,80,80,80,80,80,80,80,80,80,80,80,80,80,80,80,80,90,90,90,90,90,90,90,90,90,90,90,90,96,96,96,96,96,102,102,102,102,109,109,109,109],"card_choices":[{"not_picked":["Iron Wave","Warcry","Thunderclap"],"picked":"SKIP","floor":1},{"not_picked":["Turbo","Compile Driver"],"picked":"Dodge and Roll","floor":5},{"not_picked":["Deflect","Halt"],"picked":"Evaluate","floor":7},{"not_picked":["Ball Lightning","Heavy Blade"],"picked":"Inflame","floor":8},{"not_picked":["Barrage","Twin Strike"],"picked":"Blade Dance","floor":10},{"not_picked":["CrushJoints","BattleHymn"],"picked":"Anger","floor":13},{"not_picked":["JustLucky","Scrape","FlurryOfBlows"],"picked":"SKIP","floor":14},{"not_picked":["Headbutt","Backflip"],"picked":"Genetic Algorithm","floor":18},{"not_picked":["Double Energy","DeceiveReality"],"picked":"Genetic Algorithm","floor":19},{"not_picked":["Slice","Prostrate"],"picked":"Skim+1","floor":20},{"not_picked":["Battle Trance","True Grit"],"picked":"Auto Shields","floor":22},{"not_picked":["EmptyMind+1","Impatience+1"],"picked":"Self Repair+1","floor":24},{"not_picked":["JustLucky","Wraith Form v2","FollowUp+1"],"picked":"SKIP","floor":27},{"not_picked":["Madness","Bouncing Flask","True Grit"],"picked":"SKIP","floor":31},{"not_picked":["Double Tap","SpiritShield"],"picked":"Adrenaline","floor":33},{"not_picked":["True Grit+1","Tempest"],"picked":"Protect+1","floor":35},{"not_picked":["CrushJoints","Clash+1","Wild Strike+1"],"picked":"SKIP","floor":37},{"not_picked":["Catalyst","FTL","Warcry"],"picked":"SKIP","floor":38},{"not_picked":["Body Slam","Noxious Fumes","JustLucky+1"],"picked":"SKIP","floor":41},{"not_picked":["SashWhip","WreathOfFlame","Compile Driver"],"picked":"SKIP","floor":42},{"not_picked":["Protect","Sucker Punch+1"],"picked":"Prepared+1","floor":46},{"not_picked":["Perfected Strike+1","Cold Snap+1"],"picked":"Echo Form","floor":48}],"player_experience":214845,"relics_obtained":[{"floor":4,"key":"Orichalcum"},{"floor":8,"key":"Art of War"},{"floor":9,"key":"Darkstone Periapt"},{"floor":13,"key":"Ornamental Fan"},{"floor":21,"key":"War Paint"},{"floor":26,"key":"Pear"},{"floor":46,"key":"Dream Catcher"}],"event_choices":[{"damage_healed":0,"gold_gain":0,"player_choice":"Success","damage_taken":7,"relics_obtained":["Bag of Marbles"],"max_hp_gain":0,"max_hp_loss":0,"event_name":"Scrap Ooze","floor":3,"gold_loss":0},{"cards_removed":["Twin Strike"],"damage_healed":0,"gold_gain":0,"player_choice":"Gave Gold","damage_taken":0,"max_hp_gain":0,"max_hp_loss":0,"event_name":"Beggar","floor":29,"gold_loss":75},{"damage_healed":0,"gold_gain":0,"player_choice":"Upgrade","damage_taken":0,"max_hp_gain":0,"max_hp_loss":0,"event_name":"Designer","floor":36,"gold_loss":40,"cards_upgraded":["Adrenaline"]},{"damage_healed":0,"gold_gain":0,"player_choice":"Got Potions","damage_taken":0,"max_hp_gain":0,"max_hp_loss":0,"event_name":"Lab","floor":39,"gold_loss":0},{"damage_healed":0,"gold_gain":0,"player_choice":"Memory 1","damage_taken":0,"max_hp_gain":0,"max_hp_loss":0,"event_name":"SensoryStone","floor":45,"gold_loss":0}],"is_beta":false,"boss_relics":[{"not_picked":["Black Star","Runic Dome"],"picked":"Pandora\u0027s Box"},{"not_picked":["Sozu","Black Blood"],"picked":"Cursed Key"}],"items_purged_floors":[],"is_endless":false,"potions_floor_spawned":[7,10,13,16,19,20,24,33,38,41,46,48],"ascension_level":4}}