{"host":"anl785ehjgcmdvvq","time":1613374488,"event":{"mods":["AchievementEnabler","BaseMod","Minty Spire (QoL Compilation)","StSLib","Together in Spire"],"gold_per_floor":[13,23,34,34,51,51,51,51,51,82,257,284,66,86,86,185,185,203,221,146,181,32,32,32,67,93,112,112,137,150,181,181,285,285,303,131,131,181,281,281,310,310,310,310,323,339,417,447,447,447,447,447,24,58,58],"floor_reached":56,"language":"ENG","playtime":3104,"items_purged":["Doubt","Flechettes"],"score":1606,"play_id":"f98a36a9-410b-4401-a8b9-e7bb87c4ae16","local_time":"20210215103448","is_ascension_mode":true,"campfire_choices":[{"floor":6,"key":"DIG"},{"floor":8,"key":"DIG"},{"floor":15,"key":"DIG"},{"floor":23,"key":"DIG"},{"floor":28,"key":"DIG"},{"floor":32,"key":"DIG"},{"floor":40,"key":"DIG"},{"floor":42,"key":"DIG"},{"floor":44,"key":"RECALL"},{"floor":49,"key":"DIG"},{"floor":52,"key":"DIG"}],"circlet_count":0,"master_deck":["Strike_G","Strike_G","Strike_G","Strike_G","Strike_G","Defend_G","Survivor","Neutralize","Cloak And Dagger+1","Finisher","Venomology+1","Adrenaline+1","Predator+1","Endless Agony+1","Backstab","Choke+1","Infinite Blades","A Thousand Cuts","Infinite Blades","Madness+1","Madness","Choke","Apotheosis"],"relics":["Ring of the Snake","Shovel","Blue Candle","HornCleat","White Beast Statue","Mango","Vajra","StrikeDummy","MealTicket","Potion Belt","Astrolabe","Red Mask","Bag of Marbles","Question Card","Toy Ornithopter","Akabeko","Ninja Scroll","Kunai","Mercury Hourglass","Philosopher\u0027s Stone","Tingsha","Dream Catcher","Smiling Mask","Pen Nib","Meat on the Bone","Darkstone Periapt","Shuriken","Mummified Hand","InkBottle","War Paint","FossilizedHelix"],"acts_visited":["Exordium","TheCity","TheBeyond","TheEnding"],"potions_floor_usage":[10,12,16,18,18,18,18,19,19,21,27,33,33,33,38,38,41,41,41,46,46,50,50,55,55,55,55,55,55,55,55,55],"damage_taken":[{"damage":7,"enemies":"Small Slimes","floor":1,"turns":4},{"damage":0,"enemies":"Jaw Worm","floor":2,"turns":5},{"damage":0,"enemies":"2 Louse","floor":3,"turns":3},{"damage":13,"enemies":"Exordium Wildlife","floor":5,"turns":7},{"damage":0,"enemies":"Gremlin Nob","floor":10,"turns":3},{"damage":10,"enemies":"Lagavulin","floor":12,"turns":7},{"damage":0,"enemies":"Looter","floor":14,"turns":3},{"damage":18,"enemies":"Slime Boss","floor":16,"turns":8},{"damage":0,"enemies":"Spheric Guardian","floor":18,"turns":2},{"damage":14,"enemies":"Shell Parasite","floor":19,"turns":2},{"damage":0,"enemies":"Masked Bandits","floor":21,"turns":3},{"damage":0,"enemies":"Gremlin Leader","floor":25,"turns":3},{"damage":0,"enemies":"Shelled Parasite and Fungi","floor":27,"turns":3},{"damage":2,"enemies":"Book of Stabbing","floor":29,"turns":2},{"damage":0,"enemies":"Centurion and Healer","floor":30,"turns":1},{"damage":0,"enemies":"Slavers","floor":31,"turns":1},{"damage":0,"enemies":"Collector","floor":33,"turns":2},{"damage":4,"enemies":"3 Shapes","floor":35,"turns":1},{"damage":41,"enemies":"Mind Bloom Boss Battle","floor":38,"turns":5},{"damage":0,"enemies":"Nemesis","floor":41,"turns":3},{"damage":15,"enemies":"3 Darklings","floor":45,"turns":4},{"damage":0,"enemies":"Transient","floor":46,"turns":5},{"damage":10,"enemies":"Giant Head","floor":48,"turns":4},{"damage":4,"enemies":"Donu and Deca","floor":50,"turns":4},{"damage":0,"enemies":"Shield and Spear","floor":54,"turns":3},{"damage":84,"enemies":"The Heart","floor":55,"turns":4}],"seed_played":"-3566868720071613065","potions_obtained":[{"floor":3,"key":"FearPotion"},{"floor":10,"key":"Weak Potion"},{"floor":12,"key":"Explosive Potion"},{"floor":14,"key":"Swift Potion"},{"floor":16,"key":"Explosive Potion"},{"floor":18,"key":"EntropicBrew"},{"floor":19,"key":"SpeedPotion"},{"floor":21,"key":"Block Potion"},{"floor":25,"key":"PowerPotion"},{"floor":33,"key":"GamblersBrew"},{"floor":35,"key":"Regen Potion"},{"floor":38,"key":"SpeedPotion"},{"floor":41,"key":"FairyPotion"},{"floor":45,"key":"Fire Potion"},{"floor":46,"key":"SneckoOil"},{"floor":48,"key":"EntropicBrew"},{"floor":54,"key":"DistilledChaos"}],"is_trial":false,"path_per_floor":["M","M","M","?","M","R","?","R","T","E","?","E","$","M","R","B",null,"M","M","?","?","$","R","$","E","T","M","R","E","M","E","R","B",null,"M","$","?","?","?","R","E","R","T","R","M","M","T","E","R","B",null,"R","$","E","B",null],"character_chosen":"THE_SILENT","items_purchased":["MealTicket","Bag of Marbles","Infinite Blades","Apotheosis","War Paint","DuplicationPotion"],"campfire_rested":0,"item_purchase_floors":[13,22,36,53,53,53],"current_hp_per_floor":[63,63,63,63,50,50,38,38,52,52,52,42,42,42,42,24,84,89,75,75,75,89,89,89,89,89,89,89,87,87,87,87,89,89,85,89,78,69,69,69,84,84,84,84,69,79,79,69,69,75,89,89,89,89,25],"gold":58,"neow_bonus":"ONE_RARE_RELIC","is_daily":false,"chose_seed":false,"campfire_upgraded":0,"win_rate":0.0,"timestamp":1613374488,"path_taken":["M","M","M","?","M","R","?","R","T","E","?","E","$","M","R","BOSS","M","M","?","?","$","R","?","E","T","M","R","E","M","E","R","BOSS","M","$","?","?","?","R","E","R","T","R","M","?","?","E","R","BOSS","R","$","E","BOSS"],"items_purchased_type":["Relic","Relic","Card","Card","Relic","Potion"],"build_version":"2020-12-22","purchased_purges":2,"victory":true,"max_hp_per_floor":[70,70,70,70,70,70,70,70,84,84,84,84,84,84,84,84,84,89,89,89,89,89,89,89,89,89,89,89,89,89,89,89,89,89,89,89,89,89,89,89,89,89,89,89,89,89,89,89,89,89,89,89,89,89,89],"card_choices":[{"not_picked":["Deflect","Acrobatics"],"picked":"Cloak And Dagger","floor":1},{"not_picked":["Underhanded Strike","Outmaneuver","Caltrops"],"picked":"SKIP","floor":2},{"not_picked":["Setup","Acrobatics"],"picked":"Finisher","floor":3},{"not_picked":["Terror","Riddle With Holes","Caltrops"],"picked":"SKIP","floor":5},{"not_picked":["Eviscerate","Dagger Throw","Backflip"],"picked":"SKIP","floor":10},{"not_picked":["PiercingWail","Crippling Poison","Quick Slash"],"picked":"SKIP","floor":12},{"not_picked":["Quick Slash","Dagger Throw"],"picked":"Flechettes","floor":14},{"not_picked":["Grand Finale","Unload"],"picked":"Venomology","floor":16},{"not_picked":["Slice","Dodge and Roll","Quick Slash"],"picked":"SKIP","floor":18},{"not_picked":["Tactician","Crippling Poison"],"picked":"Backstab","floor":19},{"not_picked":["Malaise","Caltrops"],"picked":"Choke+1","floor":21},{"not_picked":["Flechettes+1","Predator","Outmaneuver+1","Reflex+1"],"picked":"SKIP","floor":25},{"not_picked":["Reflex","Quick Slash","Dagger Throw","Slice"],"picked":"SKIP","floor":27},{"not_picked":["Cloak And Dagger","Tools of the Trade","Slice","Escape Plan"],"picked":"SKIP","floor":29},{"not_picked":["Deflect","Reflex","Dagger Spray+1","Flying Knee"],"picked":"SKIP","floor":30},{"not_picked":["Masterful Stab","Distraction+1","Setup"],"picked":"Infinite Blades","floor":31},{"not_picked":["Unload","Envenom","Tools of the Trade"],"picked":"A Thousand Cuts","floor":33},{"not_picked":["PiercingWail","Flechettes","Deadly Poison","Quick Slash"],"picked":"SKIP","floor":35},{"not_picked":["Flying Knee+1","Unload","Dodge and Roll","Sucker Punch+1"],"picked":"SKIP","floor":41},{"not_picked":["Sucker Punch+1","Prepared","Underhanded Strike+1","Quick Slash"],"picked":"SKIP","floor":45},{"not_picked":["Outmaneuver+1","Sucker Punch+1","Poisoned Stab","Slice"],"picked":"SKIP","floor":46},{"not_picked":["Endless Agony+1","Quick Slash+1","Acrobatics+1"],"picked":"Choke","floor":48},{"not_picked":["Reflex+1","Deflect","Slice+1","Outmaneuver"],"picked":"SKIP","floor":54}],"player_experience":141386,"relics_obtained":[{"floor":6,"key":"Blue Candle"},{"floor":8,"key":"White Beast Statue"},{"floor":9,"key":"Mango"},{"floor":10,"key":"Vajra"},{"floor":12,"key":"StrikeDummy"},{"floor":15,"key":"Potion Belt"},{"floor":21,"key":"Red Mask"},{"floor":23,"key":"Question Card"},{"floor":25,"key":"Toy Ornithopter"},{"floor":28,"key":"Akabeko"},{"floor":29,"key":"Ninja Scroll"},{"floor":31,"key":"Kunai"},{"floor":32,"key":"Mercury Hourglass"},{"floor":38,"key":"Tingsha"},{"floor":40,"key":"Dream Catcher"},{"floor":41,"key":"Smiling Mask"},{"floor":42,"key":"Pen Nib"},{"floor":43,"key":"Meat on the Bone"},{"floor":47,"key":"Darkstone Periapt"},{"floor":48,"key":"Shuriken"},{"floor":49,"key":"Mummified Hand"},{"floor":52,"key":"InkBottle"},{"floor":54,"key":"FossilizedHelix"}],"event_choices":[{"damage_healed":0,"gold_gain":0,"player_choice":"Grow","damage_taken":0,"max_hp_gain":0,"max_hp_loss":0,"event_name":"Living Wall","floor":4,"gold_loss":0,"cards_upgraded":["Cloak And Dagger"]},{"damage_healed":0,"gold_gain":0,"player_choice":"Success","damage_taken":12,"relics_obtained":["HornCleat"],"max_hp_gain":0,"max_hp_loss":0,"event_name":"Scrap Ooze","floor":7,"gold_loss":0},{"damage_healed":0,"gold_gain":175,"player_choice":"AGREE","damage_taken":0,"max_hp_gain":0,"max_hp_loss":0,"event_name":"Liars Game","floor":11,"gold_loss":0,"cards_obtained":["Doubt"]},{"cards_removed":["Defend_G"],"damage_healed":0,"gold_gain":0,"player_choice":"Gave Gold","damage_taken":0,"max_hp_gain":0,"max_hp_loss":0,"event_name":"Beggar","floor":20,"gold_loss":75},{"damage_healed":0,"gold_gain":0,"player_choice":"Fought Bandits","damage_taken":0,"max_hp_gain":0,"max_hp_loss":0,"event_name":"Masked Bandits","floor":21,"gold_loss":0},{"damage_healed":0,"gold_gain":0,"player_choice":"Embrace Madness","damage_taken":11,"max_hp_gain":0,"max_hp_loss":0,"event_name":"Winding Halls","floor":37,"gold_loss":0,"cards_obtained":["Madness","Madness"]},{"damage_healed":0,"gold_gain":0,"player_choice":"Fight","damage_taken":0,"max_hp_gain":0,"max_hp_loss":0,"event_name":"MindBloom","floor":38,"gold_loss":0},{"damage_healed":0,"gold_gain":100,"player_choice":"Pray","damage_taken":0,"max_hp_gain":0,"max_hp_loss":0,"event_name":"Golden Shrine","floor":39,"gold_loss":0}],"is_beta":false,"boss_relics":[{"not_picked":["Ectoplasm","SlaversCollar"],"picked":"Astrolabe"},{"not_picked":["SacredBark","Busted Crown"],"picked":"Philosopher\u0027s Stone"}],"items_purged_floors":[13,36],"is_endless":false,"potions_floor_spawned":[3,10,12,14,16,18,19,21,25,27,29,30,31,33,35,38,41,45,46,48,54],"ascension_level":2}}