{"host":"pj7egx7jkoz18hom","time":1613396880,"event":{"mods":["AchievementEnabler","BaseMod","Keyboard Shortcuts","Minty Spire (QoL Compilation)","SuperFastMode"],"gold_per_floor":[115,135,135,152,167,199,199,210,237,264,34,34,34,63,63,159,159,174,192,192,218,230,230,230],"floor_reached":23,"language":"KOR","playtime":674,"items_purged":["Defend_R"],"score":308,"play_id":"de70cd8c-efbe-4434-8940-9d584fed4542","local_time":"20210215224800","is_ascension_mode":true,"campfire_choices":[{"data":"True Grit","floor":7,"key":"SMITH"},{"data":"Armaments","floor":12,"key":"SMITH"},{"data":"Immolate","floor":15,"key":"SMITH"}],"circlet_count":0,"master_deck":["Defend_R","Defend_R","Defend_R","True Grit+1","Cleave","Armaments+1","Immolate+1","Thunderclap","Offering","Seeing Red","Anger","Bite","Bite","Bite","Bite","Bite","Shrug It Off"],"relics":["Burning Blood","FossilizedHelix","Tiny Chest","Red Skull","Ancient Tea Set","Empty Cage","Red Mask"],"acts_visited":["Exordium","TheCity"],"potions_floor_usage":[6,6,6,14,16,21,21,22],"damage_taken":[{"damage":12,"enemies":"Small Slimes","floor":1,"turns":4},{"damage":6,"enemies":"Cultist","floor":2,"turns":3},{"damage":0,"enemies":"2 Louse","floor":4,"turns":2},{"damage":17,"enemies":"Blue Slaver","floor":5,"turns":4},{"damage":45,"enemies":"Lagavulin","floor":6,"turns":10},{"damage":13,"enemies":"Red Slaver","floor":8,"turns":4},{"damage":16,"enemies":"Gremlin Nob","floor":10,"turns":4},{"damage":0,"enemies":"3 Sentries","floor":14,"turns":2},{"damage":34,"enemies":"The Guardian","floor":16,"turns":8},{"damage":17,"enemies":"2 Thieves","floor":18,"turns":3},{"damage":33,"enemies":"Spheric Guardian","floor":19,"turns":4},{"damage":0,"enemies":"Masked Bandits","floor":21,"turns":2},{"damage":25,"enemies":"Snake Plant","floor":22,"turns":3},{"damage":53,"enemies":"Book of Stabbing","floor":23,"turns":4}],"seed_played":"4495205876622547903","potions_obtained":[{"floor":1,"key":"BlessingOfTheForge"},{"floor":3,"key":"EssenceOfSteel"},{"floor":3,"key":"AttackPotion"},{"floor":4,"key":"Regen Potion"},{"floor":6,"key":"LiquidBronze"},{"floor":14,"key":"Energy Potion"},{"floor":16,"key":"HeartOfIron"},{"floor":19,"key":"LiquidBronze"},{"floor":21,"key":"SkillPotion"}],"is_trial":false,"path_per_floor":["M","M","?","M","M","E","R","M","T","E","$","R","$","E","R","B",null,"M","M","?","?","M","E"],"character_chosen":"IRONCLAD","items_purchased":["Red Skull"],"campfire_rested":0,"item_purchase_floors":[11],"current_hp_per_floor":[74,74,74,80,69,45,45,38,38,30,30,30,30,38,38,12,80,69,44,44,56,41,0,0],"gold":230,"neow_bonus":"REMOVE_CARD","is_daily":false,"chose_seed":false,"campfire_upgraded":3,"win_rate":0.0,"timestamp":1613396880,"path_taken":["M","M","?","M","M","E","R","M","T","E","$","R","$","E","R","BOSS","M","M","?","?","M","E"],"items_purchased_type":["Relic"],"build_version":"2020-12-22","purchased_purges":1,"victory":false,"max_hp_per_floor":[80,80,80,80,80,80,80,80,80,80,80,80,80,80,80,80,80,80,80,80,80,80,80,80],"card_choices":[{"not_picked":["Rage","Flex"],"picked":"True Grit","floor":1},{"not_picked":["Headbutt","True Grit"],"picked":"Cleave","floor":2},{"not_picked":["Clothesline","Clash","Twin Strike"],"picked":"SKIP","floor":4},{"not_picked":["Evolve","Havoc"],"picked":"Armaments","floor":5},{"not_picked":["Dropkick","Berserk"],"picked":"Immolate","floor":6},{"not_picked":["Rage","Combust","Blood for Blood"],"picked":"SKIP","floor":8},{"not_picked":["Clothesline","Perfected Strike","Rage"],"picked":"SKIP","floor":10},{"not_picked":["Second Wind","Clash"],"picked":"Thunderclap","floor":14},{"not_picked":["Fiend Fire","Double Tap"],"picked":"Offering","floor":16},{"not_picked":["Power Through","Iron Wave"],"picked":"Seeing Red","floor":18},{"not_picked":["Intimidate","Sword Boomerang"],"picked":"Anger","floor":19},{"not_picked":["Dark Embrace","Blood for Blood+1"],"picked":"Shrug It Off","floor":21},{"not_picked":["Body Slam+1","Wild Strike+1","Rage"],"picked":"SKIP","floor":22}],"player_experience":77976,"relics_obtained":[{"floor":6,"key":"FossilizedHelix"},{"floor":9,"key":"Blood Vial"},{"floor":10,"key":"Tiny Chest"},{"floor":14,"key":"Ancient Tea Set"},{"floor":21,"key":"Red Mask"}],"event_choices":[{"damage_healed":0,"gold_gain":0,"player_choice":"Got Potions","damage_taken":0,"max_hp_gain":0,"max_hp_loss":0,"event_name":"Lab","floor":3,"gold_loss":0},{"damage_healed":0,"gold_gain":0,"player_choice":"Became a vampire (Vial)","damage_taken":0,"max_hp_gain":0,"max_hp_loss":0,"event_name":"Vampires","floor":20,"relics_lost":["Blood Vial"],"gold_loss":0,"cards_obtained":["Bite","Bite","Bite","Bite","Bite"]},{"damage_healed":0,"gold_gain":0,"player_choice":"Fought Bandits","damage_taken":0,"max_hp_gain":0,"max_hp_loss":0,"event_name":"Masked Bandits","floor":21,"gold_loss":0}],"is_beta":false,"boss_relics":[{"not_picked":["Sozu","Mark of Pain"],"picked":"Empty Cage"}],"items_purged_floors":[11],"is_endless":false,"potions_floor_spawned":[1,4,6,14,16,19,21],"killed_by":"Book of Stabbing","ascension_level":4}}