{"host":"clf2hd4adhiiw0zf","time":1613359753,"event":{"mods":["AchievementEnabler","BaseMod","Beaked The Cultist","Bestiary","Dark Map","Downfall","Gremlin Mod","Hermit","Jorbs\u0027s Wanderer Trilogy","Marisa????????","Minty Spire (QoL Compilation)","Shop Mod","StSLib","The Cursed","Wide Potions"],"gold_per_floor":[99,99,117,132,162,173,173,193,224,24,24,53,70,100,112,112,112,112],"floor_reached":16,"language":"ENG","playtime":6041,"items_purged":[],"score":267,"play_id":"71fa6071-1c62-4d90-82e8-cba4520b006c","local_time":"20210214202913","is_ascension_mode":true,"campfire_choices":[{"floor":1.0,"key":"RECALL"},{"data":"champ:UltimateStance","floor":10.0,"key":"SMITH"}],"circlet_count":0,"master_deck":["AscendersBane","champ:Strike","champ:Strike","champ:Strike","champ:Strike","champ:Defend","champ:Defend","champ:Defend","champ:Defend","champ:Execute","champ:Taunt","champ:Circumvent","champ:DefensiveShout","champ:PerfectedStrike","champ:BringItOn","champ:ViciousMockery","champ:UltimateStance+1","champ:Shatter","champ:AdrenalArmor","champ:Duel"],"relics":["beaked:MawFillet","Mummified Hand","MealTicket","downfall:HeartBlessingRed","downfall:HeartBlessingBlue","Ornamental Fan","beaked:ShinyBauble"],"acts_visited":["Exordium"],"potions_floor_usage":[14],"damage_taken":[{"damage":10.0,"enemies":"2 Louse","floor":3.0,"turns":2.0},{"damage":25.0,"enemies":"Cultist","floor":4.0,"turns":5.0},{"damage":51.0,"enemies":"Lagavulin","floor":5.0,"turns":8.0},{"damage":0.0,"enemies":"Small Slimes","floor":6.0,"turns":2.0},{"damage":14.0,"enemies":"Exordium Thugs","floor":8.0,"turns":3.0},{"damage":25.0,"enemies":"3 Sentries","floor":9.0,"turns":7.0},{"damage":30.0,"enemies":"Lagavulin","floor":12.0,"turns":6.0},{"damage":27.0,"enemies":"Large Slime","floor":13.0,"turns":5.0},{"damage":29,"enemies":"3 Sentries","floor":14,"turns":7},{"damage":35,"enemies":"Exordium Thugs","floor":15,"turns":5},{"damage":27,"enemies":"WA_ARCHETYPE_RETAIN","floor":16,"turns":5}],"seed_played":"-8013618196369953009","potions_obtained":[{"floor":6.0,"key":"Block Potion"},{"floor":8.0,"key":"Swift Potion"},{"floor":9.0,"key":"LiquidMemories"}],"is_trial":false,"path_per_floor":["R","?","M","M","E","M","T","M","E","R","?","E","M","E","M","B"],"character_chosen":"THE_CHAMP","items_purchased":[],"campfire_rested":0,"item_purchase_floors":[],"current_hp_per_floor":[73,68,68,68,52,52,52,38,33,43,48,48,46,42,17,0,0,0],"gold":112,"neow_bonus":"BOSS_RELIC","is_daily":false,"chose_seed":false,"campfire_upgraded":1,"win_rate":0.0,"timestamp":1613359753,"path_taken":["R","?","?","M","E","M","T","M","E","R","?","E","M","E","M","BOSS"],"items_purchased_type":[],"build_version":"2020-12-22","purchased_purges":0,"victory":false,"max_hp_per_floor":[81,81,81,81,81,81,81,81,81,91,96,96,96,96,96,96,96,96],"card_choices":[{"not_picked":["champ:FocusedBerserking","champ:Backstep"],"picked":"champ:Circumvent","floor":3.0},{"not_picked":["champ:Backstep","champ:FancyFootwork"],"picked":"champ:DefensiveShout","floor":4.0},{"not_picked":["champ:Backstep","champ:GutPunch"],"picked":"champ:PerfectedStrike","floor":5.0},{"not_picked":["champ:BladeFlurry","champ:HeartStrike"],"picked":"champ:BringItOn","floor":6.0},{"not_picked":["champ:BerserkersShout","champ:RecklessLeap"],"picked":"champ:ViciousMockery","floor":8.0},{"not_picked":["champ:CrownThrow","champ:Shatter"],"picked":"champ:UltimateStance","floor":9.0},{"not_picked":["champ:CrookedStrike","champ:AdrenalArmor"],"picked":"champ:Shatter","floor":12.0},{"not_picked":["champ:FancyFootwork","champ:Backstep"],"picked":"champ:AdrenalArmor","floor":13.0},{"not_picked":["champ:FancyFootwork","champ:Backstep","champ:AdrenalArmor"],"picked":"SKIP","floor":14},{"not_picked":["champ:EnGarde","champ:Lariat"],"picked":"champ:Duel","floor":15}],"player_experience":295962,"relics_obtained":[{"floor":5.0,"key":"Mummified Hand"},{"floor":9.0,"key":"MealTicket"},{"floor":12.0,"key":"Ornamental Fan"},{"floor":14,"key":"beaked:ShinyBauble"}],"event_choices":[{"damage_healed":0.0,"max_hp_gain":5.0,"max_hp_loss":0.0,"gold_gain":0.0,"event_name":"Big Fish","player_choice":"Donut","floor":11.0,"gold_loss":0.0,"damage_taken":0.0}],"is_beta":false,"boss_relics":[],"items_purged_floors":[],"is_endless":false,"potions_floor_spawned":[6,8,9],"killed_by":"WA_ARCHETYPE_RETAIN","ascension_level":14}}