{"host":"kw4o7b3ro2ktmmbe","time":1613384143,"event":{"mods":["100% Spire Juice","BaseMod","Bossed Relics","Energized Spire","Evolution","Minty Spire (QoL Compilation)","StSLib"],"gold_per_floor":[110,126,126,126,61,95,95,106,129,9,42,53,64,64,64,162,42,61,61,74,74,74,105,105,118,118,143,153,183,183,203,203,302,302,320,320,28,44,44,44,70,70,96,106,106,106,141,66,66,66],"floor_reached":51,"language":"ENG","playtime":10132,"items_purged":["Doubt"],"score":1259,"play_id":"6cfc49d3-16e0-471a-b699-86ed2feef05a","local_time":"20210215231543","is_ascension_mode":true,"campfire_choices":[{"data":"Moonworks:IndiscriminateFireSupport","floor":7.0,"key":"SMITH"},{"data":"Moonworks:IntelligenceOfficer","floor":10.0,"key":"SMITH"},{"floor":15.0,"key":"REST"},{"floor":24.0,"key":"REST"},{"floor":30.0,"key":"DIG"},{"floor":32.0,"key":"DIG"},{"floor":40,"key":"DIG"},{"floor":42,"key":"DIG"},{"floor":46,"key":"DIG"},{"floor":49,"key":"DIG"}],"circlet_count":0,"master_deck":["AscendersBane","Moonworks:Strike+1","Moonworks:Strike+1","Moonworks:Strike+1","Moonworks:Defend+1","Moonworks:Defend+1","Moonworks:Defend+1","Moonworks:Defend+1","Moonworks:Ambush","Moonworks:LongDistanceShot","Moonworks:IndiscriminateFireSupport+1","Moonworks:HolyNight","Moonworks:IntelligenceOfficer+1","Moonworks:Dinner","Moonworks:AnotherUltimateWeapon","Moonworks:UnpaidWork+1","Moonworks:NicePresent+1","Moonworks:MiracleRedBeanIceCream","Moonworks:BackdoorTrade+1","Moonworks:BigBangBell+1","Moonworks:Dinner","Moonworks:AnotherUltimateWeapon","Moonworks:CrystalBarrier","Moonworks:CloudOfSeagulls+1","Madness","Madness"],"relics":["Moonworks:BrokenBomb","Moonworks:Homemark","EVO:Axolotl","NeowsBlessing","Dream Catcher","War Paint","Boot","Philosopher\u0027s Stone","PreservedInsect","Ancient Tea Set","Shuriken","Shovel","Regal Pillow","MealTicket","Singing Bowl","energizedSpire:DeadBattery","Torii","Nunchaku","Vajra","Frozen Egg 2","Orichalcum","Lantern","Juzu Bracelet","Ornamental Fan"],"acts_visited":["Exordium","TheCity","TheBeyond"],"potions_floor_usage":[50,50],"damage_taken":[{"damage":0.0,"enemies":"Cultist","floor":1.0,"turns":1.0},{"damage":0.0,"enemies":"2 Louse","floor":2.0,"turns":2.0},{"damage":0.0,"enemies":"Gremlin Nob","floor":6.0,"turns":1.0},{"damage":6.0,"enemies":"Jaw Worm","floor":8.0,"turns":2.0},{"damage":1.0,"enemies":"Lagavulin","floor":11.0,"turns":5.0},{"damage":5.0,"enemies":"Large Slime","floor":12.0,"turns":4.0},{"damage":12.0,"enemies":"Blue Slaver","floor":13.0,"turns":4.0},{"damage":22.0,"enemies":"The Guardian","floor":16.0,"turns":13.0},{"damage":0.0,"enemies":"Chosen","floor":18.0,"turns":3.0},{"damage":15.0,"enemies":"Shell Parasite","floor":20.0,"turns":4.0},{"damage":46.0,"enemies":"Gremlin Leader","floor":23.0,"turns":5.0},{"damage":0.0,"enemies":"Snake Plant","floor":25.0,"turns":1.0},{"damage":1.0,"enemies":"Book of Stabbing","floor":27.0,"turns":5.0},{"damage":0.0,"enemies":"Centurion and Healer","floor":28.0,"turns":3.0},{"damage":5.0,"enemies":"Slavers","floor":29.0,"turns":2.0},{"damage":4.0,"enemies":"Cultist and Chosen","floor":31.0,"turns":4.0},{"damage":47.0,"enemies":"Collector","floor":33.0,"turns":7.0},{"damage":0,"enemies":"Orb Walker","floor":35,"turns":4},{"damage":6,"enemies":"3 Shapes","floor":38,"turns":3},{"damage":0,"enemies":"Reptomancer","floor":41,"turns":3},{"damage":0,"enemies":"Sphere and 2 Shapes","floor":44,"turns":2},{"damage":0,"enemies":"Giant Head","floor":47,"turns":8},{"damage":14,"enemies":"Awakened One","floor":50,"turns":8}],"seed_played":"7683892558176906058","potions_obtained":[{"floor":8.0,"key":"SkillPotion"},{"floor":11.0,"key":"LiquidBronze"},{"floor":16.0,"key":"FearPotion"},{"floor":18.0,"key":"GamblersBrew"},{"floor":25.0,"key":"Energy Potion"},{"floor":29.0,"key":"Fire Potion"},{"floor":41,"key":"DistilledChaos"}],"is_trial":false,"path_per_floor":["M","M","?","$","?","E","R","M","T","R","E","M","M","$","R","B",null,"M","?","M","?","?","E","R","M","T","E","M","E","R","M","R","B",null,"M","?","$","M","$","R","E","R","T","M","?","R","E","$","R","B",null],"character_chosen":"THE_STARBREAKER","items_purchased":["Torii"],"campfire_rested":2,"item_purchase_floors":[37],"current_hp_per_floor":[54,54,47,47,47,47,47,41,41,41,40,35,23,23,41,25,51,56,56,47,47,47,7,25,25,25,34,42,45,45,49,49,19,50,62,72,72,73,74,74,74,74,74,74,65,65,76,76,76,73],"gold":66,"neow_bonus":"THREE_ENEMY_KILL","is_daily":false,"chose_seed":false,"campfire_upgraded":2,"win_rate":0.0,"timestamp":1613384143,"path_taken":["M","?","?","$","?","E","R","M","T","R","E","M","M","$","R","BOSS","M","?","M","?","?","E","R","?","T","E","M","E","R","M","R","BOSS","M","?","?","M","$","R","E","R","T","M","?","R","E","$","R","BOSS"],"items_purchased_type":["Relic"],"build_version":"2020-12-22","purchased_purges":1,"victory":true,"max_hp_per_floor":[60,60,60,60,60,60,60,60,60,60,60,60,60,60,60,60,60,60,60,60,60,60,60,60,60,60,60,60,60,60,60,60,60,60,62,72,72,74,74,74,74,74,74,74,74,74,76,76,76,76],"card_choices":[{"not_picked":["Moonworks:ImOnFire","Moonworks:SakisCookie"],"picked":"Moonworks:IndiscriminateFireSupport","floor":1.0},{"not_picked":["Moonworks:SakisCookie","Moonworks:ReproductionOfRecords","Moonworks:MixPhenomenon"],"picked":"SKIP","floor":2.0},{"not_picked":["Moonworks:LuckyCharm","Moonworks:EvilSpyWorkPreparation"],"picked":"Moonworks:HolyNight","floor":6.0},{"not_picked":["Moonworks:BigBangBell","Moonworks:JonathanRush"],"picked":"Moonworks:IntelligenceOfficer","floor":8.0},{"not_picked":["Moonworks:Dinner","Moonworks:JonathanRush"],"picked":"Moonworks:MetallicMonocoque","floor":11.0},{"not_picked":["Moonworks:IntelligenceOfficer","Moonworks:Assault","Moonworks:IndiscriminateFireSupport"],"picked":"SKIP","floor":12.0},{"not_picked":["Moonworks:IndiscriminateFireSupport","Moonworks:ImOnFire","Moonworks:AwakeningOfTalent"],"picked":"SKIP","floor":13.0},{"not_picked":["Moonworks:CastOff","Moonworks:LulusLuckyEgg"],"picked":"Moonworks:Dinner","floor":15.0},{"not_picked":["Moonworks:ShieldCounter","Moonworks:SinkOrSwim"],"picked":"Moonworks:AnotherUltimateWeapon","floor":16.0},{"not_picked":["Moonworks:SakisCookie","Moonworks:Assault","Moonworks:ImOnFire"],"picked":"SKIP","floor":18.0},{"not_picked":["Moonworks:EvilSpyWorkPreparation","Moonworks:TreasureThief"],"picked":"Moonworks:UnpaidWork+1","floor":20.0},{"not_picked":["Moonworks:SelfDestruct","Moonworks:ForcedRevival"],"picked":"Moonworks:NicePresent+1","floor":23.0},{"not_picked":["Moonworks:NicePresent","Moonworks:CookingTime"],"picked":"Moonworks:MiracleRedBeanIceCream","floor":24.0},{"not_picked":["Moonworks:EvilSpyWorkPreparation","Moonworks:LulusLuckyEgg","Moonworks:ExtendedPhotonRifle"],"picked":"SKIP","floor":25.0},{"not_picked":["Moonworks:JonathanRush","Moonworks:Flamethrower"],"picked":"Moonworks:BackdoorTrade+1","floor":27.0},{"not_picked":["Moonworks:LulusLuckyEgg","Moonworks:AwakeningOfTalent","Moonworks:Assault+1"],"picked":"SKIP","floor":28.0},{"not_picked":["Moonworks:SakisCookie","Moonworks:Bloodlust"],"picked":"Moonworks:BigBangBell+1","floor":29.0},{"not_picked":["Moonworks:Dash","Moonworks:SelfDestruct"],"picked":"Moonworks:Dinner","floor":31.0},{"not_picked":["Moonworks:RocketCannon","Moonworks:Gamble"],"picked":"Moonworks:AnotherUltimateWeapon","floor":33.0},{"not_picked":["Moonworks:CloudOfSeagulls","Moonworks:NicePresent","Moonworks:TreasureThief"],"picked":"Singing Bowl","floor":35},{"not_picked":["Moonworks:ImOnFire+1","Moonworks:BeyondHell+1","Moonworks:SakisCookie+1"],"picked":"Singing Bowl","floor":38},{"not_picked":["Moonworks:SelfDestruct","Moonworks:Bloodlust+1"],"picked":"Moonworks:CrystalBarrier","floor":41},{"not_picked":["Moonworks:AngelHand","Moonworks:IndiscriminateFireSupport+1"],"picked":"Moonworks:CloudOfSeagulls+1","floor":44},{"not_picked":["Moonworks:EvilSpyWorkPreparation","Moonworks:Assault+1","Moonworks:LulusLuckyEgg"],"picked":"Singing Bowl","floor":47}],"player_experience":1941301,"relics_obtained":[{"floor":6.0,"key":"Dream Catcher"},{"floor":9.0,"key":"War Paint"},{"floor":11.0,"key":"Boot"},{"floor":23.0,"key":"Ancient Tea Set"},{"floor":26.0,"key":"Shuriken"},{"floor":27.0,"key":"Shovel"},{"floor":29.0,"key":"Regal Pillow"},{"floor":30.0,"key":"MealTicket"},{"floor":32.0,"key":"Singing Bowl"},{"floor":40,"key":"Nunchaku"},{"floor":41,"key":"Vajra"},{"floor":42,"key":"Frozen Egg 2"},{"floor":43,"key":"Orichalcum"},{"floor":46,"key":"Lantern"},{"floor":47,"key":"Juzu Bracelet"},{"floor":49,"key":"Ornamental Fan"}],"event_choices":[{"cards_removed":["Moonworks:Strike"],"damage_healed":0.0,"max_hp_gain":0.0,"max_hp_loss":0.0,"gold_gain":0.0,"event_name":"Golden Wing","player_choice":"Card Removal","floor":3.0,"gold_loss":0.0,"damage_taken":7.0},{"damage_healed":0.0,"max_hp_gain":0.0,"max_hp_loss":0.0,"gold_gain":175.0,"event_name":"Liars Game","player_choice":"AGREE","floor":5.0,"gold_loss":0.0,"damage_taken":0.0,"cards_obtained":["Doubt"]},{"damage_healed":0.0,"max_hp_gain":0.0,"max_hp_loss":0.0,"gold_gain":0.0,"event_name":"The Mausoleum","player_choice":"Opened","floor":19.0,"gold_loss":0.0,"damage_taken":0.0,"relics_obtained":["PreservedInsect"]},{"damage_healed":0.0,"max_hp_gain":0.0,"max_hp_loss":0.0,"gold_gain":0.0,"event_name":"Back to Basics","player_choice":"Simplicity","floor":21.0,"gold_loss":0.0,"damage_taken":0.0,"cards_upgraded":["Moonworks:Strike","Moonworks:Strike","Moonworks:Strike","Moonworks:Defend","Moonworks:Defend"]},{"damage_healed":0.0,"max_hp_gain":0.0,"max_hp_loss":0.0,"gold_gain":0.0,"event_name":"The Woman in Blue","player_choice":"Bought 0 Potions","floor":22.0,"gold_loss":0.0,"damage_taken":0.0},{"cards_removed":["Moonworks:MetallicMonocoque"],"damage_healed":0,"gold_gain":0,"player_choice":"Offered Rare","damage_taken":0,"max_hp_gain":10,"max_hp_loss":0,"event_name":"Bonfire Elementals","floor":36,"gold_loss":0},{"damage_healed":0,"gold_gain":0,"player_choice":"Embrace Madness","damage_taken":9,"max_hp_gain":0,"max_hp_loss":0,"event_name":"Winding Halls","floor":45,"gold_loss":0,"cards_obtained":["Madness","Madness"]}],"is_beta":false,"boss_relics":[{"not_picked":["SacredBark","energizedSpire:EnergizedDie"],"picked":"Philosopher\u0027s Stone"},{"not_picked":["energizedSpire:NeverEndingSparkler","Calling Bell"],"picked":"energizedSpire:DeadBattery"}],"items_purged_floors":[48],"is_endless":false,"potions_floor_spawned":[8,11,16,18,25,29,38,41,44],"ascension_level":11}}