{"host":"6dypmz777xraikqf","time":1613407082,"event":{"mods":["AchievementEnabler","BaseMod","BetterRewards","Colored Map","Colored Powertips","Downfall","Highlight Path","Hubris","Infinite Spire","Minty Spire (QoL Compilation)","Replay The Spire","StSLib"],"gold_per_floor":[116,131,143,143,157,157,188,188,214,214,247,247,247,261,261,335,335,350,360,371,371,371,402,402,431,485,36,36,54,79,98,98,172,172,187,187,2,14,27,60,76,107,132,165,40,55,55,68,68,68],"floor_reached":51,"language":"ENG","playtime":1944,"items_purged":["Strike_R","Strike_R","Strike_R"],"score":1708,"play_id":"d9388dda-60aa-4689-8aaf-e9fc3ccd1520","local_time":"20210215163802","is_ascension_mode":true,"campfire_choices":[{"floor":6.0,"key":"REST"},{"floor":8.0,"key":"REST"},{"data":"hubris:DuctTapeCard","floor":10.0,"key":"SMITH"},{"data":"Pommel Strike","floor":13.0,"key":"SMITH"},{"data":"Defend_R","floor":15.0,"key":"SMITH"},{"data":"True Grit","floor":28,"key":"SMITH"},{"data":"Violence","floor":32,"key":"SMITH"},{"data":"Evolve","floor":49,"key":"SMITH"}],"circlet_count":0,"master_deck":["AscendersBane","Strike_R","Strike_R","Defend_R","Defend_R+1","Defend_R+1","Bash","Pommel Strike+1","hubris:InfiniteBlow+64","True Grit+1","RitualDagger","Armaments","hubris:DuctTapeCard","Pommel Strike+1","Violence+1","Shrug It Off+1","Evolve+1","Power Through","Dark Embrace+1","Dual Wield","Shrug It Off"],"relics":["Burning Blood","infinitespire:Joker Card","hubris:KleinBottle","hubris:DuctTape","hubris:TenFootPole","StrikeDummy","bronze:MakeshiftBattery","hubris:Towel","infinitespire:Eraser","Enchiridion","hubris:CrystalStatue","Omamori","Toolbox","Mango","Cursed Key","Replay:Bottled Steam","FossilizedHelix","Pet Ghost","Replay:Towering Pillar of Hats"],"acts_visited":["Exordium","TheCity","TheBeyond"],"potions_floor_usage":[],"damage_taken":[{"damage":15.0,"enemies":"Cultist","floor":1.0,"turns":5.0},{"damage":19.0,"enemies":"infinitespire:Voidling","floor":2.0,"turns":4.0},{"damage":8.0,"enemies":"2 Louse","floor":3.0,"turns":4.0},{"damage":11.0,"enemies":"Lots of Slimes","floor":5.0,"turns":5.0},{"damage":0.0,"enemies":"Lagavulin","floor":7.0,"turns":2.0},{"damage":0.0,"enemies":"Gremlin Nob","floor":11.0,"turns":2.0},{"damage":0.0,"enemies":"Exordium Thugs","floor":14.0,"turns":2.0},{"damage":0.0,"enemies":"Hexaghost","floor":16.0,"turns":2.0},{"damage":0.0,"enemies":"Chosen","floor":18.0,"turns":1.0},{"damage":0.0,"enemies":"Spheric Guardian","floor":19.0,"turns":2.0},{"damage":0.0,"enemies":"Shelled Parasite and Fungi","floor":20.0,"turns":3.0},{"damage":0.0,"enemies":"Gremlin Leader","floor":23.0,"turns":2.0},{"damage":19,"enemies":"Slavers","floor":25,"turns":5},{"damage":0,"enemies":"Centurion and Healer","floor":29,"turns":2},{"damage":0,"enemies":"Replay:Snechameleon","floor":30,"turns":1},{"damage":0,"enemies":"Snake Plant","floor":31,"turns":1},{"damage":0,"enemies":"Collector","floor":33,"turns":1},{"damage":2,"enemies":"3 Darklings","floor":35,"turns":3},{"damage":0,"enemies":"Orb Walker","floor":38,"turns":1},{"damage":0,"enemies":"Sphere and 2 Shapes","floor":39,"turns":3},{"damage":0,"enemies":"R_Hoarder","floor":40,"turns":1},{"damage":2,"enemies":"Jaw Worm Horde","floor":41,"turns":3},{"damage":1,"enemies":"Reptomancer","floor":42,"turns":2},{"damage":0,"enemies":"R_Hoarder","floor":44,"turns":1},{"damage":0,"enemies":"Maw","floor":46,"turns":1},{"damage":0,"enemies":"Writhing Mass","floor":48,"turns":1},{"damage":0,"enemies":"Replay:Hell Engine","floor":50,"turns":2}],"seed_played":"3600219369741702733","potions_obtained":[{"floor":3.0,"key":"Block Potion"},{"floor":5.0,"key":"Strength Potion"},{"floor":14.0,"key":"SneckoOil"},{"floor":19.0,"key":"Strength Potion"},{"floor":30,"key":"ColorlessPotion"}],"is_trial":false,"path_per_floor":["M","M","M","$","M","R","E","R","T","R","E","?","R","M","R","B",null,"M","M","M","?","?","E","?","E","T","$","R","M","E","M","R","B",null,"M","?","$","M","M","E","M","E","T","E","$","M","?","M","R","B",null],"character_chosen":"IRONCLAD","items_purchased":["hubris:KleinBottle","Toolbox","Violence","Evolve"],"campfire_rested":2,"item_purchase_floors":[4,27,27,37],"current_hp_per_floor":[41,33,31,12,7,29,35,57,57,57,63,63,63,69,69,75,75,75,75,75,72,72,75,66,53,53,53,53,59,79,85,85,89,89,89,89,89,89,89,89,89,89,89,89,89,89,99,99,99,99],"gold":68,"neow_bonus":"ONE_RARE_RELIC","is_daily":false,"chose_seed":false,"campfire_upgraded":6,"win_rate":0.0,"timestamp":1613407082,"path_taken":["M","M","?","?","?","R","E","R","T","R","E","?","R","M","R","BOSS","M","?","M","?","?","E","?","E","T","$","R","?","E","M","R","BOSS","M","?","?","M","M","E","M","E","T","E","?","M","?","M","R","BOSS"],"items_purchased_type":["Relic","Relic","Card","Card"],"build_version":"2020-12-22","purchased_purges":3,"victory":true,"max_hp_per_floor":[75,75,75,75,75,75,75,75,75,75,75,75,75,75,75,75,75,75,75,75,75,75,75,75,75,75,75,75,75,89,89,89,89,89,89,89,89,89,89,89,89,89,89,89,89,89,99,99,99,99],"card_choices":[{"not_picked":["Clash","Headbutt"],"picked":"Sentinel","floor":1.0},{"not_picked":["Sword Boomerang","Replay:Undeath\u0027s Touch","hubris:CleavingFinish"],"picked":"SKIP","floor":2.0},{"not_picked":["Thunderclap","hubris:ReadiedAction"],"picked":"Pommel Strike","floor":3.0},{"not_picked":["infinitespire:Gouge","infinitespire:FutureSight"],"picked":"hubris:InfiniteBlow+32","floor":4.0},{"not_picked":["Body Slam","Heavy Blade","Infernal Blade"],"picked":"SKIP","floor":5.0},{"not_picked":["Dropkick","Dark Embrace","Run Through"],"picked":"SKIP","floor":7.0},{"not_picked":["Exhume","Replay:Undeath\u0027s Touch","Dual Wield"],"picked":"SKIP","floor":11.0},{"not_picked":["Inflame","Twin Strike","ReplayTheSpireMod:Muscle Training"],"picked":"SKIP","floor":14.0},{"not_picked":["Twin Strike+1","Headbutt","Cleave"],"picked":"SKIP","floor":18.0},{"not_picked":["Body Slam","Replay:Undeath\u0027s Touch","Anger"],"picked":"SKIP","floor":19.0},{"not_picked":["Armaments","Perfected Strike"],"picked":"True Grit","floor":20.0},{"not_picked":["Twin Strike","Clash","Armaments"],"picked":"SKIP","floor":23.0},{"not_picked":["Twin Strike","Clash"],"picked":"Armaments","floor":23.0},{"not_picked":["ReplayTheSpireMod:Strike From Hell","Heavy Blade"],"picked":"Pommel Strike","floor":25},{"not_picked":["ReplayTheSpireMod:Corrosion Curse+1","Inflame","Intimidate"],"picked":"SKIP","floor":29},{"not_picked":["Sword Boomerang","Pommel Strike"],"picked":"Shrug It Off+1","floor":30},{"not_picked":["Body Slam","Ghostly Armor","Anger"],"picked":"SKIP","floor":31},{"not_picked":["Body Slam","Wild Strike","Blood for Blood+1"],"picked":"SKIP","floor":35},{"not_picked":["Iron Wave","Shockwave","Evolve"],"picked":"SKIP","floor":38},{"not_picked":["Spot Weakness","Sword Boomerang"],"picked":"Power Through","floor":39},{"not_picked":["Demon Form","Seeing Red"],"picked":"Dark Embrace+1","floor":40},{"not_picked":["Intimidate","Sword Boomerang","Armaments"],"picked":"SKIP","floor":41},{"not_picked":["Sword Boomerang","Bludgeon"],"picked":"Barricade","floor":42},{"not_picked":["hubris:ReadiedAction+1","Armaments"],"picked":"Dual Wield","floor":44},{"not_picked":["Ghostly Armor","Flex+1"],"picked":"Shrug It Off","floor":46},{"not_picked":["ReplayTheSpireMod:Strike From Hell","Clash","infinitespire:OneForAll"],"picked":"SKIP","floor":48}],"player_experience":233604,"relics_obtained":[{"floor":7.0,"key":"hubris:DuctTape"},{"floor":9.0,"key":"hubris:TenFootPole"},{"floor":11.0,"key":"StrikeDummy"},{"floor":23.0,"key":"infinitespire:Eraser"},{"floor":24,"key":"Enchiridion"},{"floor":25,"key":"hubris:CrystalStatue"},{"floor":26,"key":"Omamori"},{"floor":30,"key":"Mango"},{"floor":40,"key":"Replay:Bottled Steam"},{"floor":42,"key":"FossilizedHelix"},{"floor":43,"key":"Pet Ghost"},{"floor":44,"key":"Replay:Towering Pillar of Hats"}],"event_choices":[{"damage_healed":0.0,"max_hp_gain":0.0,"max_hp_loss":0.0,"gold_gain":0.0,"event_name":"Upgrade Shrine","player_choice":"Upgraded","floor":12.0,"gold_loss":0.0,"damage_taken":0.0,"cards_upgraded":["Defend_R"]},{"damage_healed":0.0,"max_hp_gain":0.0,"max_hp_loss":0.0,"gold_gain":0.0,"event_name":"Nest","player_choice":"Joined the Cult","floor":21.0,"gold_loss":0.0,"damage_taken":6.0,"cards_obtained":["RitualDagger"]},{"damage_healed":0,"gold_gain":0,"player_choice":"Obtained Book","damage_taken":21,"max_hp_gain":0,"max_hp_loss":0,"event_name":"Cursed Tome","floor":24,"gold_loss":0},{"damage_healed":0,"gold_gain":0,"player_choice":"Upgraded","damage_taken":0,"max_hp_gain":0,"max_hp_loss":0,"event_name":"Upgrade Shrine","floor":36,"gold_loss":0,"cards_upgraded":["Pommel Strike"]},{"cards_removed":["Barricade"],"damage_healed":0,"gold_gain":0,"player_choice":"Offered Rare","damage_taken":0,"max_hp_gain":10,"max_hp_loss":0,"event_name":"Bonfire Elementals","floor":47,"gold_loss":0}],"is_beta":false,"boss_relics":[{"not_picked":["hubris:GrandSneckoEye","infinitespire:Cupcake"],"picked":"bronze:MakeshiftBattery"},{"not_picked":["hubris:Stopwatch","Kintsugi"],"picked":"Cursed Key"}],"items_purged_floors":[27,37,45],"is_endless":false,"potions_floor_spawned":[3,5,14,19,20,30,33,39,42,46,48],"ascension_level":16}}