{"host":"cjhtzh7tp54jdfyv","time":1613412954,"event":{"mods":["AchievementEnabler","BaseMod","Colored Map","Colored Powertips","Curses Come First","DeckTracker","Minty Spire (QoL Compilation)","RNG Fix","Relic Sorter","Relic Stats","StSLib","UnlockEverythingMod","ojb\u0027s Better Paths Mod","ojb\u0027s Info Mod"],"gold_per_floor":[114,131,148,148,158,158,158],"floor_reached":6,"language":"ENG","playtime":584,"items_purged":[],"score":76,"play_id":"fd835b31-3f1c-4ff8-83af-2caea82ce788","local_time":"20210215131554","is_ascension_mode":true,"campfire_choices":[],"circlet_count":0,"master_deck":["AscendersBane","Strike_P","Strike_P","Strike_P","Strike_P","Defend_P","Defend_P","Defend_P","Defend_P","Eruption+1","Vigilance","SashWhip","Consecrate","Weave"],"relics":["Coffee Dripper"],"acts_visited":["Exordium"],"potions_floor_usage":[5,5],"damage_taken":[{"damage":2,"enemies":"Cultist","floor":1,"turns":3},{"damage":4,"enemies":"Jaw Worm","floor":2,"turns":3},{"damage":8,"enemies":"2 Louse","floor":3,"turns":3},{"damage":18,"enemies":"Gremlin Gang","floor":5,"turns":4},{"damage":47,"enemies":"3 Sentries","floor":6,"turns":7}],"seed_played":"-6148060468807589709","potions_obtained":[{"floor":1,"key":"PowerPotion"},{"floor":3,"key":"GamblersBrew"}],"is_trial":false,"path_per_floor":["M","M","M","?","M","E"],"character_chosen":"WATCHER","items_purchased":[],"campfire_rested":0,"item_purchase_floors":[],"current_hp_per_floor":[59,55,47,47,29,0,0],"gold":158,"neow_bonus":"BOSS_RELIC","is_daily":false,"chose_seed":false,"campfire_upgraded":0,"win_rate":0.0,"timestamp":1613412954,"path_taken":["M","M","M","?","M","E"],"items_purchased_type":[],"build_version":"2020-12-22","purchased_purges":0,"victory":false,"max_hp_per_floor":[68,68,68,68,68,68,68],"relic_stats":{"counters":[5,20],"obtain_stats":[{"Coffee Dripper":0,"PureWater":0},{"Coffee Dripper":0,"PureWater":0},{"Coffee Dripper":0,"PureWater":0}]},"card_choices":[{"not_picked":["LikeWater","Worship"],"picked":"SashWhip","floor":1},{"not_picked":["ReachHeaven","Pray"],"picked":"Consecrate","floor":2},{"not_picked":["Halt","ThirdEye"],"picked":"Weave","floor":3},{"not_picked":["Crescendo","SandsOfTime","SashWhip"],"picked":"SKIP","floor":5}],"player_experience":4658443,"relics_obtained":[],"event_choices":[{"damage_healed":0,"gold_gain":0,"player_choice":"Forge","damage_taken":0,"max_hp_gain":0,"max_hp_loss":0,"event_name":"Accursed Blacksmith","floor":4,"gold_loss":0,"cards_upgraded":["Eruption"]}],"is_beta":false,"boss_relics":[],"items_purged_floors":[],"is_endless":false,"potions_floor_spawned":[1,3],"killed_by":"3 Sentries","ascension_level":20}}