{"host":"qxeepl7ydvsgmfdb","time":1613389422,"event":{"mods":["AchievementEnabler","BaseMod","Colored Powertips","Minty Spire (QoL Compilation)","Quick Restart","slay the spire mod where everything is the same but ironclad has a cowboy hat"],"gold_per_floor":[115,130,55,55,205,205,238,249,276,304,316,316,348,366,366,445,445,455,455,455,21,21,21,21],"floor_reached":23,"language":"ENG","playtime":959,"items_purged":[],"score":429,"play_id":"f5bd3315-5d91-4cc2-bc6c-7c378d099807","local_time":"20210215064342","is_ascension_mode":true,"campfire_choices":[{"data":"Poisoned Stab","floor":6,"key":"SMITH"},{"floor":12,"key":"REST"},{"floor":15,"key":"REST"}],"circlet_count":0,"master_deck":["AscendersBane","Strike_G","Strike_G","Strike_G","Defend_G","Defend_G","Defend_G","Defend_G","Defend_G","Survivor","Neutralize","Poisoned Stab+1","Doubt","Blade Dance","All Out Attack","Cloak And Dagger","Accuracy","Cloak And Dagger","Cloak And Dagger","Dramatic Entrance"],"relics":["Ring of the Snake","NeowsBlessing","Snake Skull","Vajra","Calipers","Nunchaku","Lizard Tail"],"acts_visited":["Exordium","TheCity"],"potions_floor_usage":[10,13,23],"damage_taken":[{"damage":0,"enemies":"Jaw Worm","floor":1,"turns":1},{"damage":0,"enemies":"2 Louse","floor":2,"turns":1},{"damage":0,"enemies":"Gremlin Nob","floor":7,"turns":1},{"damage":0,"enemies":"Small Slimes","floor":8,"turns":3},{"damage":26,"enemies":"Lagavulin","floor":10,"turns":7},{"damage":4,"enemies":"3 Louse","floor":11,"turns":2},{"damage":17,"enemies":"3 Sentries","floor":13,"turns":5},{"damage":0,"enemies":"Large Slime","floor":14,"turns":5},{"damage":50,"enemies":"Hexaghost","floor":16,"turns":10},{"damage":22,"enemies":"Shell Parasite","floor":18,"turns":7},{"damage":80,"enemies":"Book of Stabbing","floor":23,"turns":7}],"seed_played":"5144922326583821200","potions_obtained":[{"floor":1,"key":"Regen Potion"},{"floor":2,"key":"BlessingOfTheForge"},{"floor":8,"key":"Fire Potion"},{"floor":11,"key":"Regen Potion"}],"is_trial":false,"path_per_floor":["M","M","?","?","?","R","E","M","T","E","M","R","E","M","R","B",null,"M","?","?","$","?","E"],"character_chosen":"THE_SILENT","items_purchased":["Lizard Tail","Dramatic Entrance"],"campfire_rested":2,"item_purchase_floors":[21,21],"current_hp_per_floor":[59,59,59,52,52,52,52,52,52,26,22,41,38,38,57,7,51,29,42,42,42,24,0,0],"gold":21,"neow_bonus":"THREE_ENEMY_KILL","is_daily":false,"chose_seed":false,"campfire_upgraded":1,"win_rate":0.0,"timestamp":1613389422,"path_taken":["M","M","?","?","?","R","E","M","T","E","M","R","E","M","R","BOSS","M","?","?","$","?","E"],"items_purchased_type":["Relic","Card"],"build_version":"2020-12-22","purchased_purges":0,"victory":false,"max_hp_per_floor":[66,66,66,66,66,66,66,66,66,66,66,66,66,66,66,66,66,66,66,66,66,71,71,71],"card_choices":[{"not_picked":["Masterful Stab","Sucker Punch"],"picked":"Poisoned Stab","floor":1},{"not_picked":["Bane","Quick Slash","Leg Sweep"],"picked":"SKIP","floor":2},{"not_picked":["Prepared","Setup"],"picked":"Blade Dance","floor":7},{"not_picked":["Outmaneuver","Crippling Poison","Concentrate"],"picked":"SKIP","floor":8},{"not_picked":["Quick Slash","Dagger Spray"],"picked":"All Out Attack","floor":10},{"not_picked":["Tactician","Outmaneuver"],"picked":"Cloak And Dagger","floor":11},{"not_picked":["Cloak And Dagger","Dagger Spray"],"picked":"Accuracy","floor":13},{"not_picked":["Grand Finale","Dagger Throw"],"picked":"Cloak And Dagger","floor":14},{"not_picked":["Dodge and Roll","Slice"],"picked":"Cloak And Dagger","floor":18}],"player_experience":152729,"relics_obtained":[{"floor":7,"key":"Snake Skull"},{"floor":9,"key":"Vajra"},{"floor":10,"key":"Calipers"},{"floor":13,"key":"Nunchaku"}],"event_choices":[{"cards_removed":["Strike_G"],"damage_healed":0,"gold_gain":0,"player_choice":"Card Removal","damage_taken":0,"max_hp_gain":0,"max_hp_loss":0,"event_name":"The Cleric","floor":3,"gold_loss":75},{"cards_removed":["Strike_G"],"damage_healed":0,"gold_gain":0,"player_choice":"Card Removal","damage_taken":7,"max_hp_gain":0,"max_hp_loss":0,"event_name":"Golden Wing","floor":4,"gold_loss":0},{"damage_healed":0,"gold_gain":150,"player_choice":"AGREE","damage_taken":0,"max_hp_gain":0,"max_hp_loss":0,"event_name":"Liars Game","floor":5,"gold_loss":0,"cards_obtained":["Doubt"]},{"damage_healed":13,"gold_gain":0,"player_choice":"Heal","damage_taken":0,"max_hp_gain":0,"max_hp_loss":0,"event_name":"The Library","floor":19,"gold_loss":0},{"damage_healed":0,"gold_gain":0,"player_choice":"Ignored","damage_taken":0,"max_hp_gain":0,"max_hp_loss":0,"event_name":"Ghosts","floor":20,"gold_loss":0},{"damage_healed":0,"gold_gain":0,"player_choice":"Shed Blood","damage_taken":23,"max_hp_gain":5,"max_hp_loss":0,"event_name":"Forgotten Altar","floor":22,"gold_loss":0}],"is_beta":false,"boss_relics":[{"not_picked":["Pandora\u0027s Box","Coffee Dripper","Sozu"]}],"items_purged_floors":[],"is_endless":false,"potions_floor_spawned":[1,2,8,11],"killed_by":"Book of Stabbing","ascension_level":17}}