{"host":"tom9euzqew4po1rs","time":1613419414,"event":{"mods":["BaseMod","Curses Come First","Downfall","Minty Spire (QoL Compilation)","Quick Restart","Rare Cards Sparkle","Replay The Spire","StSLib"],"gold_per_floor":[110,185,185,195,195,195,224,224,224,252,271,271,271,281,281,376,376,392,44,44,44,59,59,75,75,99,127,127,162,162,188,188,285,285,302,4,16,16,16,16,16],"floor_reached":39,"language":"ENG","playtime":2828,"items_purged":[],"score":468,"play_id":"fdc28873-a36e-4f3c-bb8a-7e79d9710860","local_time":"20210215150334","is_ascension_mode":false,"campfire_choices":[{"floor":6,"key":"REST"},{"data":"bronze:Mutator","floor":8,"key":"SMITH"},{"data":"bronze:BuggyMess","floor":12,"key":"SMITH"},{"data":"bronze:Repulsor","floor":15,"key":"SMITH"},{"floor":23,"key":"RECALL"},{"data":"bronze:Shell","floor":25,"key":"SMITH"},{"data":"bronze:HardenedForm","floor":28,"key":"SMITH"},{"data":"bronze:BuggyMess","floor":32,"key":"SMITH"}],"circlet_count":0,"master_deck":["bronze:Strike","bronze:Strike","bronze:Strike","bronze:Defend+1","bronze:Defend+1","bronze:Defend+1","bronze:Defend","bronze:Replicate+1","bronze:Goto+1","bronze:Boost+1","bronze:Repair","bronze:Mutator+1","bronze:Repulsor+1","bronze:BuggyMess+1","bronze:Repair","bronze:HardenedForm+1","bronze:BronzeArmor+1","bronze:Optimize","bronze:Virus+1","Normality","Pain","bronze:BugBarrage","bronze:Shell+1","bronze:Optimize+1","bronze:BuggyMess+1","bronze:FineTuning+1","bronze:HardenedForm+1","bronze:BuggyMess","Pot Of Greed","Pot Of Greed","Pot Of Greed","bronze:Allocate+1"],"relics":["bronze:PlatinumCore","Blue Candle","Happy Flower","Replay:WaspNest","Letter Opener","Incense Burner","Sling","WarpedTongs","Onion Ring","War Paint","Replay:Mystery Machine","Painkiller Herb","Grinning Jar","Guide Book"],"acts_visited":["Exordium","TheCity","TheBeyond"],"potions_floor_usage":[7,10,16,22,29,29,31],"damage_taken":[{"damage":3,"enemies":"Small Slimes","floor":1,"turns":3},{"damage":0,"enemies":"Jaw Worm","floor":4,"turns":3},{"damage":3,"enemies":"Lagavulin","floor":7,"turns":7},{"damage":36,"enemies":"Gremlin Nob","floor":10,"turns":4},{"damage":0,"enemies":"2 Louse","floor":11,"turns":3},{"damage":0,"enemies":"Large Slime","floor":14,"turns":6},{"damage":41,"enemies":"The Guardian","floor":16,"turns":10},{"damage":6,"enemies":"3 Byrds","floor":18,"turns":3},{"damage":9,"enemies":"Shell Parasite","floor":22,"turns":4},{"damage":15,"enemies":"Chosen and Byrds","floor":24,"turns":5},{"damage":4,"enemies":"Replay:Snechameleon","floor":27,"turns":6},{"damage":45,"enemies":"Gremlin Leader","floor":29,"turns":7},{"damage":0,"enemies":"Slavers","floor":31,"turns":4},{"damage":15,"enemies":"Champ","floor":33,"turns":11},{"damage":10,"enemies":"Orb Walker","floor":35,"turns":2},{"damage":2,"enemies":"3 Darklings","floor":37,"turns":5},{"damage":102,"enemies":"Transient","floor":39,"turns":5}],"seed_played":"2123132779507083501","potions_obtained":[{"floor":1,"key":"PowerPotion"},{"floor":7,"key":"Regen Potion"},{"floor":10,"key":"Explosive Potion"},{"floor":16,"key":"champ:CounterPotion"},{"floor":22,"key":"GamblersBrew"},{"floor":27,"key":"AttackPotion"},{"floor":29,"key":"Guardian:BlockOnCardUsePotion"},{"floor":35,"key":"Elixir"}],"is_trial":false,"path_per_floor":["M","?","?","M","?","R","E","R","T","E","M","R","?","M","R","B",null,"M","$","?","?","M","R","M","R","T","E","R","E","?","E","R","B",null,"?","T","?","?","?"],"character_chosen":"THE_AUTOMATON","items_purchased":["bronze:Optimize","Sling","bronze:Virus+1","Grinning Jar","Guide Book"],"campfire_rested":1,"item_purchase_floors":[19,19,19,36,36],"current_hp_per_floor":[67,56,42,42,37,58,65,65,65,39,46,46,39,46,46,19,70,70,70,70,70,70,70,68,68,68,67,67,35,35,52,52,57,70,60,60,70,70,0,0,0],"gold":16,"neow_bonus":"RANDOM_EVENT","is_daily":false,"chose_seed":false,"campfire_upgraded":6,"win_rate":0.0,"timestamp":1613419414,"path_taken":["M","?","?","M","?","R","E","R","T","E","M","R","?","M","R","BOSS","M","$","?","?","?","R","M","R","T","E","R","E","?","E","R","BOSS","?","T","?","?","?"],"items_purchased_type":["Card","Relic","Card","Relic","Relic"],"build_version":"2020-12-22","purchased_purges":0,"victory":false,"max_hp_per_floor":[70,70,70,70,70,70,70,70,70,70,70,70,70,70,70,70,70,70,70,70,70,70,70,70,70,70,70,70,70,70,70,70,70,70,70,70,70,70,70,70,70],"card_choices":[{"not_picked":["bronze:ForLoop","bronze:Iterate"],"picked":"bronze:Boost","floor":1},{"not_picked":["bronze:ChosenStrike","bronze:BitShift"],"picked":"bronze:Repair","floor":4},{"not_picked":["bronze:Overload","bronze:BuggyMess"],"picked":"bronze:Mutator","floor":7},{"not_picked":["bronze:Safeguard","bronze:Overload"],"picked":"bronze:Repulsor","floor":10},{"not_picked":["bronze:BitShift","bronze:DelayedGuard"],"picked":"bronze:BuggyMess","floor":11},{"not_picked":["bronze:CutThrough","bronze:Return"],"picked":"bronze:Repair","floor":14},{"not_picked":["bronze:Format","bronze:HyperBeam"],"picked":"bronze:HardenedForm","floor":16},{"not_picked":["bronze:Invalidate","bronze:Iterate"],"picked":"bronze:BronzeArmor+1","floor":18},{"not_picked":["bronze:Fortify+1","bronze:Repulsor"],"picked":"bronze:BugBarrage","floor":22},{"not_picked":["bronze:Overheat","bronze:Frontload"],"picked":"bronze:Shell","floor":24},{"not_picked":["bronze:ForLoop","bronze:Iterate"],"picked":"bronze:Optimize+1","floor":27},{"not_picked":["bronze:FindAndReplace","bronze:MaxOutput"],"picked":"bronze:BuggyMess","floor":29},{"not_picked":["bronze:BitShift","bronze:Shield"],"picked":"bronze:FineTuning+1","floor":31},{"not_picked":["bronze:HyperBeam","bronze:Format"],"picked":"bronze:HardenedForm","floor":33},{"not_picked":["bronze:Overheat+1","bronze:FineTuning"],"picked":"bronze:BuggyMess","floor":35},{"not_picked":["bronze:DelayedGuard","bronze:ForceShield+1"],"picked":"bronze:Allocate+1","floor":37}],"player_experience":155260,"relics_obtained":[{"floor":7,"key":"Happy Flower"},{"floor":9,"key":"Replay:WaspNest"},{"floor":10,"key":"Letter Opener"},{"floor":27,"key":"Onion Ring"},{"floor":29,"key":"War Paint"},{"floor":31,"key":"Replay:Mystery Machine"}],"event_choices":[{"damage_healed":0,"gold_gain":75,"player_choice":"Gather Gold","damage_taken":11,"max_hp_gain":0,"max_hp_loss":0,"event_name":"World of Goop","floor":2,"gold_loss":0},{"damage_healed":0,"gold_gain":0,"player_choice":"Entered Light","damage_taken":14,"max_hp_gain":0,"max_hp_loss":0,"event_name":"Shining Light","floor":3,"gold_loss":0,"cards_upgraded":["bronze:Defend","bronze:Replicate"]},{"damage_healed":0,"gold_gain":0,"player_choice":"Success","damage_taken":7,"relics_obtained":["Incense Burner"],"max_hp_gain":0,"max_hp_loss":0,"event_name":"Scrap Ooze","floor":13,"gold_loss":0},{"damage_healed":0,"gold_gain":0,"player_choice":"Ignored","damage_taken":0,"max_hp_gain":0,"max_hp_loss":0,"event_name":"Cursed Tome","floor":30,"gold_loss":0},{"cards_removed":["bronze:Strike"],"damage_healed":0,"gold_gain":0,"player_choice":"Removed Attack","damage_taken":0,"max_hp_gain":0,"max_hp_loss":0,"event_name":"Falling","floor":38,"gold_loss":0}],"is_beta":false,"boss_relics":[{"not_picked":["Cursed Key","Replay:Drink Me"],"picked":"bronze:PlatinumCore"},{"not_picked":["Coffee Dripper","Pandora\u0027s Box"],"picked":"Painkiller Herb"}],"items_purged_floors":[],"is_endless":false,"potions_floor_spawned":[1,7,10,16,22,27,29,35],"killed_by":"Transient","ascension_level":0}}