{"host":"hrvs05np4ys7itky","time":1613364803,"event":{"mods":["BaseMod","Colored Map","Colored Powertips","Downfall","Emptier Cage","Hermit","Highlight Path","Minty Spire (QoL Compilation)","Permanent Neow","Rare Cards Sparkle","Relic Stats","StSLib","everything is the same but u backflip on backflip"],"gold_per_floor":[119,130,145,60,77,77,77,106,106,8,38,51,81,105,105,177,177,189,200,125,125,30,30,61,61,61,96,108,198,98,109,109,109,109],"floor_reached":33,"language":"ENG","playtime":2199,"items_purged":["Regret","Decay"],"score":574,"play_id":"70c6449d-e9ad-4d9b-837a-8170414743d3","local_time":"20210214235323","is_ascension_mode":true,"campfire_choices":[{"data":"Apotheosis","floor":6.0,"key":"SMITH"},{"floor":15.0,"key":"REST"},{"data":"Tools of the Trade","floor":23.0,"key":"SMITH"},{"floor":25.0,"key":"REST"},{"floor":32.0,"key":"REST"}],"circlet_count":0,"master_deck":["AscendersBane","Strike_G","Strike_G+1","Strike_G","Strike_G+1","Defend_G","Defend_G","Defend_G","Defend_G","Defend_G","Survivor","Neutralize","Apotheosis+1","Dagger Throw","Crippling Poison","PiercingWail","Finesse","Deflect","Deflect","Blur","Cloak And Dagger","Blade Dance","Tools of the Trade+1","Accuracy","Acrobatics","Cloak And Dagger","Noxious Fumes","Accuracy"],"relics":["Ring of the Snake","Singing Bowl","Orichalcum","Letter Opener","Whetstone","Blue Candle","Odd Mushroom","Philosopher\u0027s Stone","HornCleat","Eternal Feather","Tingsha"],"acts_visited":["Exordium","TheCity"],"potions_floor_usage":[33],"damage_taken":[{"damage":0.0,"enemies":"2 Louse","floor":1.0,"turns":4.0},{"damage":4.0,"enemies":"Jaw Worm","floor":2.0,"turns":3.0},{"damage":0.0,"enemies":"Cultist","floor":3.0,"turns":4.0},{"damage":0.0,"enemies":"Red Slaver","floor":5.0,"turns":6.0},{"damage":25.0,"enemies":"Gremlin Nob","floor":8.0,"turns":5.0},{"damage":0.0,"enemies":"Lagavulin","floor":11.0,"turns":8.0},{"damage":0.0,"enemies":"Looter","floor":12.0,"turns":3.0},{"damage":10.0,"enemies":"Gremlin Nob","floor":13.0,"turns":5.0},{"damage":2.0,"enemies":"The Mushroom Lair","floor":14.0,"turns":5.0},{"damage":9.0,"enemies":"Slime Boss","floor":16.0,"turns":13.0},{"damage":0.0,"enemies":"Chosen","floor":18.0,"turns":5.0},{"damage":13.0,"enemies":"Spheric Guardian","floor":19.0,"turns":4.0},{"damage":31.0,"enemies":"Slavers","floor":24.0,"turns":6.0},{"damage":14.0,"enemies":"Gremlin Leader","floor":27.0,"turns":8.0},{"damage":0.0,"enemies":"Cultist and Chosen","floor":28.0,"turns":6.0},{"damage":0.0,"enemies":"Centurion and Healer","floor":31.0,"turns":6.0},{"damage":26,"enemies":"Collector","floor":33,"turns":7}],"seed_played":"478867974138584020","potions_obtained":[{"floor":5.0,"key":"SpeedPotion"},{"floor":11.0,"key":"Ancient Potion"},{"floor":16.0,"key":"Poison Potion"},{"floor":24.0,"key":"EssenceOfSteel"},{"floor":27.0,"key":"champ:CounterPotion"}],"is_trial":false,"path_per_floor":["M","M","M","$","M","R","?","E","T","$","E","M","E","?","R","B",null,"M","M","?","?","$","R","E","R","T","E","M","?","$","M","R","B"],"character_chosen":"THE_SILENT","items_purchased":["Finesse","Deflect","Accuracy","Acrobatics"],"campfire_rested":3,"item_purchase_floors":[4,10,22,22],"current_hp_per_floor":[59,55,55,55,55,55,55,30,30,30,32,32,22,20,38,29,54,56,45,45,45,45,45,14,33,33,21,21,9,9,9,44,18,18],"gold":109,"neow_bonus":"RANDOM_COLORLESS_2","is_daily":false,"chose_seed":false,"campfire_upgraded":2,"win_rate":0.0,"timestamp":1613364803,"path_taken":["M","M","M","$","M","R","?","E","T","$","E","M","E","?","R","BOSS","M","M","?","?","$","R","E","R","T","E","M","?","$","M","R","BOSS"],"items_purchased_type":["Card","Card","Card","Card"],"build_version":"2020-12-22","purchased_purges":2,"victory":false,"max_hp_per_floor":[60,60,60,60,60,60,60,60,60,60,62,62,62,62,62,62,62,64,66,66,66,66,66,66,66,66,68,68,68,68,68,68,68,68],"relic_stats":{"Singing Bowl":8,"counters":[17,98],"Blue Candle":[0],"Eternal Feather":15,"Tingsha":[43],"Letter Opener":[304],"Whetstone":["Strike_G","Strike_G"],"Orichalcum":[72],"obtain_stats":[{"HornCleat":24,"Singing Bowl":7,"Blue Candle":13,"Philosopher\u0027s Stone":17,"Eternal Feather":26,"Tingsha":27,"Letter Opener":9,"Whetstone":11,"Orichalcum":8,"Odd Mushroom":14,"Ring of the Snake":0},{"HornCleat":13,"Singing Bowl":4,"Blue Candle":8,"Philosopher\u0027s Stone":10,"Eternal Feather":13,"Tingsha":14,"Letter Opener":5,"Whetstone":6,"Orichalcum":5,"Odd Mushroom":9,"Ring of the Snake":0},{"HornCleat":71,"Singing Bowl":17,"Blue Candle":38,"Philosopher\u0027s Stone":56,"Eternal Feather":71,"Tingsha":79,"Letter Opener":22,"Whetstone":30,"Orichalcum":22,"Odd Mushroom":43,"Ring of the Snake":0}],"Ring of the Snake":[34]},"card_choices":[{"not_picked":["The Bomb","Panache"],"picked":"Apotheosis","floor":0.0},{"not_picked":["Blade Dance","Outmaneuver"],"picked":"Dagger Throw","floor":1.0},{"not_picked":["Deflect","Quick Slash"],"picked":"Crippling Poison","floor":2.0},{"not_picked":["Reflex","Dodge and Roll"],"picked":"PiercingWail","floor":3.0},{"not_picked":["Sucker Punch","Catalyst","Setup"],"picked":"SKIP","floor":5.0},{"not_picked":["Flying Knee","Blur"],"picked":"Deflect","floor":8.0},{"not_picked":["Calculated Gamble","Bane","Prepared"],"picked":"Singing Bowl","floor":11.0},{"not_picked":["Prepared","Die Die Die"],"picked":"Blur","floor":12.0},{"not_picked":["Escape Plan","Riddle With Holes"],"picked":"Cloak And Dagger","floor":13.0},{"not_picked":["Prepared","Skewer"],"picked":"Blade Dance","floor":14.0},{"not_picked":["Night Terror","Unload"],"picked":"Tools of the Trade","floor":16.0},{"not_picked":["Infinite Blades","Tactician","Masterful Stab"],"picked":"Singing Bowl","floor":18.0},{"not_picked":["Prepared","Sucker Punch","Expertise"],"picked":"Singing Bowl","floor":19.0},{"not_picked":["Calculated Gamble","Underhanded Strike"],"picked":"Cloak And Dagger","floor":24.0},{"not_picked":["Underhanded Strike","Quick Slash","Poisoned Stab"],"picked":"Singing Bowl","floor":27.0},{"not_picked":["Cloak And Dagger","Bane"],"picked":"Noxious Fumes","floor":28.0},{"not_picked":["Underhanded Strike","Backflip"],"picked":"Accuracy","floor":31.0}],"player_experience":1084724,"relics_obtained":[{"floor":8.0,"key":"Orichalcum"},{"floor":9.0,"key":"Letter Opener"},{"floor":11.0,"key":"Whetstone"},{"floor":13.0,"key":"Blue Candle"},{"floor":14.0,"key":"Odd Mushroom"},{"floor":24.0,"key":"HornCleat"},{"floor":26.0,"key":"Eternal Feather"},{"floor":27.0,"key":"Tingsha"}],"event_choices":[{"damage_healed":0.0,"max_hp_gain":0.0,"max_hp_loss":0.0,"gold_gain":0.0,"event_name":"Big Fish","player_choice":"Box","floor":7.0,"gold_loss":0.0,"damage_taken":0.0,"relics_obtained":["Singing Bowl"],"cards_obtained":["Regret"]},{"damage_healed":0.0,"max_hp_gain":0.0,"max_hp_loss":0.0,"gold_gain":0.0,"event_name":"Mushrooms","player_choice":"Fought Mushrooms","floor":14.0,"gold_loss":0.0,"damage_taken":0.0},{"cards_removed":["Strike_G"],"damage_healed":0.0,"max_hp_gain":0.0,"max_hp_loss":0.0,"gold_gain":0.0,"event_name":"Beggar","player_choice":"Gave Gold","floor":20.0,"gold_loss":75.0,"damage_taken":0.0},{"damage_healed":0.0,"max_hp_gain":0.0,"max_hp_loss":0.0,"gold_gain":0.0,"event_name":"Forgotten Altar","player_choice":"Smashed Altar","floor":21.0,"gold_loss":0.0,"damage_taken":0.0,"cards_obtained":["Decay"]},{"damage_healed":0.0,"max_hp_gain":0.0,"max_hp_loss":0.0,"gold_gain":90.0,"event_name":"Knowing Skull","player_choice":"GOLD ","floor":29.0,"potions_obtained":[],"gold_loss":0.0,"damage_taken":12.0,"cards_obtained":[]}],"is_beta":false,"boss_relics":[{"not_picked":["Runic Dome","Tiny House"],"picked":"Philosopher\u0027s Stone"}],"items_purged_floors":[10,30],"is_endless":false,"potions_floor_spawned":[5,11,12,13,16,24,27],"killed_by":"Collector","ascension_level":15}}