{"host":"bvp2uifzy1c463d9","time":1613433313,"event":{"mods":["AchievementEnabler","BaseMod","Better Note","Block Reminder","Bossed Relics","ChefMod","Colored Map","Colored Powertips","Energized Spire","Hermit","Highlight Path","Hubris","Infinite Spire","Minty Spire (QoL Compilation)","Random Character Button","Relic Sorter","Relic Stats","Reliquary","Replay The Spire","Robot Space Explorer","StSLib","The Blue Laboratory","The Jungle","The Servant 0.9.4","Wandering Minibosses"],"gold_per_floor":[110,127,142,142,152,152,184,199,199,217,71,71,71,97,97,193,193,204,222,305,321,333,333,352,377,403,436,436,436,436,436],"floor_reached":30,"language":"ENG","playtime":2327,"items_purged":["chefmod:QuickThaw"],"score":310,"play_id":"030c1be7-f979-474f-97a6-693b67e70b88","local_time":"20210215175513","is_ascension_mode":true,"campfire_choices":[{"data":"chefmod:BaoBuns","floor":6,"key":"SMITH"},{"data":"chefmod:CuttingBoard","floor":13,"key":"SMITH"},{"data":"chefmod:DinoKale","floor":15,"key":"SMITH"},{"floor":23,"key":"REST"},{"floor":29,"key":"REST"}],"circlet_count":0,"master_deck":["chefmod:Strike","chefmod:Strike","chefmod:Strike","chefmod:Defend","chefmod:Defend","chefmod:Defend","chefmod:Defend","chefmod:TodaysSpecial+1","chefmod:FireUp","chefmod:BaoBuns+1","chefmod:DinoKale+1","chefmod:BleedOut","chefmod:DimSum+1","chefmod:BaoBuns","chefmod:CuttingBoard+1","chefmod:BananaSplit","chefmod:Sorbet","chefmod:FreshProduce","ReplayTheSpireMod:Splinters","chefmod:SearedScallops","chefmod:DinoKale+1","chefmod:SliceAndDice","chefmod:Bruschetta"],"relics":["chefmod:TrustyPot","Boot","Shuriken","Strawberry","SlaversCollar","Replay:Baseball","reliquary:Knoch","reliquary:PrincelyHelmet"],"acts_visited":["Exordium","TheCity"],"potions_floor_usage":[14,25,25],"damage_taken":[{"damage":0,"enemies":"Small Slimes","floor":1,"turns":3},{"damage":2,"enemies":"Jaw Worm","floor":2,"turns":5},{"damage":2,"enemies":"2 Louse","floor":3,"turns":2},{"damage":0,"enemies":"2 Fungi Beasts","floor":5,"turns":4},{"damage":19,"enemies":"3 Sentries","floor":7,"turns":14},{"damage":0,"enemies":"Exordium Thugs","floor":8,"turns":7},{"damage":2,"enemies":"Large Slime","floor":10,"turns":8},{"damage":13,"enemies":"Gremlin Nob","floor":14,"turns":5},{"damage":6,"enemies":"Hexaghost","floor":16,"turns":20},{"damage":24,"enemies":"Chosen","floor":18,"turns":9},{"damage":1,"enemies":"Shell Parasite","floor":19,"turns":11},{"damage":49,"enemies":"Cultist and Chosen","floor":21,"turns":12},{"damage":7,"enemies":"Centurion and Healer","floor":22,"turns":16},{"damage":21,"enemies":"Snake Plant","floor":24,"turns":6},{"damage":36,"enemies":"Slavers","floor":25,"turns":8},{"damage":18,"enemies":"Book of Stabbing","floor":27,"turns":10},{"damage":52,"enemies":"Cultist and Chosen","floor":30,"turns":7}],"seed_played":"8603263190432844986","potions_obtained":[{"floor":7,"key":"Explosive Potion"},{"floor":8,"key":"SteroidPotion"},{"floor":10,"key":"blueLaboratory:ForbiddenFruitJuice"},{"floor":14,"key":"PowerPotion"},{"floor":25,"key":"blueLaboratory:SavagePotion"},{"floor":27,"key":"Adrenaline Potion"}],"is_trial":false,"path_per_floor":["M","M","M","?","M","R","E","M","T","M","$","?","R","E","R","B",null,"M","M","?","M","M","R","M","E","T","E","?","R","M"],"character_chosen":"THE_CHEF","items_purchased":["chefmod:CuttingBoard"],"campfire_rested":2,"item_purchase_floors":[11],"current_hp_per_floor":[76,74,72,72,72,72,53,53,53,51,51,51,51,45,45,39,83,59,58,58,9,2,26,5,37,37,19,19,40,0,0],"gold":436,"neow_bonus":"REMOVE_CARD","is_daily":false,"chose_seed":false,"campfire_upgraded":3,"win_rate":0.0,"timestamp":1613433313,"path_taken":["M","M","M","?","M","R","E","M","T","M","$","?","R","E","R","BOSS","M","M","?","M","M","R","M","E","T","E","?","R","M"],"items_purchased_type":["Card"],"build_version":"2020-12-22","purchased_purges":1,"victory":false,"max_hp_per_floor":[76,76,76,76,76,76,76,76,76,76,76,76,76,83,83,83,83,83,83,83,83,83,83,83,73,73,73,73,73,73,73],"relic_stats":{"counters":[17,147],"Shuriken":[4],"Boot":[55],"obtain_stats":[{"chefmod:TrustyPot":0,"SlaversCollar":17,"Replay:Baseball":25,"Shuriken":9,"reliquary:PrincelyHelmet":27,"Strawberry":14,"reliquary:Knoch":26,"Boot":7},{"chefmod:TrustyPot":0,"SlaversCollar":9,"Replay:Baseball":15,"Shuriken":6,"reliquary:PrincelyHelmet":16,"Strawberry":8,"reliquary:Knoch":15,"Boot":5},{"chefmod:TrustyPot":0,"SlaversCollar":68,"Replay:Baseball":130,"Shuriken":35,"reliquary:PrincelyHelmet":140,"Strawberry":48,"reliquary:Knoch":130,"Boot":28}]},"card_choices":[{"not_picked":["chefmod:TonkotsuRamen","chefmod:Granita","chefmod:ZaruSoba"],"picked":"SKIP","floor":1},{"not_picked":["chefmod:ZaruSoba","chefmod:Gelato"],"picked":"chefmod:FireUp","floor":2},{"not_picked":["chefmod:Granita","chefmod:FarmersMarket"],"picked":"chefmod:BaoBuns","floor":3},{"not_picked":["chefmod:FryPan","chefmod:AlooGobi"],"picked":"chefmod:DinoKale","floor":5},{"not_picked":["chefmod:Chop","chefmod:KnifeFlurry"],"picked":"chefmod:BleedOut","floor":7},{"not_picked":["chefmod:ColdSteel","chefmod:NewMenu"],"picked":"chefmod:DimSum","floor":8},{"not_picked":["chefmod:DimSum","chefmod:Fillet"],"picked":"chefmod:BaoBuns","floor":10},{"not_picked":["chefmod:IceCreamCone","chefmod:NoSoupForYou","chefmod:CuttingBoard"],"picked":"SKIP","floor":14},{"not_picked":["chefmod:TwoForOne","chefmod:DeathByChocolate"],"picked":"chefmod:BananaSplit","floor":16},{"not_picked":["chefmod:ColdSteel+1","chefmod:GroceryDelivery"],"picked":"chefmod:Sorbet","floor":18},{"not_picked":["chefmod:Sorbet+1","chefmod:FryPan"],"picked":"chefmod:FreshProduce","floor":19},{"not_picked":["chefmod:ColdSteel","chefmod:FullCourseMeal"],"picked":"chefmod:SearedScallops","floor":20},{"not_picked":["chefmod:HotSoup+1","chefmod:IcePick"],"picked":"chefmod:DinoKale+1","floor":20},{"not_picked":["chefmod:Puree+1","chefmod:OldCookbook"],"picked":"chefmod:SliceAndDice","floor":20},{"not_picked":["chefmod:LiquidNitrogen","chefmod:IcePick+1"],"picked":"chefmod:Bruschetta","floor":21},{"not_picked":["chefmod:Defrost+1","chefmod:DinoKale","chefmod:HotSoup"],"picked":"SKIP","floor":22},{"not_picked":["chefmod:QuickChop","chefmod:FrozenTuna","chefmod:Sorbet"],"picked":"SKIP","floor":24},{"not_picked":["chefmod:HotSoup+1","chefmod:IcePick","chefmod:Gelato"],"picked":"SKIP","floor":25},{"not_picked":["chefmod:PotatoGratin","chefmod:DinoKale","chefmod:CapreseSalad"],"picked":"SKIP","floor":27}],"player_experience":387079,"relics_obtained":[{"floor":7,"key":"Boot"},{"floor":9,"key":"Shuriken"},{"floor":14,"key":"Strawberry"},{"floor":25,"key":"Replay:Baseball"},{"floor":26,"key":"reliquary:Knoch"},{"floor":27,"key":"reliquary:PrincelyHelmet"}],"event_choices":[{"damage_healed":0,"gold_gain":0,"player_choice":"Ignored","damage_taken":0,"max_hp_gain":0,"max_hp_loss":0,"event_name":"The Mausoleum","floor":28,"gold_loss":0}],"is_beta":false,"boss_relics":[{"not_picked":["reliquary:KinkedSpring","Replay:Fungal Core"],"picked":"SlaversCollar"}],"items_purged_floors":[11],"is_endless":false,"potions_floor_spawned":[7,8,10,14,18,22,25,27],"killed_by":"Cultist and Chosen","ascension_level":2}}