{"host":"q393yg6r5o2yq652","time":1613408193,"event":{"mods":["BaseMod","Colored Map","Minty Spire (QoL Compilation)","Permanent Neow","Relic Stats","everything is the same but u backflip on backflip"],"gold_per_floor":[111,30,30,50,50,81,81,97,143,143,175,201,240,267,279,387,399,422,451,463,493,525,537,560,582,662,700,235,267,286,300,300,403,403,431,431,448,477,231,263,263,289,315,345,365,385,109,138,138,138,138,138,12,56,56],"floor_reached":56,"language":"ENG","playtime":1631,"items_purged":["Defend_R","Defend_R","Strike_R"],"score":1457,"play_id":"0cc54979-014d-4148-aae2-f5a058707a27","local_time":"20210215115633","is_ascension_mode":true,"campfire_choices":[{"data":"Inflame","floor":7.0,"key":"SMITH"},{"data":"Sword Boomerang","floor":15.0,"key":"SMITH"},{"data":"Flex","floor":23.0,"key":"SMITH"},{"data":"Limit Break","floor":32.0,"key":"SMITH"},{"data":"Flex","floor":41.0,"key":"SMITH"},{"floor":49.0,"key":"RECALL"},{"data":"Bash","floor":52.0,"key":"SMITH"}],"circlet_count":0,"master_deck":["Strike_R","Strike_R","Strike_R","Strike_R","Bash+1","Inflame+1","Sword Boomerang+1","Limit Break+1","Flex+1","Cleave+1","Flex+1","Twin Strike+1","Flex+1","Pummel+1","Twin Strike+1"],"relics":["Burning Blood","Blood Vial","Centennial Puzzle","Orichalcum","MawBank","Pear","Velvet Choker","Bottled Tornado","Ginger","DollysMirror","Mummified Hand","CeramicFish","Philosopher\u0027s Stone","ClockworkSouvenir","MealTicket","Happy Flower","Potion Belt","Bag of Marbles","Torii"],"acts_visited":["Exordium","TheCity","TheBeyond","TheEnding"],"potions_floor_usage":[55,55,55],"damage_taken":[{"damage":14.0,"enemies":"2 Louse","floor":1.0,"turns":3.0},{"damage":5.0,"enemies":"Cultist","floor":4.0,"turns":4.0},{"damage":36.0,"enemies":"Gremlin Nob","floor":6.0,"turns":5.0},{"damage":9.0,"enemies":"Small Slimes","floor":8.0,"turns":4.0},{"damage":0.0,"enemies":"Lagavulin","floor":11.0,"turns":4.0},{"damage":6.0,"enemies":"Blue Slaver","floor":12.0,"turns":2.0},{"damage":16.0,"enemies":"3 Sentries","floor":13.0,"turns":7.0},{"damage":4.0,"enemies":"Lots of Slimes","floor":14.0,"turns":3.0},{"damage":0.0,"enemies":"Slime Boss","floor":16.0,"turns":6.0},{"damage":1.0,"enemies":"3 Byrds","floor":18.0,"turns":3.0},{"damage":4.0,"enemies":"Chosen","floor":19.0,"turns":2.0},{"damage":15.0,"enemies":"3 Cultists","floor":21.0,"turns":4.0},{"damage":4.0,"enemies":"Cultist and Chosen","floor":22.0,"turns":3.0},{"damage":9.0,"enemies":"Chosen and Byrds","floor":24.0,"turns":3.0},{"damage":14.0,"enemies":"Centurion and Healer","floor":25.0,"turns":3.0},{"damage":27.0,"enemies":"Slavers","floor":27.0,"turns":3.0},{"damage":6.0,"enemies":"Book of Stabbing","floor":29.0,"turns":2.0},{"damage":15.0,"enemies":"Snake Plant","floor":30.0,"turns":2.0},{"damage":4.0,"enemies":"Cultist and Chosen","floor":31.0,"turns":2.0},{"damage":30.0,"enemies":"Automaton","floor":33.0,"turns":5.0},{"damage":5.0,"enemies":"Orb Walker","floor":35.0,"turns":2.0},{"damage":12.0,"enemies":"3 Darklings","floor":37.0,"turns":2.0},{"damage":21.0,"enemies":"4 Shapes","floor":38.0,"turns":2.0},{"damage":15.0,"enemies":"Nemesis","floor":40.0,"turns":3.0},{"damage":4.0,"enemies":"Reptomancer","floor":42.0,"turns":2.0},{"damage":40.0,"enemies":"Nemesis","floor":44.0,"turns":3.0},{"damage":18.0,"enemies":"Writhing Mass","floor":45.0,"turns":2.0},{"damage":14.0,"enemies":"3 Darklings","floor":46.0,"turns":2.0},{"damage":4.0,"enemies":"Sphere and 2 Shapes","floor":48.0,"turns":2.0},{"damage":51.0,"enemies":"Awakened One","floor":50.0,"turns":4.0},{"damage":33.0,"enemies":"Shield and Spear","floor":54.0,"turns":3.0},{"damage":23,"enemies":"The Heart","floor":55,"turns":3}],"seed_played":"-6763710552829370514","potions_obtained":[{"floor":1.0,"key":"SpeedPotion"},{"floor":5.0,"key":"Weak Potion"},{"floor":5.0,"key":"AttackPotion"},{"floor":5.0,"key":"FearPotion"},{"floor":8.0,"key":"AttackPotion"},{"floor":13.0,"key":"BlessingOfTheForge"},{"floor":16.0,"key":"Dexterity Potion"},{"floor":24.0,"key":"BloodPotion"},{"floor":27.0,"key":"SteroidPotion"},{"floor":30.0,"key":"BlessingOfTheForge"},{"floor":45.0,"key":"DuplicationPotion"}],"is_trial":false,"path_per_floor":["M","$","?","M","?","E","R","M","T","?","E","M","E","M","R","B",null,"M","M","?","M","M","R","M","M","T","E","$","E","M","M","R","B",null,"M","?","M","M","$","E","R","E","T","E","M","M","$","M","R","B",null,"R","$","E","B",null],"character_chosen":"IRONCLAD","items_purchased":["Inflame","DollysMirror","Mummified Hand","ClockworkSouvenir","Bag of Marbles","LiquidMemories","Strength Potion"],"campfire_rested":0,"item_purchase_floors":[2,28,28,39,47,53,53],"current_hp_per_floor":[72,72,72,75,75,47,47,46,46,39,47,49,51,55,55,63,90,90,90,90,81,85,85,84,78,78,59,59,61,54,58,58,36,90,90,90,84,71,71,64,64,68,68,36,44,38,53,57,57,14,90,90,90,63,48],"gold":56,"neow_bonus":"REMOVE_CARD","is_daily":false,"chose_seed":false,"campfire_upgraded":6,"win_rate":0.0,"timestamp":1613408193,"path_taken":["M","$","?","?","?","E","R","?","T","?","E","M","E","M","R","BOSS","M","M","?","?","M","R","M","?","T","E","$","E","M","M","R","BOSS","M","?","M","M","$","E","R","E","T","E","?","M","$","M","R","BOSS","R","$","E","BOSS"],"items_purchased_type":["Card","Relic","Relic","Relic","Relic","Potion","Potion"],"build_version":"2020-12-22","purchased_purges":3,"victory":true,"max_hp_per_floor":[80,80,80,80,80,80,80,80,80,80,80,80,90,90,90,90,90,90,90,90,90,90,90,90,90,90,90,90,90,90,90,90,90,90,90,90,90,90,90,90,90,90,90,90,90,90,90,90,90,90,90,90,90,90,90],"relic_stats":{"Happy Flower":[6],"Torii":31,"counters":[32,100],"CeramicFish":36,"Ginger":[2],"Orichalcum":[318],"MawBank":204,"Burning Blood":184,"Blood Vial":50,"Centennial Puzzle":[81],"Mummified Hand":[16],"MealTicket":15,"obtain_stats":[{"Potion Belt":44,"Pear":13,"Happy Flower":42,"Torii":54,"CeramicFish":29,"Velvet Choker":17,"Ginger":27,"Orichalcum":9,"Bottled Tornado":26,"MawBank":11,"Burning Blood":0,"ClockworkSouvenir":39,"Blood Vial":3,"Centennial Puzzle":6,"DollysMirror":28,"Mummified Hand":28,"Philosopher\u0027s Stone":34,"MealTicket":40,"Bag of Marbles":47},{"Potion Belt":26,"Pear":7,"Happy Flower":25,"Torii":31,"CeramicFish":17,"Velvet Choker":9,"Ginger":16,"Orichalcum":4,"Bottled Tornado":15,"MawBank":5,"Burning Blood":0,"ClockworkSouvenir":23,"Blood Vial":1,"Centennial Puzzle":3,"DollysMirror":16,"Mummified Hand":16,"Philosopher\u0027s Stone":20,"MealTicket":24,"Bag of Marbles":28},{"Potion Belt":84,"Pear":29,"Happy Flower":81,"Torii":97,"CeramicFish":61,"Velvet Choker":38,"Ginger":59,"Orichalcum":16,"Bottled Tornado":56,"MawBank":20,"Burning Blood":0,"ClockworkSouvenir":76,"Blood Vial":3,"Centennial Puzzle":12,"DollysMirror":59,"Mummified Hand":59,"Philosopher\u0027s Stone":70,"MealTicket":79,"Bag of Marbles":88}]},"card_choices":[{"not_picked":["Infernal Blade","Armaments","Thunderclap"],"picked":"SKIP","floor":1.0},{"not_picked":["Twin Strike","Clothesline","Impervious"],"picked":"SKIP","floor":4.0},{"not_picked":["Dark Embrace","Wild Strike"],"picked":"Sword Boomerang","floor":6.0},{"not_picked":["Havoc","Anger","Warcry"],"picked":"SKIP","floor":8.0},{"not_picked":["Entrench","Shrug It Off","Pommel Strike"],"picked":"SKIP","floor":11.0},{"not_picked":["Perfected Strike","Iron Wave","Warcry"],"picked":"SKIP","floor":12.0},{"not_picked":["Iron Wave","Wild Strike","True Grit"],"picked":"SKIP","floor":13.0},{"not_picked":["Clothesline","Demon Form","Burning Pact"],"picked":"SKIP","floor":14.0},{"not_picked":["Feed","Brutality"],"picked":"Limit Break","floor":16.0},{"not_picked":["Infernal Blade+1","Power Through","Shrug It Off"],"picked":"SKIP","floor":18.0},{"not_picked":["Fire Breathing+1","Sentinel+1","Warcry"],"picked":"SKIP","floor":19.0},{"not_picked":["Armaments","Havoc","True Grit"],"picked":"SKIP","floor":21.0},{"not_picked":["Clash","Thunderclap"],"picked":"Flex","floor":22.0},{"not_picked":["Thunderclap","Berserk","Metallicize"],"picked":"SKIP","floor":24.0},{"not_picked":["Clothesline+1","Wild Strike","Headbutt+1"],"picked":"SKIP","floor":25.0},{"not_picked":["Dropkick","Iron Wave+1"],"picked":"Cleave+1","floor":27.0},{"not_picked":["Anger","Feed","Immolate"],"picked":"SKIP","floor":29.0},{"not_picked":["Warcry","Anger+1","Thunderclap"],"picked":"SKIP","floor":30.0},{"not_picked":["Uppercut+1","Clothesline","Disarm"],"picked":"SKIP","floor":31.0},{"not_picked":["Pommel Strike","Perfected Strike"],"picked":"Twin Strike+1","floor":35.0},{"not_picked":["Burning Pact+1","Body Slam","Cleave+1"],"picked":"SKIP","floor":37.0},{"not_picked":["Armaments","Reckless Charge+1"],"picked":"Flex","floor":38.0},{"not_picked":["Berserk","Blood for Blood","Pommel Strike"],"picked":"SKIP","floor":40.0},{"not_picked":["Reckless Charge+1","Pommel Strike","Havoc+1"],"picked":"SKIP","floor":42.0},{"not_picked":["Evolve","Infernal Blade","Spot Weakness"],"picked":"SKIP","floor":44.0},{"not_picked":["Cleave+1","Dark Embrace","Headbutt+1"],"picked":"SKIP","floor":45.0},{"not_picked":["Headbutt","Anger","Corruption"],"picked":"SKIP","floor":46.0},{"not_picked":["Power Through+1","Clothesline+1"],"picked":"Pummel+1","floor":48.0},{"not_picked":["Warcry+1","Rampage"],"picked":"Twin Strike+1","floor":54.0}],"player_experience":328288,"relics_obtained":[{"floor":6.0,"key":"Centennial Puzzle"},{"floor":9.0,"key":"Orichalcum"},{"floor":11.0,"key":"MawBank"},{"floor":13.0,"key":"Pear"},{"floor":26.0,"key":"Bottled Tornado"},{"floor":27.0,"key":"Ginger"},{"floor":29.0,"key":"CeramicFish"},{"floor":40.0,"key":"MealTicket"},{"floor":42.0,"key":"Happy Flower"},{"floor":44.0,"key":"Potion Belt"},{"floor":54.0,"key":"Torii"}],"event_choices":[{"damage_healed":0.0,"max_hp_gain":0.0,"max_hp_loss":0.0,"gold_gain":0.0,"event_name":"WeMeetAgain","player_choice":"Gave Potion","floor":3.0,"gold_loss":0.0,"damage_taken":0.0,"relics_obtained":["Blood Vial"]},{"damage_healed":0.0,"max_hp_gain":0.0,"max_hp_loss":0.0,"gold_gain":0.0,"event_name":"Lab","player_choice":"Got Potions","floor":5.0,"gold_loss":0.0,"damage_taken":0.0},{"cards_removed":["Defend_R"],"damage_healed":0.0,"max_hp_gain":0.0,"max_hp_loss":0.0,"gold_gain":0.0,"event_name":"Golden Wing","player_choice":"Card Removal","floor":10.0,"gold_loss":0.0,"damage_taken":7.0},{"damage_healed":0.0,"max_hp_gain":0.0,"max_hp_loss":0.0,"gold_gain":0.0,"event_name":"N\u0027loth","player_choice":"Ignored","floor":20.0,"gold_loss":0.0,"damage_taken":0.0},{"damage_healed":0.0,"max_hp_gain":0.0,"max_hp_loss":0.0,"gold_gain":0.0,"event_name":"The Woman in Blue","player_choice":"Bought 0 Potions","floor":36.0,"gold_loss":0.0,"damage_taken":0.0}],"is_beta":false,"boss_relics":[{"not_picked":["Runic Dome","Black Blood"],"picked":"Velvet Choker"},{"not_picked":["Snecko Eye","Tiny House"],"picked":"Philosopher\u0027s Stone"}],"items_purged_floors":[28,39,47],"is_endless":false,"potions_floor_spawned":[1,8,13,16,24,27,30,31,40,42,45],"ascension_level":1}}