{"host":"vumwfieg2b2mnrfl","time":1613427390,"event":{"mods":["AchievementEnabler","BaseMod","Minty Spire (QoL Compilation)","Rare Cards Sparkle","Relic Stats"],"gold_per_floor":[166,192,129,154,166,178,178],"floor_reached":6,"language":"ENG","playtime":191,"items_purged":[],"score":68,"play_id":"8d482a86-2fcc-41b9-a755-277d104fcb4d","local_time":"20210215161630","is_ascension_mode":true,"campfire_choices":[],"circlet_count":0,"master_deck":["AscendersBane","Strike_G+1","Strike_G","Strike_G","Strike_G","Defend_G","Defend_G","Defend_G","Defend_G","Defend_G","Survivor","Neutralize","Cloak And Dagger","Dagger Spray"],"relics":["Tiny House","MawBank"],"acts_visited":["Exordium"],"potions_floor_usage":[4],"damage_taken":[{"damage":1,"enemies":"Cultist","floor":1,"turns":4},{"damage":5,"enemies":"Small Slimes","floor":4,"turns":4},{"damage":103,"enemies":"Lagavulin","floor":6,"turns":13}],"seed_played":"-7931788902157762600","potions_obtained":[{"floor":0,"key":"FairyPotion"},{"floor":1,"key":"Block Potion"},{"floor":4,"key":"Fruit Juice"}],"is_trial":false,"path_per_floor":["M","T","?","M","?","E"],"character_chosen":"THE_SILENT","items_purchased":[],"campfire_rested":0,"item_purchase_floors":[],"current_hp_per_floor":[63,63,63,63,68,0,0],"gold":178,"neow_bonus":"BOSS_RELIC","is_daily":false,"chose_seed":false,"campfire_upgraded":0,"win_rate":0.0,"timestamp":1613427390,"path_taken":["M","?","?","M","?","E"],"items_purchased_type":[],"build_version":"2020-12-22","purchased_purges":0,"victory":false,"max_hp_per_floor":[71,71,71,76,81,81,81],"relic_stats":{"counters":[3,21],"MawBank":48,"obtain_stats":[{"Tiny House":0,"MawBank":2,"Ring of the Snake":0},{"Tiny House":0,"MawBank":1,"Ring of the Snake":0},{"Tiny House":0,"MawBank":4,"Ring of the Snake":0}]},"card_choices":[{"not_picked":["Accuracy","Infinite Blades"],"picked":"Cloak And Dagger","floor":0},{"not_picked":["Sucker Punch","Infinite Blades"],"picked":"Dagger Spray","floor":1},{"not_picked":["Finisher","Flechettes","Endless Agony"],"picked":"SKIP","floor":4}],"player_experience":563015,"relics_obtained":[{"floor":2,"key":"MawBank"}],"event_choices":[{"cards_removed":["Strike_G"],"damage_healed":0,"gold_gain":0,"player_choice":"Card Removal","damage_taken":0,"max_hp_gain":0,"max_hp_loss":0,"event_name":"The Cleric","floor":3,"gold_loss":75},{"damage_healed":0,"gold_gain":0,"player_choice":"Donut","damage_taken":0,"max_hp_gain":5,"max_hp_loss":0,"event_name":"Big Fish","floor":5,"gold_loss":0}],"is_beta":false,"boss_relics":[],"items_purged_floors":[],"is_endless":false,"potions_floor_spawned":[1,4],"killed_by":"Lagavulin","ascension_level":20}}