{"host":"gl5rgsfncjl28cj1","time":1613376603,"event":{"mods":["BaseMod","Colored Map","Highlight Path","Minty Spire (QoL Compilation)","Permanent Neow","StSLib"],"gold_per_floor":[114,133,153,153,36,48,48,48,48,48,48,65,65,84,84,159,159,170,188,1,1,1],"floor_reached":21,"language":"KOR","playtime":833,"items_purged":["Strike_G","Strike_G"],"score":342,"play_id":"3fe08d76-6fe7-48d4-adfe-8d2583f36a6c","local_time":"20210215171003","is_ascension_mode":true,"campfire_choices":[{"data":"Blade Dance","floor":7,"key":"SMITH"},{"data":"Tactician","floor":10,"key":"SMITH"},{"data":"Neutralize","floor":13,"key":"SMITH"},{"data":"Dagger Spray","floor":15,"key":"SMITH"}],"circlet_count":0,"master_deck":["AscendersBane","Strike_G","Strike_G","Strike_G","Defend_G","Defend_G","Defend_G","Defend_G","Defend_G","Survivor","Neutralize+1","Escape Plan","PiercingWail","Acrobatics+1","Tactician+1","Blade Dance+1","Slice","Dagger Spray+1","Phantasmal Killer","Backflip","Crippling Poison+1","Tactician"],"relics":["SacredBark","Torii","Mango","Philosopher\u0027s Stone"],"acts_visited":["Exordium","TheCity"],"potions_floor_usage":[3,16,21],"damage_taken":[{"damage":5,"enemies":"Small Slimes","floor":1,"turns":5},{"damage":0,"enemies":"2 Louse","floor":2,"turns":4},{"damage":3,"enemies":"Cultist","floor":3,"turns":5},{"damage":1,"enemies":"2 Fungi Beasts","floor":6,"turns":7},{"damage":1,"enemies":"Blue Slaver","floor":12,"turns":4},{"damage":1,"enemies":"Looter","floor":14,"turns":3},{"damage":25,"enemies":"The Guardian","floor":16,"turns":19},{"damage":12,"enemies":"Spheric Guardian","floor":18,"turns":4},{"damage":22,"enemies":"2 Thieves","floor":19,"turns":5},{"damage":4,"enemies":"Cultist and Chosen","floor":21,"turns":7}],"seed_played":"5707936832667666185","potions_obtained":[{"floor":2,"key":"SkillPotion"},{"floor":6,"key":"LiquidMemories"},{"floor":12,"key":"PowerPotion"}],"is_trial":false,"path_per_floor":["M","M","M","?","$","M","R","?","T","R","$","M","R","M","R","B",null,"M","M","$","M"],"character_chosen":"THE_SILENT","items_purchased":["Tactician","Tactician"],"campfire_rested":0,"item_purchase_floors":[5,20],"current_hp_per_floor":[54,54,51,51,51,50,50,39,53,53,53,52,52,51,51,26,67,55,33,33,29,29],"gold":1,"neow_bonus":"BOSS_RELIC","is_daily":false,"chose_seed":false,"campfire_upgraded":4,"win_rate":0.0,"timestamp":1613376603,"path_taken":["M","M","M","?","$","M","R","?","T","R","$","M","R","M","R","BOSS","M","M","$","M"],"items_purchased_type":["Card","Card"],"build_version":"2020-12-22","purchased_purges":2,"victory":false,"max_hp_per_floor":[66,66,66,66,66,66,66,66,80,80,80,80,80,80,80,80,80,80,80,80,80,80],"card_choices":[{"not_picked":["Sucker Punch","Cloak And Dagger"],"picked":"Escape Plan","floor":1},{"not_picked":["Deflect","Finisher"],"picked":"PiercingWail","floor":2},{"not_picked":["Prepared","Deflect"],"picked":"Acrobatics","floor":3},{"not_picked":["Distraction","Calculated Gamble"],"picked":"Blade Dance","floor":6},{"not_picked":["Tools of the Trade","Bane"],"picked":"Slice","floor":12},{"not_picked":["Crippling Poison","Backflip"],"picked":"Dagger Spray","floor":14},{"not_picked":["Wraith Form v2","Malaise"],"picked":"Phantasmal Killer","floor":16},{"not_picked":["Poisoned Stab","Slice+1"],"picked":"Backflip","floor":18},{"not_picked":["Sucker Punch","Dodge and Roll"],"picked":"Crippling Poison+1","floor":19}],"player_experience":1031926,"relics_obtained":[{"floor":9,"key":"Mango"}],"event_choices":[{"damage_healed":0,"gold_gain":0,"player_choice":"Grow","damage_taken":0,"max_hp_gain":0,"max_hp_loss":0,"event_name":"Living Wall","floor":4,"gold_loss":0,"cards_upgraded":["Acrobatics"]},{"damage_healed":0,"gold_gain":0,"player_choice":"Success","damage_taken":11,"relics_obtained":["Torii"],"max_hp_gain":0,"max_hp_loss":0,"event_name":"Scrap Ooze","floor":8,"gold_loss":0}],"is_beta":false,"boss_relics":[{"not_picked":["Ectoplasm","Runic Pyramid"],"picked":"Philosopher\u0027s Stone"}],"items_purged_floors":[5,20],"is_endless":false,"potions_floor_spawned":[2,6,12],"killed_by":"Cultist and Chosen","ascension_level":20}}