{"host":"3845m0wekkhud1e6","time":1613377651,"event":{"mods":["2.2 Compatiblity","AchievementEnabler","Act Like it!","Aspiration","BaseMod","Beaked The Cultist","Better Altar","Better Match","Better Note","Better Sensory Stone","Better Skull","Better Third Choice","BetterRewards","Block Reminder","Challenge The Spire","Colored Powertips","Conspire","Dark Map","Downfall","Energized Spire","GifTheSpireLib","GungeonMod","Halation","Hallownest","Hermit","Hubris","Infinite Spire","Mad Scientist","Marisa????????","Minty Spire (QoL Compilation)","Permanent Neow","RNG Fix","Random Character Button","Rare Cards Sparkle","Reliquary","Replay The Spire","Shop Mod","Spicy Shops","Spikes Relics","StSLib","Strawberry Spire","Stuff the Spire","The Blue Laboratory","The Bug Knight","The Construct","The Cursed","The Disciple","The Hayseed","The Jungle","The Poker Player","The Problem Sleuth","The Sage","The Spell Scribe","Trackpad","Uncapped","Unknown Chances","Wandering Minibosses"],"gold_per_floor":[112,35,0,0,0,27,38,38,38,53,3,30,30,42,42,142,142,162,162,87,87,107,142,142,142,169,187,187,248,248,282,282,377,377,391,405,442,442,462,491,491,491,516,541,568,339,358,374,374,374],"floor_reached":51,"language":"ENG","playtime":2924,"items_purged":["Strike_B","Strike_B"],"score":756,"play_id":"54478ab1-c4bb-4438-806e-720d332756d6","local_time":"20210215092731","is_ascension_mode":true,"campfire_choices":[{"floor":8,"key":"REST"},{"data":"Zap","floor":13,"key":"SMITH"},{"data":"Dualcast","floor":15,"key":"SMITH"},{"data":"strawberrySpire:Adapter","floor":28,"key":"SMITH"},{"data":"StuffTheSpire:Plugnplay","floor":32,"key":"SMITH"},{"data":"Rainbow","floor":41,"key":"SMITH"},{"data":"Redo","floor":49,"key":"SMITH"}],"circlet_count":0,"master_deck":["Strike_B","Defend_B","Defend_B","Defend_B","Zap+1","Dualcast+1","Defend_B","strawberrySpire:Disconnect","StuffTheSpire:Plugnplay+1","Self Repair+1","Ball Lightning","StuffTheSpire:Synthwave+1","hubris:PowerSurge+1","strawberrySpire:AnotherWinter+1","Turbo+1","Scrape","strawberrySpire:Adapter+1","hubris:PowerSurge+1","Core Surge","Rainbow+1","hubris:PowerSurge+1","strawberrySpire:Compressor+1","ReplayTheSpireMod:Echoes of Time","Redo+1"],"relics":["Cracked Core","StuffTheSpire:Mouthbags","DemoMod:WeirdEgg","betterThird:SlimedRelic","Frozen Egg 2","Centennial Puzzle","DemoMod:Orange","WizardHat","Sandwich","aspiration:Nostalgia","DemoMod:Dog","hubris:ScarierMask","Pen Nib","aspiration:Lifesprig","reliquary:BallBearing","beaked:ShinyBauble","Prayer Wheel","strawberrySpire:Flakhammer","halation:Prosthetics","strawberrySpire:WhoaramAlpha","reliquary:RoseTintedGlasses","hubris:PeanutButter","reliquary:Knoch","aspiration:EnhancedActuators","halation:Jellyphish"],"acts_visited":["Exordium","TheCity","TheBeyond"],"potions_floor_usage":[33,45],"damage_taken":[{"damage":4,"enemies":"conspire:RoseBush","floor":1,"turns":3},{"damage":51,"enemies":"strawberrySpire:EnergyPylons","floor":6,"turns":8},{"damage":5,"enemies":"Small Slimes","floor":7,"turns":3},{"damage":0,"enemies":"2 Louse","floor":10,"turns":3},{"damage":15,"enemies":"Lagavulin","floor":12,"turns":7},{"damage":2,"enemies":"Exordium Wildlife","floor":14,"turns":3},{"damage":5,"enemies":"Fading Forest","floor":16,"turns":11},{"damage":17,"enemies":"Shell Parasite","floor":18,"turns":4},{"damage":5,"enemies":"Spheric Guardian","floor":22,"turns":3},{"damage":16,"enemies":"strawberrySpire:AncientClocktower","floor":23,"turns":4},{"damage":9,"enemies":"Snake Plant","floor":27,"turns":3},{"damage":14,"enemies":"HollowMod:Nosk","floor":29,"turns":4},{"damage":15,"enemies":"Slavers","floor":31,"turns":3},{"damage":14,"enemies":"Collector","floor":33,"turns":5},{"damage":0,"enemies":"3 Darklings","floor":35,"turns":3},{"damage":6,"enemies":"Orb Walker","floor":36,"turns":2},{"damage":0,"enemies":"Sphere and 2 Shapes","floor":37,"turns":4},{"damage":0,"enemies":"Sphere and 2 Shapes","floor":39,"turns":2},{"damage":0,"enemies":"Reptomancer","floor":40,"turns":3},{"damage":0,"enemies":"strawberrySpire:EssenceStones","floor":45,"turns":3},{"damage":0,"enemies":"4 Shapes","floor":47,"turns":2},{"damage":0,"enemies":"Spire Growth","floor":48,"turns":2},{"damage":8,"enemies":"Replay:Hell Engine","floor":50,"turns":4}],"seed_played":"-4185551036239050234","potions_obtained":[{"floor":12,"key":"PowerPotion"},{"floor":16,"key":"FearPotion"},{"floor":23,"key":"blueLaboratory:ArtificerPotion"},{"floor":27,"key":"blueLaboratory:ConsumingVoid"},{"floor":36,"key":"blueLaboratory:StoneskinPotion"},{"floor":40,"key":"Regen Potion"},{"floor":45,"key":"blueLaboratory:TeslaPotion"}],"is_trial":false,"path_per_floor":["M","$","?","?","?","E","M","R","T","M","?","E","R","M","R","B",null,"M","?","?","AVR","M","E","?","?","T","M","R","E","T","E","R","B",null,"M","M","?","AVR","M","E","R","?","T","T","E","$","M","M","R","B",null],"character_chosen":"DEFECT","items_purchased":["DemoMod:WeirdEgg","halation:Jellyphish"],"campfire_rested":1,"item_purchase_floors":[2,46],"current_hp_per_floor":[71,71,60,60,60,9,4,26,38,48,48,43,43,51,51,66,87,80,80,80,80,85,79,79,79,79,70,70,66,66,61,61,47,52,52,52,52,52,52,52,52,40,40,40,45,45,52,52,52,44],"gold":374,"neow_bonus":"RANDOM_EVENT","is_daily":false,"chose_seed":false,"campfire_upgraded":6,"win_rate":0.0,"timestamp":1613377651,"path_taken":["M","$","?","?","?","E","?","R","T","M","?","E","R","M","R","BOSS","M","?","?","AVR","M","E","?","?","T","?","R","E","?","E","R","BOSS","M","M","?","AVR","M","E","R","?","T","?","E","$","?","M","R","BOSS"],"items_purchased_type":["Relic","Relic"],"build_version":"2020-12-22","purchased_purges":2,"victory":true,"max_hp_per_floor":[75,75,75,75,75,75,75,75,87,87,87,87,87,87,87,87,87,87,87,87,87,87,87,87,87,87,87,87,87,87,87,87,87,52,52,52,52,52,52,52,52,52,52,52,52,52,52,52,52,52],"card_choices":[{"not_picked":["Turbo","Chill"],"picked":"strawberrySpire:Disconnect","floor":1},{"not_picked":["StuffTheSpire:LoadUp","Reprogram"],"picked":"StuffTheSpire:Plugnplay","floor":6},{"not_picked":["hubris:DoWhile","conspire:Rain"],"picked":"Self Repair+1","floor":7},{"not_picked":["Auto Shields","Stack"],"picked":"Ball Lightning","floor":10},{"not_picked":["Gash","Cold Snap"],"picked":"StuffTheSpire:Synthwave+1","floor":12},{"not_picked":["Aggregate","Steam"],"picked":"hubris:PowerSurge+1","floor":14},{"not_picked":["hubris:SpecializedCircuitry+1","Multi-Cast"],"picked":"strawberrySpire:AnotherWinter+1","floor":16},{"not_picked":["Leap","Heatsinks+1"],"picked":"Turbo+1","floor":18},{"not_picked":["Turbo","Panic Button","Stack"],"picked":"SKIP","floor":22},{"not_picked":["Skim","Glacier+1","Hyperbeam"],"picked":"SKIP","floor":23},{"not_picked":["Genetic Algorithm+1","Force Field"],"picked":"hubris:PowerSurge+1","floor":27},{"not_picked":["Sweeping Beam","strawberrySpire:Adapter+1"],"picked":"Core Surge","floor":29},{"not_picked":["Undo","Go for the Eyes+1","Stack"],"picked":"SKIP","floor":31},{"not_picked":["Seek","hubris:Prefetch"],"picked":"Rainbow","floor":33},{"not_picked":["Loop+1","strawberrySpire:Disconnect+1"],"picked":"hubris:PowerSurge+1","floor":35},{"not_picked":["Streamline","StuffTheSpire:CleanHardDrive","BasicCrystalCard"],"picked":"SKIP","floor":35},{"not_picked":["Panic Button","Reinforced Body+1","strawberrySpire:SearchEngine+1"],"picked":"SKIP","floor":36},{"not_picked":["StuffTheSpire:Plugnplay+1","strawberrySpire:Disconnect","Gash+1"],"picked":"SKIP","floor":36},{"not_picked":["Hologram","ReplayGash"],"picked":"strawberrySpire:Compressor+1","floor":37},{"not_picked":["strawberrySpire:GearCrunch","StuffTheSpire:LoadUp","Ball Lightning"],"picked":"SKIP","floor":39},{"not_picked":["Go for the Eyes+1","Echo Form+1","Redo+1"],"picked":"SKIP","floor":39},{"not_picked":["BasicCrystalCard","Cold Snap+1","Rebound"],"picked":"SKIP","floor":40},{"not_picked":["infinitespire:FinalStrike","hubris:Rewind"],"picked":"ReplayTheSpireMod:Echoes of Time","floor":42},{"not_picked":["strawberrySpire:DataDump+1","ReplayTheSpireMod:GoodbyeWorld+1","Sweeping Beam"],"picked":"SKIP","floor":45},{"not_picked":["strawberrySpire:SearchEngine","StuffTheSpire:LoadUp+1","Conserve Battery+1"],"picked":"SKIP","floor":47},{"not_picked":["Aggregate","Barrage+1","Streamline"],"picked":"SKIP","floor":47},{"not_picked":["Aggregate","Echo Form+1"],"picked":"Redo","floor":48},{"not_picked":["strawberrySpire:DataDump","strawberrySpire:Adapter","ReplayTheSpireMod:Repulse"],"picked":"SKIP","floor":48}],"player_experience":345118,"relics_obtained":[{"floor":6,"key":"Centennial Puzzle"},{"floor":9,"key":"DemoMod:Orange"},{"floor":12,"key":"WizardHat"},{"floor":23,"key":"Pen Nib"},{"floor":26,"key":"aspiration:Lifesprig"},{"floor":29,"key":"reliquary:BallBearing"},{"floor":30,"key":"beaked:ShinyBauble"},{"floor":31,"key":"strawberrySpire:Flakhammer"},{"floor":37,"key":"strawberrySpire:WhoaramAlpha"},{"floor":40,"key":"hubris:PeanutButter"},{"floor":44,"key":"reliquary:Knoch"},{"floor":45,"key":"aspiration:EnhancedActuators"}],"event_choices":[{"damage_healed":0,"gold_gain":0,"player_choice":"Box","damage_taken":0,"relics_obtained":["StuffTheSpire:Mouthbags"],"max_hp_gain":0,"max_hp_loss":0,"event_name":"Big Fish","floor":0,"gold_loss":0,"cards_obtained":["Regret"]},{"damage_healed":0,"gold_gain":0,"player_choice":"Slimed","damage_taken":11,"max_hp_gain":0,"max_hp_loss":0,"event_name":"betterThird:BetterGoop","floor":3,"gold_loss":35},{"cards_removed":["Injury"],"damage_healed":0,"gold_gain":0,"player_choice":"Card Removal","damage_taken":0,"max_hp_gain":0,"max_hp_loss":0,"event_name":"The Cleric","floor":11,"gold_loss":50},{"damage_healed":0,"gold_gain":0,"cards_transformed":["Strike_B"],"player_choice":"Transformed","damage_taken":0,"max_hp_gain":0,"max_hp_loss":0,"event_name":"Transmorgrifier","floor":19,"gold_loss":0,"cards_obtained":["Scrape"]},{"damage_healed":0,"gold_gain":0,"player_choice":"3","damage_taken":0,"max_hp_gain":0,"max_hp_loss":0,"event_name":"betterMatch:BetterMatch","floor":20,"gold_loss":0,"cards_obtained":[]},{"damage_healed":0,"gold_gain":0,"player_choice":"Bought 0 Potions","damage_taken":0,"max_hp_gain":0,"max_hp_loss":0,"event_name":"The Woman in Blue","floor":24,"gold_loss":0},{"damage_healed":0,"gold_gain":0,"player_choice":"Read","damage_taken":0,"max_hp_gain":0,"max_hp_loss":0,"event_name":"The Library","floor":25,"gold_loss":0,"cards_obtained":["strawberrySpire:Adapter"]}],"is_beta":false,"boss_relics":[{"not_picked":["CosmicIsotope","Replay:Grab Bag"],"picked":"Sandwich"},{"not_picked":["Replay:Drink Me","Nuclear Battery"],"picked":"halation:Prosthetics"}],"items_purged_floors":[21,46],"is_endless":false,"potions_floor_spawned":[12,16,23,27,36,40,45],"ascension_level":2}}