{"host":"pm6tps78s2qrawcb","time":1613389277,"event":{"mods":["BaseMod","BetterRewards","Colored Map","DeckTracker","Downfall","Hubris","Infinite Spire","Mimic Mod","Minty Spire (QoL Compilation)","Reliquary","Shop Mod","StSLib"],"gold_per_floor":[110,124,51,51,51,79,92,92,170,170,170,170,202,221,221,221,221],"floor_reached":16,"language":"ENG","playtime":558,"items_purged":[],"score":140,"play_id":"2ec58f5c-47f0-4d93-b453-7e9f68bfe5cb","local_time":"20210215114117","is_ascension_mode":true,"campfire_choices":[{"data":"Dualcast","floor":8,"key":"SMITH"},{"floor":10,"key":"REST"},{"floor":15,"key":"REST"}],"circlet_count":0,"master_deck":["Strike_B","Strike_B","Strike_B","Defend_B","Defend_B","Defend_B","Defend_B","Zap","Dualcast+1","Darkness","Melter","Streamline","Loop+1","FTL","Go for the Eyes","Loop"],"relics":["Cracked Core","hubris:TenFootPole","MealTicket","Gremlin Horn","Blue Candle","hubris:Icosahedron","Toy Ornithopter"],"acts_visited":["Exordium"],"potions_floor_usage":[6,16,16],"damage_taken":[{"damage":7,"enemies":"Small Slimes","floor":1,"turns":4},{"damage":1,"enemies":"Jaw Worm","floor":2,"turns":3},{"damage":47,"enemies":"3 Sentries","floor":6,"turns":8},{"damage":0,"enemies":"2 Louse","floor":7,"turns":1},{"damage":22,"enemies":"Lagavulin","floor":13,"turns":7},{"damage":1,"enemies":"2 Fungi Beasts","floor":14,"turns":2},{"damage":10,"enemies":"The Guardian","floor":16,"turns":5}],"seed_played":"4502385440292315924","potions_obtained":[{"floor":2,"key":"ColorlessPotion"},{"floor":14,"key":"SpeedPotion"}],"is_trial":false,"path_per_floor":["M","M","$","?","?","E","M","R","T","R","?","?","E","M","R","B"],"character_chosen":"DEFECT","items_purchased":["Loop"],"campfire_rested":2,"item_purchase_floors":[3],"current_hp_per_floor":[68,67,67,67,67,20,20,20,20,42,40,40,18,17,39,39,39],"gold":221,"neow_bonus":"TRANSFORM_CARD","is_daily":false,"chose_seed":false,"campfire_upgraded":1,"win_rate":0.0,"timestamp":1613389277,"path_taken":["M","M","$","?","?","E","M","R","T","R","?","?","E","M","R","BOSS"],"items_purchased_type":["Card"],"build_version":"2020-12-22","purchased_purges":0,"victory":false,"max_hp_per_floor":[75,75,75,75,75,75,75,75,75,75,75,75,75,75,75,75,75],"card_choices":[{"not_picked":["Leap","Conserve Battery"],"picked":"Melter","floor":1},{"not_picked":["Consume","Steam"],"picked":"Streamline","floor":2},{"not_picked":["Ball Lightning","Coolheaded"],"picked":"FTL","floor":6},{"not_picked":["Cold Snap","Hologram"],"picked":"Go for the Eyes","floor":7},{"not_picked":["Reprogram","Rebound","Fission"],"picked":"SKIP","floor":13},{"not_picked":["Consume","hubris:PowerSurge"],"picked":"Loop","floor":14}],"player_experience":295660,"relics_obtained":[{"floor":5,"key":"hubris:TenFootPole"},{"floor":6,"key":"MealTicket"},{"floor":9,"key":"Gremlin Horn"},{"floor":13,"key":"Toy Ornithopter"}],"event_choices":[{"damage_healed":0,"gold_gain":0,"player_choice":"Grow","damage_taken":0,"max_hp_gain":0,"max_hp_loss":0,"event_name":"Living Wall","floor":4,"gold_loss":0,"cards_upgraded":["Loop"]}],"is_beta":false,"boss_relics":[],"items_purged_floors":[],"is_endless":false,"potions_floor_spawned":[2,14],"killed_by":"The Guardian","ascension_level":1}}