{"host":"4203e5c3jb9f7sur","time":1613408741,"event":{"mods":["AchievementEnabler","BaseMod","Minty Spire (QoL Compilation)","Replay The Spire","StSLib","SuperFastMode"],"gold_per_floor":[118,83,102,119,119,119,14332,14349,14349,14378,13343,13343,13369,13386,13386,13464,13464,13477,13489,13508,13428,12347,12375,12375,12406,12430,12442,12454,12483,12410,12437,12449,12536,12548,12577,12641,12678,12700,12759,12833,12020,12049,12098,12134,12134,12171,12226,12311,12311,12443,12575,12575,12575],"floor_reached":52,"language":"KOR","playtime":5613,"items_purged":["FIFO Queue","Ball Lightning","Self Repair"],"score":3949,"play_id":"5d49c8d7-3d80-4cb8-b694-62e5291b6b6a","local_time":"20210216020541","daily_mods":["Draft","Vintage","Allstar","Heirloom","Flight","Uncertain Future"],"is_ascension_mode":true,"campfire_choices":[{"data":"Double Energy","floor":6,"key":"SMITH"},{"data":"Thinking Ahead","floor":12,"key":"SMITH"},{"data":"Gash","floor":12,"key":"SMITH"},{"data":"Gash","floor":15,"key":"SMITH"},{"data":"Coolheaded","floor":15,"key":"SMITH"},{"data":"Seek","floor":24,"key":"SMITH"},{"data":"Gash","floor":24,"key":"SMITH"},{"data":"Beam Cell","floor":27,"key":"SMITH"},{"data":"BootSequence","floor":27,"key":"SMITH"},{"data":"Swift Strike","floor":32,"key":"SMITH"},{"data":"Steam","floor":32,"key":"SMITH"},{"data":"1","floor":45,"key":"LIFT"},{"data":"2","floor":49,"key":"LIFT"}],"circlet_count":0,"master_deck":["AscendersBane","Steam+1","Double Energy+1","Leap","Conserve Battery","Gash+1","Go for the Eyes","Leap","Gash+1","Go for the Eyes","Coolheaded+1","Go for the Eyes","Gash+1","BootSequence+1","Go for the Eyes","Thinking Ahead+1","Beam Cell+1","Seek+1","Poisoned Strike","Swift Strike+1","Gash+1","ReplayTheSpireMod:Repulse","Parasite","Bandage Up","ReplaySolidLightProjector+1","Chill+1","Machine Learning","Seek","Shame","Voices","Languid"],"relics":["Unceasing Top","Pocketwatch","Torii","Meat on the Bone","Carrot","Lizard Tail","Bronze Scales","Raider\u0027s Mask","StoneCalendar","Blue Candle","Replay:Arrowhead","Bird Faced Urn","Shuriken","ReplayFunnel","Boot","Replay:Drink Me","Replay:Accelerometer","Snack Pack","ReplayTheSpireMod:Lightbulb","Chemical X","Replay:Ringing Soul","Pear","Nunchaku","Bag of Marbles","MawBank","Centennial Puzzle","Letter Opener","Pen Nib","Replay:Ancient Bell","Pet Ghost","Replay:Kaleidoscope","TungstenRod","Replay:Bandana","FossilizedHelix","Singing Bowl","Medical Kit","Solar Panel","Tiny Chest","Girya","Lantern","Happy Flower","Bottled Lightning","Ginger","Turnip","ReplayTheSpireMod:Shallot","ReplayTheSpireMod:Shallot","CaptainsWheel"],"acts_visited":["Exordium","TheCity","TheBeyond","Exordium"],"potions_floor_usage":[16],"damage_taken":[{"damage":0,"enemies":"Small Slimes","floor":1,"turns":3},{"damage":1,"enemies":"Jaw Worm","floor":3,"turns":3},{"damage":0,"enemies":"2 Louse","floor":4,"turns":3},{"damage":1,"enemies":"Blue Slaver","floor":8,"turns":2},{"damage":1,"enemies":"Lagavulin","floor":10,"turns":4},{"damage":1,"enemies":"Gremlin Nob","floor":13,"turns":3},{"damage":1,"enemies":"3 Louse","floor":14,"turns":2},{"damage":21,"enemies":"The Guardian","floor":16,"turns":4},{"damage":1,"enemies":"Spheric Guardian","floor":18,"turns":2},{"damage":1,"enemies":"Shell Parasite","floor":19,"turns":2},{"damage":33,"enemies":"Snecko","floor":20,"turns":7},{"damage":1,"enemies":"Book of Stabbing","floor":23,"turns":2},{"damage":1,"enemies":"Slavers","floor":25,"turns":2},{"damage":1,"enemies":"Snake Plant","floor":29,"turns":1},{"damage":1,"enemies":"3 Cultists","floor":31,"turns":1},{"damage":1,"enemies":"Pondfish","floor":33,"turns":3},{"damage":1,"enemies":"Orb Walker","floor":35,"turns":1},{"damage":1,"enemies":"2 Orb Walkers","floor":36,"turns":3},{"damage":17,"enemies":"Mind Bloom Boss Battle","floor":37,"turns":2},{"damage":0,"enemies":"3 Darklings","floor":38,"turns":2},{"damage":0,"enemies":"Writhing Mass","floor":39,"turns":3},{"damage":0,"enemies":"Reptomancer","floor":40,"turns":3},{"damage":0,"enemies":"Sphere and 2 Shapes","floor":44,"turns":1},{"damage":0,"enemies":"Spire Growth","floor":46,"turns":1},{"damage":0,"enemies":"Nemesis","floor":47,"turns":1},{"damage":0,"enemies":"Transient","floor":48,"turns":3},{"damage":0,"enemies":"Donu and Deca","floor":50,"turns":2},{"damage":0,"enemies":"Awakened One","floor":51,"turns":3}],"seed_played":"8571539347183605543","potions_obtained":[{"floor":1,"key":"Toxic Potion"},{"floor":4,"key":"Doom Potion"},{"floor":20,"key":"EssenceOfDarkness"},{"floor":36,"key":"Death Potion"},{"floor":40,"key":"LiquidMemories"},{"floor":46,"key":"FearPotion"},{"floor":47,"key":"SpeedPotion"},{"floor":51,"key":"BlessingOfTheForge"}],"is_trial":true,"path_per_floor":["M","?","M","M","?","R","$","M","T","E","$","R","E","M","R","B",null,"M","M","M","?","$","E","R","E","T","R","?","M","?","M","R","B",null,"M","?","?","M","M","E","$","?","T","M","R","M","E","M","R","B","B",null],"character_chosen":"DEFECT","items_purchased":["Go for the Eyes","Lizard Tail","Bronze Scales","Raider\u0027s Mask","Bird Faced Urn","Shuriken","BootSequence","Go for the Eyes","Thinking Ahead","Chemical X","Replay:Ringing Soul","Pear","Poisoned Strike","Swift Strike","Medical Kit","Solar Panel","Tiny Chest","Bandage Up"],"campfire_rested":0,"item_purchase_floors":[7,7,7,7,11,11,11,11,11,22,22,22,22,22,41,41,41,41],"current_hp_per_floor":[64,71,70,70,70,70,70,69,69,68,68,68,67,66,66,45,52,51,50,33,33,46,57,57,67,67,67,67,67,67,67,67,67,67,67,70,59,67,76,81,84,63,63,73,73,85,92,92,92,95,98,107,107],"gold":12575,"neow_bonus":"","is_daily":false,"chose_seed":false,"campfire_upgraded":11,"win_rate":0.0,"timestamp":1613408741,"path_taken":["M","?","M","M","?","R","$","M","T","E","?","R","E","M","R","BOSS","M","M","M","?","$","E","R","E","T","R","?","M","?","M","R","BOSS","M","?","?","M","M","E","$","?","T","M","R","M","E","M","R","BOSS","BOSS"],"items_purchased_type":["Card","Relic","Relic","Relic","Relic","Relic","Card","Card","Card","Relic","Relic","Relic","Card","Card","Relic","Relic","Relic","Card"],"build_version":"2020-12-22","purchased_purges":3,"victory":false,"max_hp_per_floor":[71,71,71,71,71,71,71,71,71,71,71,71,71,71,71,71,54,54,54,54,54,67,67,67,67,67,67,67,67,67,67,67,67,67,67,70,73,73,76,81,84,89,89,89,89,89,92,92,92,95,98,107,107],"card_choices":[{"not_picked":["Streamline","Barrage"],"picked":"FTL","floor":0},{"not_picked":["Rebound","Streamline"],"picked":"Ball Lightning","floor":0},{"not_picked":["Redo","Loop"],"picked":"Steam","floor":0},{"not_picked":["Defragment","Ball Lightning"],"picked":"Double Energy","floor":0},{"not_picked":["BasicCrystalCard","Darkness"],"picked":"Barrage","floor":0},{"not_picked":["Barrage","Panic Button"],"picked":"Leap","floor":0},{"not_picked":["Ball Lightning","Reprogram"],"picked":"Conserve Battery","floor":0},{"not_picked":["Rebound","BasicCrystalCard"],"picked":"Gash","floor":0},{"not_picked":["Rebound","Gash"],"picked":"Go for the Eyes","floor":0},{"not_picked":["Panic Button","Streamline"],"picked":"Leap","floor":0},{"not_picked":["Leap","Barrage"],"picked":"Gash","floor":0},{"not_picked":["Gash","Barrage"],"picked":"Compile Driver","floor":0},{"not_picked":["Crystallizer","Redo"],"picked":"Go for the Eyes","floor":0},{"not_picked":["Panic Button","Storm"],"picked":"FIFO Queue","floor":0},{"not_picked":["Redo","Reinforced Body"],"picked":"Coolheaded","floor":0},{"not_picked":["Turbo","Sweeping Beam"],"picked":"Gash","floor":10},{"not_picked":["Creative AI","Meteor Strike"],"picked":"Beam Cell","floor":13},{"not_picked":["Hyperbeam","Creative AI"],"picked":"Seek","floor":16},{"not_picked":["Hello World","Sunder","ReplayTheSpireMod:Repulse"],"picked":"SKIP","floor":23},{"not_picked":["Reprogram","Steam Power","ReplayTheSpireMod:Reroute Power"],"picked":"SKIP","floor":25},{"not_picked":["Hologram+1","Capacitor"],"picked":"Gash+1","floor":36},{"not_picked":["Sunder","Steam Power"],"picked":"ReplayTheSpireMod:Repulse","floor":37},{"not_picked":["Rebound","Coolheaded","Self Repair"],"picked":"Singing Bowl","floor":40},{"not_picked":["Hologram","ReplaySolidLightProjector+1","Steam"],"picked":"Singing Bowl","floor":42},{"not_picked":["Scrape","Defragment"],"picked":"Chill+1","floor":47},{"not_picked":["Thunder Strike","Electrodynamics"],"picked":"Machine Learning","floor":50},{"not_picked":["Creative AI","Biased Cognition"],"picked":"Seek","floor":51},{"not_picked":["Shame","Hallucinations","Parasite"],"picked":"Singing Bowl","floor":52},{"not_picked":["Voices","Sickly","Spreading Infection"],"picked":"Singing Bowl","floor":52},{"not_picked":["Languid","Pain","Regret"],"picked":"Singing Bowl","floor":52}],"player_experience":15701,"relics_obtained":[{"floor":1,"key":"Torii"},{"floor":3,"key":"Meat on the Bone"},{"floor":4,"key":"Carrot"},{"floor":8,"key":"StoneCalendar"},{"floor":9,"key":"Blue Candle"},{"floor":10,"key":"Replay:Arrowhead"},{"floor":13,"key":"ReplayFunnel"},{"floor":14,"key":"Boot"},{"floor":18,"key":"Replay:Accelerometer"},{"floor":19,"key":"Snack Pack"},{"floor":20,"key":"ReplayTheSpireMod:Lightbulb"},{"floor":23,"key":"Nunchaku"},{"floor":25,"key":"Bag of Marbles"},{"floor":26,"key":"MawBank"},{"floor":29,"key":"Centennial Puzzle"},{"floor":31,"key":"Pen Nib"},{"floor":35,"key":"Pet Ghost"},{"floor":36,"key":"Replay:Kaleidoscope"},{"floor":37,"key":"TungstenRod"},{"floor":38,"key":"Replay:Bandana"},{"floor":39,"key":"FossilizedHelix"},{"floor":40,"key":"Singing Bowl"},{"floor":42,"key":"Girya"},{"floor":43,"key":"Lantern"},{"floor":44,"key":"Happy Flower"},{"floor":46,"key":"Bottled Lightning"},{"floor":47,"key":"Ginger"},{"floor":48,"key":"Turnip"}],"event_choices":[{"damage_healed":17,"gold_gain":0,"player_choice":"Healed","damage_taken":0,"max_hp_gain":0,"max_hp_loss":0,"event_name":"The Cleric","floor":2,"gold_loss":35},{"damage_healed":0,"gold_gain":0,"player_choice":"Ignored","damage_taken":0,"max_hp_gain":0,"max_hp_loss":0,"event_name":"Golden Idol","floor":5,"gold_loss":0},{"damage_healed":0,"gold_gain":0,"player_choice":"Ignored","damage_taken":0,"max_hp_gain":0,"max_hp_loss":0,"event_name":"Vampires","floor":28,"gold_loss":0},{"damage_healed":0,"gold_gain":0,"player_choice":"Obtained Relic","damage_taken":0,"relics_obtained":["Letter Opener"],"max_hp_gain":0,"max_hp_loss":0,"event_name":"Addict","floor":30,"gold_loss":85},{"damage_healed":0,"gold_gain":0,"player_choice":"Fight","damage_taken":0,"max_hp_gain":0,"max_hp_loss":0,"event_name":"Mysterious Sphere","floor":36,"gold_loss":0},{"damage_healed":0,"gold_gain":0,"player_choice":"Fight","damage_taken":0,"max_hp_gain":0,"max_hp_loss":0,"event_name":"MindBloom","floor":37,"gold_loss":0}],"is_beta":false,"boss_relics":[{"not_picked":["Painkiller Herb","Cursed Key"],"picked":"Replay:Drink Me"},{"not_picked":["Replay:Bronze Core","ReplayTheSpireMod:DimensionalGlitch"],"picked":"Replay:Ancient Bell"},{"not_picked":["Replay:Bottled Snecko","Mercury Hourglass"],"picked":"ReplayTheSpireMod:Shallot"},{"not_picked":["Replay:Bottled Snecko","Mercury Hourglass"],"picked":"ReplayTheSpireMod:Shallot"},{"not_picked":["Counterbalance","Mango"],"picked":"CaptainsWheel"}],"items_purged_floors":[11,22,41],"is_endless":true,"potions_floor_spawned":[1,4,20,23,25,29,33,36,40,46,47,51],"ascension_level":20}}