{"host":"1a9bbjeis3rg03b1","time":1613370368,"event":{"mods":["Act Like it!","BaseMod","Gensokyo","Googly Eyes","Hermit","Mimic Mod","Minty Spire (QoL Compilation)","Morshu Shopkeeper","Reliquary","Replay The Spire","StSLib","The Administrix","The Jungle","The Poker Player","The Servant 0.9.4","Wide Potions","everything is the same but u backflip on backflip"],"gold_per_floor":[109,120,120,120,295,327,327,356,404,427,111,111,131,150,150,150,150],"floor_reached":16,"language":"ENG","playtime":1860,"items_purged":[],"score":110,"play_id":"af470c7b-56eb-4b30-9984-0a716043b8c5","local_time":"20210214232608","is_ascension_mode":false,"campfire_choices":[{"floor":7,"key":"REST"},{"data":"hermit:Snipe","floor":15,"key":"SMITH"}],"circlet_count":0,"master_deck":["hermit:Strike_Hermit","hermit:Strike_Hermit","hermit:Strike_Hermit","hermit:Strike_Hermit","hermit:Defend_Hermit","hermit:Defend_Hermit","hermit:Defend_Hermit","hermit:Defend_Hermit","hermit:Snapshot+1","hermit:Covet","hermit:FinalCanter","hermit:Ricochet+1","hermit:Snipe+1","Doubt","Doubt","hermit:Glare","hermit:LuckOfTheDraw","hermit:FinalCanter","hermit:Enervate","Regret","hermit:FullyLoaded","hermit:Ricochet"],"relics":["hermit:Momento","Strawberry","Bag of Marbles","MawBank","reliquary:HotPoker","MealTicket"],"acts_visited":["Exordium"],"potions_floor_usage":[8,16,16],"damage_taken":[{"damage":0,"enemies":"Small Slimes","floor":1,"turns":3},{"damage":6,"enemies":"Jaw Worm","floor":2,"turns":2},{"damage":37,"enemies":"3 Sentries","floor":6,"turns":12},{"damage":8,"enemies":"Lagavulin","floor":8,"turns":3},{"damage":2,"enemies":"2 Louse","floor":10,"turns":3},{"damage":5,"enemies":"Exordium Thugs","floor":13,"turns":2},{"damage":6,"enemies":"Exordium Wildlife","floor":14,"turns":4},{"damage":29,"enemies":"Fading Forest","floor":16,"turns":8}],"seed_played":"-6416991351313670109","potions_obtained":[{"floor":2,"key":"Dexterity Potion"},{"floor":6,"key":"SteroidPotion"},{"floor":8,"key":"LiquidBronze"},{"floor":14,"key":"EntropicBrew"}],"is_trial":false,"path_per_floor":["M","M","?","?","?","E","R","E","T","M","$","?","M","M","R","B"],"character_chosen":"HERMIT","items_purchased":["reliquary:HotPoker","hermit:Enervate"],"campfire_rested":1,"item_purchase_floors":[11,11],"current_hp_per_floor":[75,69,54,54,54,24,48,40,40,38,38,38,33,27,27,0,0],"gold":150,"neow_bonus":"ONE_RANDOM_RARE_CARD","is_daily":false,"chose_seed":false,"campfire_upgraded":1,"win_rate":0.0,"timestamp":1613370368,"path_taken":["M","M","?","?","?","E","R","E","T","?","$","?","M","M","R","BOSS"],"items_purchased_type":["Relic","Card"],"build_version":"2020-12-22","purchased_purges":0,"victory":false,"max_hp_per_floor":[75,75,75,75,75,82,82,82,82,82,82,82,82,82,82,82,82],"card_choices":[{"not_picked":["hermit:Misfire","hermit:FullyLoaded"],"picked":"hermit:Ricochet","floor":1},{"not_picked":["hermit:Headshot","hermit:HoleUp"],"picked":"hermit:Snipe","floor":2},{"not_picked":["hermit:GhostlyPresence","hermit:BodyArmor"],"picked":"hermit:Glare","floor":6},{"not_picked":["hermit:BigShot","hermit:Headshot"],"picked":"hermit:LuckOfTheDraw","floor":8},{"not_picked":["hermit:TakeCover","hermit:Dive"],"picked":"hermit:FinalCanter","floor":10},{"not_picked":["hermit:Dive","hermit:Headshot"],"picked":"hermit:FullyLoaded","floor":13},{"not_picked":["hermit:PistolWhip","hermit:Dive"],"picked":"hermit:Ricochet","floor":14}],"player_experience":691590,"relics_obtained":[{"floor":6,"key":"Strawberry"},{"floor":8,"key":"Bag of Marbles"},{"floor":9,"key":"MawBank"}],"event_choices":[{"damage_healed":0,"gold_gain":0,"player_choice":"Entered Light","damage_taken":15,"max_hp_gain":0,"max_hp_loss":0,"event_name":"Shining Light","floor":3,"gold_loss":0,"cards_upgraded":["hermit:Snapshot","hermit:Ricochet"]},{"damage_healed":0,"gold_gain":175,"player_choice":"AGREE","damage_taken":0,"max_hp_gain":0,"max_hp_loss":0,"event_name":"Liars Game","floor":5,"gold_loss":0,"cards_obtained":["Doubt"]},{"damage_healed":0,"gold_gain":0,"player_choice":"Box","damage_taken":0,"relics_obtained":["MealTicket"],"max_hp_gain":0,"max_hp_loss":0,"event_name":"Big Fish","floor":12,"gold_loss":0,"cards_obtained":["Regret"]}],"is_beta":false,"boss_relics":[],"items_purged_floors":[],"is_endless":false,"potions_floor_spawned":[2,6,8,14],"killed_by":"Fading Forest","ascension_level":0}}