{"host":"54mm1tki02sghvv0","time":1613356843,"event":{"mods":["BaseMod","Colored Map","Colored Powertips","Googly Eyes","Minty Spire (QoL Compilation)","Quick Restart","StSLib","everything is the same but u backflip on backflip","slay the spire mod where everything is the same but ironclad has a cowboy hat"],"gold_per_floor":[114,124,124,124,140,140,140,140,140,170,170,189,205,220,220,319,319,339,339,358,36,36,36,396,416,485,505,505,559,69,102,102,205,205,224,224,224,241,14,40,40,54,80,80,80],"floor_reached":44,"language":"ENG","playtime":22071,"items_purged":["Strike_R","Strike_R","Strike_R"],"score":471,"play_id":"2beddd35-9465-4178-9821-63fe4ad24f35","local_time":"20210214184043","is_ascension_mode":false,"campfire_choices":[{"data":"Clothesline","floor":6.0,"key":"SMITH"},{"data":"Bash","floor":11.0,"key":"SMITH"},{"data":"Pommel Strike","floor":15.0,"key":"SMITH"},{"data":"Double Tap","floor":23,"key":"SMITH"},{"floor":28,"key":"REST"},{"floor":32,"key":"REST"},{"floor":41,"key":"REST"}],"circlet_count":0,"master_deck":["Strike_R","Defend_R","Defend_R","Defend_R","Defend_R+1","Bash+1","True Grit+1","Headbutt","Clothesline+1","Iron Wave","Pommel Strike+1","Metallicize","Double Tap+1","Anger+1","Cleave","Whirlwind","Feed","Armaments","Inflame"],"relics":["Black Blood","Blood Vial","Odd Mushroom","Busted Crown","Sling","MutagenicStrength","Ornamental Fan","Bag of Marbles","StoneCalendar","Paper Frog","Toy Ornithopter","MealTicket"],"acts_visited":["Exordium","TheCity","TheBeyond"],"potions_floor_usage":[27,31,33,42],"damage_taken":[{"damage":13.0,"enemies":"Jaw Worm","floor":1.0,"turns":3.0},{"damage":2.0,"enemies":"2 Louse","floor":2.0,"turns":3.0},{"damage":0.0,"enemies":"Small Slimes","floor":5.0,"turns":3.0},{"damage":35.0,"enemies":"The Mushroom Lair","floor":10.0,"turns":6.0},{"damage":0.0,"enemies":"2 Fungi Beasts","floor":12.0,"turns":4.0},{"damage":1.0,"enemies":"Blue Slaver","floor":13.0,"turns":3.0},{"damage":0.0,"enemies":"3 Louse","floor":14.0,"turns":4.0},{"damage":35.0,"enemies":"The Guardian","floor":16.0,"turns":12.0},{"damage":11,"enemies":"Spheric Guardian","floor":18,"turns":4},{"damage":9,"enemies":"Shell Parasite","floor":20,"turns":5},{"damage":37,"enemies":"Centurion and Healer","floor":25,"turns":5},{"damage":8,"enemies":"Snake Plant","floor":27,"turns":5},{"damage":28,"enemies":"Slavers","floor":31,"turns":3},{"damage":59,"enemies":"Champ","floor":33,"turns":8},{"damage":0,"enemies":"3 Darklings","floor":35,"turns":1},{"damage":12,"enemies":"3 Shapes","floor":38,"turns":1},{"damage":77,"enemies":"Nemesis","floor":40,"turns":7},{"damage":32,"enemies":"Sphere and 2 Shapes","floor":42,"turns":6},{"damage":42,"enemies":"Writhing Mass","floor":44,"turns":4}],"seed_played":"-740086286827364863","potions_obtained":[{"floor":2.0,"key":"Dexterity Potion"},{"floor":12.0,"key":"Weak Potion"},{"floor":14.0,"key":"SkillPotion"},{"floor":16.0,"key":"Regen Potion"},{"floor":31,"key":"Explosive Potion"},{"floor":38,"key":"FearPotion"},{"floor":40,"key":"Block Potion"}],"is_trial":false,"path_per_floor":["M","M","?","?","M","R","?","?","T","?","R","M","M","M","R","B",null,"M","?","M","$","?","R","?","M","T","M","R","T","$","E","R","B",null,"M","?","?","M","$","E","R","M","T","M"],"character_chosen":"IRONCLAD","items_purchased":["FairyPotion","Sling","StoneCalendar","Whirlwind","CultistPotion"],"campfire_rested":3,"item_purchase_floors":[21,21,30,30,39],"current_hp_per_floor":[73,77,77,77,80,80,80,64,64,37,37,45,52,60,60,33,80,75,75,74,74,74,74,38,9,9,9,33,33,33,13,37,27,80,80,80,80,80,80,15,39,29,29,0,0],"gold":80,"neow_bonus":"","is_daily":false,"chose_seed":false,"campfire_upgraded":4,"win_rate":0.0,"timestamp":1613356843,"path_taken":["M","M","?","?","M","R","?","?","T","?","R","M","?","M","R","BOSS","M","?","M","$","?","R","?","M","T","?","R","?","$","E","R","BOSS","M","?","?","M","$","E","R","M","T","M"],"items_purchased_type":["Potion","Relic","Relic","Card","Potion"],"build_version":"2020-12-22","purchased_purges":3,"victory":false,"max_hp_per_floor":[80,80,80,80,80,80,80,80,80,80,80,80,80,80,80,80,80,80,80,80,80,80,80,80,80,80,80,80,80,80,80,80,80,80,80,80,80,80,80,80,80,83,83,83,83],"card_choices":[{"not_picked":["Perfected Strike","Body Slam"],"picked":"True Grit","floor":1.0},{"not_picked":["Feel No Pain","Rage"],"picked":"Headbutt","floor":2.0},{"not_picked":["Twin Strike","Power Through"],"picked":"Clothesline","floor":5.0},{"not_picked":["Burning Pact","Intimidate"],"picked":"Iron Wave","floor":10.0},{"not_picked":["Sword Boomerang","Dark Embrace"],"picked":"Pommel Strike","floor":12.0},{"not_picked":["Uppercut","True Grit","Pommel Strike"],"picked":"SKIP","floor":13.0},{"not_picked":["Uppercut","Fire Breathing"],"picked":"Metallicize","floor":14.0},{"not_picked":["Impervious","Bludgeon"],"picked":"Double Tap","floor":16.0},{"not_picked":["Clash"],"picked":"SKIP","floor":18},{"not_picked":[],"picked":"Anger+1","floor":20},{"not_picked":["Headbutt"],"picked":"SKIP","floor":25},{"not_picked":[],"picked":"Cleave","floor":27},{"not_picked":["Dropkick+1"],"picked":"SKIP","floor":31},{"not_picked":[],"picked":"Feed","floor":33},{"not_picked":["Anger+1"],"picked":"SKIP","floor":35},{"not_picked":[],"picked":"Inflame","floor":38},{"not_picked":["Thunderclap"],"picked":"SKIP","floor":40},{"not_picked":["Flex"],"picked":"SKIP","floor":42}],"player_experience":0,"relics_obtained":[{"floor":9.0,"key":"Blood Vial"},{"floor":10.0,"key":"Odd Mushroom"},{"floor":26,"key":"Ornamental Fan"},{"floor":29,"key":"Bag of Marbles"},{"floor":31,"key":"Paper Frog"},{"floor":40,"key":"Toy Ornithopter"},{"floor":43,"key":"MealTicket"}],"event_choices":[{"damage_healed":0.0,"max_hp_gain":0.0,"max_hp_loss":0.0,"gold_gain":0.0,"event_name":"Liars Game","player_choice":"Ignored","floor":3.0,"gold_loss":0.0,"damage_taken":0.0},{"damage_healed":0.0,"max_hp_gain":0.0,"max_hp_loss":0.0,"gold_gain":0.0,"event_name":"Golden Idol","player_choice":"Ignored","floor":4.0,"gold_loss":0.0,"damage_taken":0.0},{"damage_healed":0.0,"max_hp_gain":0.0,"max_hp_loss":0.0,"gold_gain":0.0,"event_name":"The Cleric","player_choice":"Leave","floor":7.0,"gold_loss":0.0,"damage_taken":0.0},{"damage_healed":0.0,"max_hp_gain":0.0,"max_hp_loss":0.0,"gold_gain":0.0,"event_name":"Shining Light","player_choice":"Entered Light","floor":8.0,"gold_loss":0.0,"damage_taken":16.0,"cards_upgraded":["True Grit","Defend_R"]},{"damage_healed":0.0,"max_hp_gain":0.0,"max_hp_loss":0.0,"gold_gain":0.0,"event_name":"Mushrooms","player_choice":"Fought Mushrooms","floor":10.0,"gold_loss":0.0,"damage_taken":0.0},{"damage_healed":0,"gold_gain":0,"player_choice":"Ignored","damage_taken":0,"max_hp_gain":0,"max_hp_loss":0,"event_name":"Ghosts","floor":19,"gold_loss":0},{"damage_healed":0,"gold_gain":0,"player_choice":"Inject Mutagens","damage_taken":0,"relics_obtained":["MutagenicStrength"],"max_hp_gain":0,"max_hp_loss":0,"event_name":"Drug Dealer","floor":22,"gold_loss":0},{"damage_healed":0,"gold_gain":360,"player_choice":"GOLD GOLD GOLD GOLD ","damage_taken":36,"max_hp_gain":0,"max_hp_loss":0,"event_name":"Knowing Skull","floor":24,"potions_obtained":[],"gold_loss":0,"cards_obtained":[]},{"damage_healed":0,"gold_gain":0,"player_choice":"Memory 1","damage_taken":0,"max_hp_gain":0,"max_hp_loss":0,"event_name":"SensoryStone","floor":36,"gold_loss":0},{"damage_healed":0,"gold_gain":0,"cards_transformed":["Strike_R"],"player_choice":"Transformed","damage_taken":0,"max_hp_gain":0,"max_hp_loss":0,"event_name":"Transmorgrifier","floor":37,"gold_loss":0,"cards_obtained":["Armaments"]}],"is_beta":false,"boss_relics":[{"not_picked":["Sozu","Cursed Key"],"picked":"Busted Crown"},{"not_picked":["Black Star","Fusion Hammer"],"picked":"Black Blood"}],"items_purged_floors":[21,30,39],"is_endless":false,"potions_floor_spawned":[2,12,14,16,31,38,40],"killed_by":"Writhing Mass","ascension_level":0}}