{"host":"j1dv7kwky60lg19i","time":1613364787,"event":{"mods":["ATMod(阿瑾Mod)","AchievementEnabler","Act Like it!","BaseMod","Better Vampires","Bossed Relics","Colored Powertips","Conspire","Friendly Minions","Gensokyo","Gold Saver","Highlight Path","KinomotoSakuraMod(木之本樱)","Minty Spire (QoL Compilation)","MostiFishMod","Quarter Circle Forward PUNCH!","Quick Restart","Rare Cards Sparkle","Reimu（博丽灵梦）","Reliquary","Replay The Spire","RumiaBox-露米娅的神秘盒子","StSLib","TestMod","The Servant 0.9.4","Yakumo Yukari mod","noobMod","【功能Mod】强力的原版药水","【功能Mod】混沌之环修复补丁","【遗物Mod】简单游戏","【遗物卡牌】REMEMod","篝火指南"],"gold_per_floor":[-601,-585,-585,-570,-570,-535,-535,-535,-535,-135,-104,-104,-71,31,31,128,128,148,181,191,210,226,239,272,289,289,289,289,316,61,93,93,214,214,256,278,290,302,314,326,338,338],"floor_reached":41,"language":"ZHS","playtime":3348,"items_purged":["Clumsy"],"score":804,"play_id":"79f115b8-aaec-46dc-bcde-ebcd1e74f447","local_time":"20210215125307","is_ascension_mode":true,"campfire_choices":[{"data":"AT_EssenceShift","floor":8,"key":"SMITH"},{"floor":15,"key":"REST"},{"data":"Mirror_Drifter_purple","floor":27,"key":"SMITH"},{"floor":32,"key":"RECALL"}],"circlet_count":0,"master_deck":["AT_purpleEX","AT_purpleEX","AT_purpleEX","AT_purpleEX","Defend_purpleEX","Defend_purpleEX","Defend_purpleEX","Defend_purpleEX","Observe_purple_1","Observe_purple_2","Blind","AT_EssenceShift+1","Shallow_ocean_purpleEX","MeetDecomposer_purple","Boundary_ObjectiveBoundary_purple","StretchesForeverDream_purple","SharpContractionReality_purple","StateErode_purple","Worldmountain_purple","Bait_Toxicbait_purple","Monsters_DoubleDeathButterfly_purple","DimensionStaggered_purple","DimensionStaggered_purple","RuleDissolution_purple+1","CommonSense_AntiCommonSense_purple+1","Mirror_Drifter_purple+1","MostiFishMod:PerfectForm","ProofOfUnderstanding_purple","Boundary_LifeAndDeath_purple","ButterflyHabitatTemple_purple","Worldmountain_purple+1","Gensokyo:RisingWorld+1"],"relics":["Boundary_crack","Memoryfragments_purpleEX","EasyRelic","REME_ComplimentaryCards","ice","DaveBox","AT_ATBox","testmod-Register","SynthV:MejaisSoulstealer","Parasol_purpleEX","SynthV:TestCard","Gensokyo:NagashiBinaDoll","qcfpunch:Red_Gi","BionicSphere","reliquary:IridiumChain","AT_BellDemon","Bird Faced Urn","Replay:Grab Bag","ChewingGum","SlaversCollar","testmod-Nine","Gremlin Food","reliquary:JackalopeAntler","Omamori","AT_BladeRuinedKing","Bag of Preparation","testmod-BouquetWithThorns","Potion Belt","reliquary:QuartzCube","reliquary:FerryPass","reliquary:Aerogel","reliquary:PartyBalloon","REME_HandOfSuture","Strawberry","Anchor","reliquary:RoseTintedGlasses","testmod-CardMagician","MawBank","reliquary:Knoch"],"acts_visited":["Gensokyo:Gensokyo","TheCity","Gensokyo:Gensokyoest"],"potions_floor_usage":[2,16,24,33],"damage_taken":[{"damage":2,"enemies":"Gensokyo:Gryphon","floor":1,"turns":4},{"damage":0,"enemies":"Gensokyo:3_Fairies","floor":2,"turns":3},{"damage":0,"enemies":"Gensokyo:2_Kodama","floor":4,"turns":2},{"damage":19,"enemies":"Gensokyo:Cirno","floor":6,"turns":8},{"damage":14,"enemies":"Gensokyo:Aya","floor":11,"turns":3},{"damage":12,"enemies":"Gensokyo:Cirno","floor":13,"turns":6},{"damage":0,"enemies":"Gensokyo:Kokoro","floor":16,"turns":4},{"damage":0,"enemies":"Chosen","floor":18,"turns":3},{"damage":0,"enemies":"conspire:MimicChest","floor":19,"turns":4},{"damage":0,"enemies":"2 Thieves","floor":20,"turns":1},{"damage":0,"enemies":"Snake Plant","floor":21,"turns":3},{"damage":0,"enemies":"Chosen and Byrds","floor":22,"turns":2},{"damage":0,"enemies":"Shelled Parasite and Fungi","floor":23,"turns":3},{"damage":26,"enemies":"REME_1_Revenger","floor":24,"turns":2},{"damage":0,"enemies":"Snecko","floor":25,"turns":3},{"damage":0,"enemies":"Gremlin Leader","floor":31,"turns":3},{"damage":0,"enemies":"Collector","floor":33,"turns":5},{"damage":0,"enemies":"Gensokyo:3_Bats","floor":35,"turns":3},{"damage":0,"enemies":"Gensokyo:AncientGuardian","floor":36,"turns":3},{"damage":0,"enemies":"Gensokyo:AncientGuardian","floor":37,"turns":4},{"damage":0,"enemies":"Gensokyo:Sharpion","floor":41,"turns":1}],"seed_played":"3171969182375278045","potions_obtained":[{"floor":1,"key":"Regen Potion"},{"floor":2,"key":"Fruit Juice"},{"floor":16,"key":"SpeedPotion"},{"floor":19,"key":"Weak Potion"},{"floor":20,"key":"AttackPotion"},{"floor":21,"key":"Energy Potion"},{"floor":24,"key":"Swift Potion"},{"floor":25,"key":"Fire Potion"},{"floor":35,"key":"Strength Potion"}],"is_trial":false,"path_per_floor":["M","M","?","M","COS","E","?","R","T","?","E","?","E","?","R","B",null,"M","?","M","M","M","M","E","M","T","R","?","T","$","E","R","B",null,"M","M","?","?","PTL","PTL","M"],"character_chosen":"Youkari","items_purchased":["MostiFishMod:PerfectForm"],"campfire_rested":1,"item_purchase_floors":[30],"current_hp_per_floor":[49,61,61,63,63,45,45,45,45,45,32,40,29,7,33,61,88,88,88,88,88,88,88,67,76,76,76,76,76,76,94,94,95,95,95,95,95,95,95,95,95,95],"gold":338,"neow_bonus":"ONE_RARE_RELIC","is_daily":false,"chose_seed":false,"campfire_upgraded":2,"win_rate":0.0,"timestamp":1613364787,"path_taken":["M","M","?","M","COS","E","?","R","T","?","E","?","E","?","R","BOSS","M","?","M","M","M","?","E","?","T","R","?","?","$","E","R","BOSS","M","M","?","?","PTL","PTL","M"],"items_purchased_type":["Card"],"build_version":"2020-12-22","purchased_purges":1,"victory":false,"max_hp_per_floor":[70,80,80,80,80,80,80,80,80,80,80,88,88,88,88,88,88,88,88,88,88,88,88,88,88,88,88,88,88,88,95,95,95,95,95,95,95,95,95,95,95,95],"card_choices":[{"not_picked":["Umbrella_purple","SfantasyHide_purple"],"picked":"Shallow_ocean_purpleEX","floor":1},{"not_picked":["SharpContractionReality_purple","Boundary_DreamRealityDamnation_purple","Computing_the_future_purpleEX","SfantasyHide_purple"],"picked":"MeetDecomposer_purple","floor":2},{"not_picked":["DimensionStaggered_purple","PositiveMatter_Antimatter_Universe_purple","RuleDissolution_purple","WingOfChimera_purple"],"picked":"Boundary_ObjectiveBoundary_purple","floor":4},{"not_picked":["Shallow_ocean_purpleEX","Theboundaryofcreation_purpleEX","ExistenceContinue_purple","StateDuplicate_purple"],"picked":"StretchesForeverDream_purple","floor":6},{"not_picked":["StateErode_purple","OmniscientAndOmnipotent_Monster_purple","DimensionStaggered_purple","Boundary_DreamRealityDamnation_purple"],"picked":"SharpContractionReality_purple","floor":7},{"not_picked":["Boundary_DynamicStaticEquilibrium_purple","SharpContractionReality_purple","Realm_recovery_purpleEX","AdvanceAttack_purple"],"picked":"StateErode_purple","floor":7},{"not_picked":["Extrememeaning_purpleEX","Charmbait_purple","Boundary_DreamRealityDamnation_purple","AdvanceAttack_purple","LoveAcrossDimensions_purple"],"picked":"SKIP","floor":11},{"not_picked":["Charmbait_purple","PurpleNeedle_purple","RuleDissolution_purple","RealityDreamConfluencek_purple"],"picked":"Worldmountain_purple","floor":13},{"not_picked":["MonsterNeedle_purple","SfantasyHide_purple","StateErode_purple","ExternalForce_HighSpeedFlying_purple"],"picked":"Bait_Toxicbait_purple","floor":14},{"not_picked":["WangLiang_LineAndCurveDreams_purple","Mirror_TwoAndThreeElementRealm_purple","Boundary_LifeAndDeath_purple","Computing_the_future_purpleEX"],"picked":"Monsters_DoubleDeathButterfly_purple","floor":16},{"not_picked":["SharpContractionReality_purple","PurpleNeedle_purple+1","StateErode_purple","ExistenceContinue_purple"],"picked":"DimensionStaggered_purple","floor":18},{"not_picked":["Price_of_realm_purpleEX","SfantasyHide_purple","StateErode_purple+1","Line_surface_state_purple"],"picked":"DimensionStaggered_purple","floor":19},{"not_picked":["WorldDissolvedintheRealm_purple","EighthInstrument_OneDividesIntoTwo_purple+1","StateErode_purple","Line_surface_state_purple+1","Umbrella_purple"],"picked":"SKIP","floor":20},{"not_picked":["Fantasy_PerpetualMotionMachine_purple","AdvanceAttack_purple","ExistenceContinue_purple","Line_surface_state_purple","Boundary_of_Extermination_purpleEX+1"],"picked":"SKIP","floor":21},{"not_picked":["SharpContractionReality_purple","Realm_recovery_purpleEX+1","Mirror_FormAndEmptin_purple","MonsterNeedle_purple","Extrememeaning_purpleEX+1"],"picked":"SKIP","floor":22},{"not_picked":["Know_ledgeAbilityRealm_purple","ExistenceContinue_purple","Fantasy_PerpetualMotionMachine_purple","Mirror_FourBoundary_purple+1"],"picked":"RuleDissolution_purple+1","floor":23},{"not_picked":["DimensionStaggered_purple","Realm_recovery_purpleEX","MeetDecomposer_purple","WangLiang_OokamiKakushi_purple"],"picked":"CommonSense_AntiCommonSense_purple+1","floor":24},{"not_picked":["OmniscientAndOmnipotent_Monster_purple","Worldmountain_purple","Umbrella_purple","Line_surface_state_purple"],"picked":"Mirror_Drifter_purple","floor":25},{"not_picked":["Anti_communist_purple","Worldmountain_purple","DimensionStaggered_purple","Mirror_Drifter_purple+1"],"picked":"ProofOfUnderstanding_purple","floor":31},{"not_picked":["MagicEyes_LaplaceDemon_purple","WasteWire_Metro_purple","ProofOfUnderstanding_purple","WangLiang_LineAndCurveDreams_purple"],"picked":"Boundary_LifeAndDeath_purple","floor":33},{"not_picked":["AdvanceAttack_purple","Boundary_LightAndDark_purple","ExistenceContinue_purple+1","Line_surface_state_purple"],"picked":"ButterflyHabitatTemple_purple","floor":35},{"not_picked":["MeetDecomposer_purple","Mirror_Drifter_purple+1","Mirror_FormAndEmptin_purple","Shallow_ocean_purpleEX"],"picked":"Worldmountain_purple+1","floor":36},{"not_picked":["Gensokyo:LifeSpringInfinity+1","Gensokyo:Dawn+1"],"picked":"Gensokyo:RisingWorld+1","floor":37}],"player_experience":204364,"relics_obtained":[{"floor":1,"key":"SynthV:TestCard"},{"floor":6,"key":"qcfpunch:Red_Gi"},{"floor":11,"key":"BionicSphere"},{"floor":13,"key":"reliquary:IridiumChain"},{"floor":14,"key":"AT_BellDemon"},{"floor":16,"key":"Bird Faced Urn"},{"floor":18,"key":"Gremlin Food"},{"floor":19,"key":"reliquary:JackalopeAntler"},{"floor":19,"key":"Omamori"},{"floor":20,"key":"AT_BladeRuinedKing"},{"floor":21,"key":"Bag of Preparation"},{"floor":22,"key":"testmod-BouquetWithThorns"},{"floor":23,"key":"Potion Belt"},{"floor":24,"key":"reliquary:QuartzCube"},{"floor":24,"key":"reliquary:FerryPass"},{"floor":25,"key":"reliquary:Aerogel"},{"floor":26,"key":"reliquary:PartyBalloon"},{"floor":29,"key":"REME_HandOfSuture"},{"floor":31,"key":"Strawberry"},{"floor":31,"key":"Anchor"},{"floor":33,"key":"reliquary:RoseTintedGlasses"},{"floor":35,"key":"MawBank"},{"floor":36,"key":"reliquary:Knoch"}],"event_choices":[{"damage_healed":0,"gold_gain":400,"player_choice":"Sell","damage_taken":0,"max_hp_gain":0,"max_hp_loss":0,"event_name":"恩洛斯的盘子","floor":10,"relics_lost":["testmod-TestBox"],"gold_loss":0},{"damage_healed":0,"gold_gain":0,"player_choice":"Leave","damage_taken":0,"max_hp_gain":0,"max_hp_loss":0,"event_name":"conspire:Investor","floor":28,"gold_loss":0}],"is_beta":false,"boss_relics":[{"not_picked":["testmod-TimeTraveler","FixedStarFall"],"picked":"Replay:Grab Bag"},{"not_picked":["Fusion Hammer","Runic Dome"],"picked":"ChewingGum"},{"not_picked":["Cursed Key","Coffee Dripper"],"picked":"SlaversCollar"},{"not_picked":["testmod-HarvestTotem","testmod-EnergyCheck"],"picked":"testmod-Nine"},{"not_picked":["testmod-Fanaticism","reliquary:KinkedSpring"],"picked":"testmod-CardMagician"}],"items_purged_floors":[30],"is_endless":false,"potions_floor_spawned":[1,2,16,19,20,21,24,25,35],"killed_by":"Gensokyo:Sharpion","ascension_level":1}}