{"host":"hemqwg9ve6welna9","time":1613358609,"event":{"mods":["AchievementEnabler","BaseMod","Bestiary","Better Match","Downfall","Highlight Path","Minty Spire (QoL Compilation)","Quick Restart","Rare Cards Sparkle","Relic Stats","StSLib","SuperFastMode","Td1madao Mod","The Bug Knight","The Disciple","The Forsaken","The Poker Player","The Senshi","The Wild Card"],"gold_per_floor":[112,126,201,215,25,25,54,54,54,79,96,111,124,139,139,238,238,255,255,275,275,287,620,635,635,689,689,716,274,274,303,303,407,407,422,422,29,41,56,107,127,127,127,127,127],"floor_reached":44,"language":"ENG","playtime":4676,"items_purged":[],"score":570,"play_id":"d0c5ca44-c3aa-48dc-9aa6-9951a006cd8b","local_time":"20210214211009","is_ascension_mode":false,"campfire_choices":[{"data":"theSenshi:MoonPrismPowerMakeUp","floor":6.0,"key":"SMITH"},{"data":"theSenshi:MercurysCunning","floor":8.0,"key":"SMITH"},{"floor":15,"key":"REST"},{"floor":25,"key":"REST"},{"floor":30,"key":"REST"},{"data":"theSenshi:SailorCosmosAssists","floor":32,"key":"SMITH"}],"circlet_count":0,"master_deck":["theSenshi:SailorKick","theSenshi:SailorKick","theSenshi:SailorKick+1","theSenshi:SailorBlock","theSenshi:SailorBlock","theSenshi:RoseThrow","theSenshi:MoonPrismPowerMakeUp+1","theSenshi:TuxedoSmokingBomber","theSenshi:SailorVenusAssists","theSenshi:CrisisMakeUp","theSenshi:VenusGlamour+1","theSenshi:MercurysCunning+1","theSenshi:MoonPunch","theSenshi:MoonlightKnight","theSenshi:SaturnsMystery","theSenshi:SailorChibiMoonAssists","theSenshi:SailorPlanetPower","theSenshi:LunaSensingAllies","theSenshi:GatheringStrength+1","theSenshi:MoonPunch+1","theSenshi:MoonGorgeousMeditation+1","theSenshi:MoonKick+1","theSenshi:MoonPrincessHalation","theSenshi:SailorStarMakerAssists","theSenshi:IWillPunishYou","theSenshi:TallSilhouette","theSenshi:MoonCrisisMakeUp","theSenshi:StudyParty","theSenshi:SailorCosmosAssists+1","theSenshi:StudyParty","theSenshi:NeptunesGrace+1","theForsaken:PlagueCurse","LockedBlood+1","theWildCard:Sakuya+1","theForsaken:Eulogy+1","Deep Breath"],"relics":["theSenshi:TransformationBroochRelic","Whetstone","theForsaken:ScaryMask","Odd Mushroom","Astrolabe","MutagenicStrength","Nloth\u0027s Gift","Old Coin","Pen Nib","theSenshi:CutieMoonRodRelic","theForsaken:HumbleEgg","Matryoshka","Snecko Eye","theForsaken:PlagueMask","PrismaticShard","Molten Egg 2","Ice Cream","Centennial Puzzle","Ancient Tea Set"],"acts_visited":["Exordium","TheCity","TheBeyond"],"potions_floor_usage":[12,14,16,20,22,28,31,33,35,39,40],"damage_taken":[{"damage":4.0,"enemies":"Cultist","floor":1.0,"turns":4.0},{"damage":0.0,"enemies":"2 Louse","floor":2.0,"turns":2.0},{"damage":0.0,"enemies":"Jaw Worm","floor":4.0,"turns":4.0},{"damage":14.0,"enemies":"Lagavulin","floor":7.0,"turns":5.0},{"damage":23.0,"enemies":"The Mushroom Lair","floor":10.0,"turns":4.0},{"damage":1.0,"enemies":"Blue Slaver","floor":11.0,"turns":3.0},{"damage":3,"enemies":"Lots of Slimes","floor":12,"turns":3},{"damage":28,"enemies":"Large Slime","floor":13,"turns":6},{"damage":8,"enemies":"Exordium Thugs","floor":14,"turns":3},{"damage":13,"enemies":"Hexaghost","floor":16,"turns":7},{"damage":24,"enemies":"Spheric Guardian","floor":18,"turns":4},{"damage":20,"enemies":"3 Byrds","floor":20,"turns":4},{"damage":21,"enemies":"Centurion and Healer","floor":22,"turns":6},{"damage":38,"enemies":"Gremlin Leader","floor":23,"turns":7},{"damage":15,"enemies":"Snake Plant","floor":24,"turns":5},{"damage":18,"enemies":"Book of Stabbing","floor":28,"turns":5},{"damage":0,"enemies":"HollowMod:Nosk","floor":31,"turns":6},{"damage":18,"enemies":"Champ","floor":33,"turns":13},{"damage":6,"enemies":"3 Darklings","floor":35,"turns":2},{"damage":6,"enemies":"3 Shapes","floor":38,"turns":2},{"damage":7,"enemies":"3 Darklings","floor":39,"turns":4},{"damage":64,"enemies":"2 Orb Walkers","floor":40,"turns":5},{"damage":18,"enemies":"Spire Growth","floor":41,"turns":4},{"damage":19,"enemies":"Writhing Mass","floor":44,"turns":4}],"seed_played":"-8684451196669168694","potions_obtained":[{"floor":7.0,"key":"DuplicationPotion"},{"floor":11.0,"key":"SteroidPotion"},{"floor":12,"key":"CultistPotion"},{"floor":14,"key":"Explosive Potion"},{"floor":16,"key":"FearPotion"},{"floor":20,"key":"Regen Potion"},{"floor":28,"key":"CultistPotion"},{"floor":31,"key":"Weak Potion"},{"floor":33,"key":"Block Potion"},{"floor":35,"key":"Guardian:BlockOnCardUsePotion"},{"floor":39,"key":"SkillPotion"},{"floor":40,"key":"Strength Potion"}],"is_trial":false,"path_per_floor":["M","M","?","M","$","R","E","R","T","?","M","M","M","M","R","B",null,"M","?","M","?","M","E","M","R","T","?","E","$","R","E","R","B",null,"M","?","$","M","M","?","M","?","T","M"],"character_chosen":"THE_SENSHI","items_purchased":["theSenshi:VenusGlamour","Whetstone","theForsaken:HumbleEgg","Slimebound:ThreeZeroPotion","theSenshi:StudyParty","PrismaticShard","Molten Egg 2"],"campfire_rested":3,"item_purchase_floors":[5,5,29,29,29,37,37],"current_hp_per_floor":[78,78,67,67,67,67,53,53,53,30,29,26,8,20,44,41,82,58,58,41,41,35,10,5,29,29,13,10,10,36,52,52,44,87,81,81,81,85,78,26,20,20,20,1,1],"gold":127,"neow_bonus":"TEN_PERCENT_HP_BONUS","is_daily":false,"chose_seed":false,"campfire_upgraded":3,"win_rate":0.0,"timestamp":1613358609,"path_taken":["M","?","?","M","$","R","E","R","T","?","M","M","M","M","R","BOSS","M","?","M","?","?","E","M","R","T","?","E","$","R","E","R","BOSS","M","?","$","M","M","?","M","?","T","M"],"items_purchased_type":["Card","Relic","Relic","Potion","Card","Relic","Relic"],"build_version":"2020-12-22","purchased_purges":0,"victory":false,"max_hp_per_floor":[82,82,82,82,82,82,82,82,82,82,82,82,82,82,82,82,82,82,82,82,82,82,82,82,82,82,87,87,87,87,87,87,87,87,87,87,87,87,87,87,87,87,87,87,87],"relic_stats":{"Centennial Puzzle":[3],"counters":[24,112],"Astrolabe":["theSenshi:GatheringStrength","theSenshi:MoonPunch","theSenshi:MoonGorgeousMeditation"],"Snecko Eye":[56,29,37,37],"Pen Nib":[9],"Nloth\u0027s Gift":3,"Whetstone":["theSenshi:VenusGlamour","theSenshi:SailorKick"],"obtain_stats":[{"theSenshi:CutieMoonRodRelic":28,"Ice Cream":40,"theForsaken:ScaryMask":9,"Astrolabe":17,"Pen Nib":26,"Whetstone":5,"Ginger":7,"Odd Mushroom":10,"theForsaken:PlagueMask":36,"PrismaticShard":37,"Ancient Tea Set":43,"Old Coin":23,"theForsaken:HumbleEgg":29,"Centennial Puzzle":43,"theSenshi:TransformationBroochRelic":0,"Matryoshka":31,"MutagenicStrength":19,"Snecko Eye":34,"Molten Egg 2":37,"Nloth\u0027s Gift":21},{"theSenshi:CutieMoonRodRelic":16,"Ice Cream":22,"theForsaken:ScaryMask":4,"Astrolabe":10,"Pen Nib":15,"Whetstone":3,"Ginger":4,"Odd Mushroom":5,"theForsaken:PlagueMask":19,"PrismaticShard":19,"Ancient Tea Set":23,"Old Coin":14,"theForsaken:HumbleEgg":16,"Centennial Puzzle":23,"theSenshi:TransformationBroochRelic":0,"Matryoshka":17,"MutagenicStrength":11,"Snecko Eye":18,"Molten Egg 2":19,"Nloth\u0027s Gift":12},{"theSenshi:CutieMoonRodRelic":72,"Ice Cream":104,"theForsaken:ScaryMask":15,"Astrolabe":41,"Pen Nib":67,"Whetstone":10,"Ginger":15,"Odd Mushroom":19,"theForsaken:PlagueMask":93,"PrismaticShard":93,"Ancient Tea Set":108,"Old Coin":62,"theForsaken:HumbleEgg":72,"Centennial Puzzle":108,"theSenshi:TransformationBroochRelic":0,"Matryoshka":78,"MutagenicStrength":45,"Snecko Eye":91,"Molten Egg 2":93,"Nloth\u0027s Gift":49}]},"card_choices":[{"not_picked":["theSenshi:MoonPrincessHalation","theSenshi:SailorV"],"picked":"theSenshi:TuxedoSmokingBomber","floor":1.0},{"not_picked":["theSenshi:EncouragingSpeech","theSenshi:MercurysCunning"],"picked":"theSenshi:SailorVenusAssists","floor":2.0},{"not_picked":["theSenshi:EncouragingSpeech","theSenshi:Sidestep"],"picked":"theSenshi:CrisisMakeUp","floor":4.0},{"not_picked":["theSenshi:Sidestep","theSenshi:MoonTiaraMagic"],"picked":"theSenshi:MercurysCunning","floor":7.0},{"not_picked":["theSenshi:LunasBite","theSenshi:SailorVenusAssists"],"picked":"theSenshi:MoonPunch","floor":10.0},{"not_picked":["theSenshi:MoonKick","theSenshi:ChibiMoonsLove"],"picked":"theSenshi:MoonlightKnight","floor":11.0},{"not_picked":["theSenshi:LateForSchool","theSenshi:SailorStarMakerAssists"],"picked":"theSenshi:SaturnsMystery","floor":12},{"not_picked":["theSenshi:SupersonicWaves","theSenshi:TuxedoSmokingBomber"],"picked":"theSenshi:SailorChibiMoonAssists","floor":13},{"not_picked":["theSenshi:SchoolBag","theSenshi:KlutzyLuck"],"picked":"theSenshi:SailorPlanetPower","floor":14},{"not_picked":["theSenshi:SailorPlutoAssists","theSenshi:SailorStarHealerAssists"],"picked":"theSenshi:LunaSensingAllies","floor":16},{"not_picked":["theSenshi:MoonlightKnight","theSenshi:MoonPunch"],"picked":"theSenshi:MoonKick+1","floor":18},{"not_picked":["theSenshi:LunasBite","theSenshi:TuxedoSmokingBomber"],"picked":"theSenshi:MoonPrincessHalation","floor":20},{"not_picked":["theSenshi:SailorV+1","theSenshi:MoonTwilightFlash+1"],"picked":"theSenshi:SailorStarMakerAssists","floor":22},{"not_picked":["theSenshi:MoonsReflection+1","theSenshi:StudyParty"],"picked":"theSenshi:IWillPunishYou","floor":23},{"not_picked":["theSenshi:MoonsReflection","theSenshi:TuxedoSmokingBomber"],"picked":"theSenshi:TallSilhouette","floor":24},{"not_picked":["theSenshi:LunasBite+1","theSenshi:YouCanTalk"],"picked":"theSenshi:MoonCrisisMakeUp","floor":28},{"not_picked":["theSenshi:SchoolBag+1","theSenshi:KlutzyLuck"],"picked":"theSenshi:SailorCosmosAssists","floor":31},{"not_picked":["theSenshi:SailorStarHealerAssists","theSenshi:GlimpseOfThePast"],"picked":"theSenshi:StudyParty","floor":33},{"not_picked":["theSenshi:PlutosSolemnity+1","theSenshi:MoonKick+1"],"picked":"theSenshi:NeptunesGrace+1","floor":35},{"not_picked":["Awareness+1","Guardian:Gem_Purple"],"picked":"LockedBlood+1","floor":38},{"not_picked":["Guardian:CrystalBeam+1","Guardian:Reroute+1","theForsaken:CreepingInfection+1"],"picked":"SKIP","floor":39},{"not_picked":["theForsaken:QuickAttack+1","DeusExMachina"],"picked":"theWildCard:Sakuya+1","floor":40},{"not_picked":["bronze:Shell","theSenshi:SchoolBag+1"],"picked":"theForsaken:Eulogy+1","floor":41},{"not_picked":["Mayhem","Jack Of All Trades"],"picked":"Deep Breath","floor":42}],"player_experience":251,"relics_obtained":[{"floor":7.0,"key":"Ginger"},{"floor":9.0,"key":"theForsaken:ScaryMask"},{"floor":10.0,"key":"Odd Mushroom"},{"floor":23,"key":"Old Coin"},{"floor":26,"key":"Pen Nib"},{"floor":28,"key":"theSenshi:CutieMoonRodRelic"},{"floor":31,"key":"Matryoshka"},{"floor":40,"key":"Ice Cream"},{"floor":43,"key":"Centennial Puzzle"},{"floor":43,"key":"Ancient Tea Set"}],"event_choices":[{"damage_healed":0.0,"max_hp_gain":0.0,"max_hp_loss":0.0,"gold_gain":75.0,"event_name":"World of Goop","player_choice":"Gather Gold","floor":3.0,"gold_loss":0.0,"damage_taken":11.0},{"damage_healed":0.0,"max_hp_gain":0.0,"max_hp_loss":0.0,"gold_gain":0.0,"event_name":"Mushrooms","player_choice":"Fought Mushrooms","floor":10.0,"gold_loss":0.0,"damage_taken":0.0},{"damage_healed":0,"gold_gain":0,"player_choice":"Inject Mutagens","damage_taken":0,"relics_obtained":["MutagenicStrength"],"max_hp_gain":0,"max_hp_loss":0,"event_name":"Drug Dealer","floor":19,"gold_loss":0},{"damage_healed":0,"gold_gain":0,"player_choice":"Traded Relic","damage_taken":0,"relics_obtained":["Nloth\u0027s Gift"],"max_hp_gain":0,"max_hp_loss":0,"event_name":"N\u0027loth","floor":21,"relics_lost":["Ginger"],"gold_loss":0},{"damage_healed":0,"gold_gain":0,"player_choice":"Shed Blood","damage_taken":21,"max_hp_gain":5,"max_hp_loss":0,"event_name":"Forgotten Altar","floor":27,"gold_loss":0},{"damage_healed":0,"gold_gain":0,"player_choice":"Obtain Plague Curse","damage_taken":0,"max_hp_gain":0,"max_hp_loss":0,"event_name":"Plague Doctor","floor":36,"gold_loss":0,"cards_obtained":["theForsaken:PlagueCurse"]},{"damage_healed":0,"gold_gain":0,"player_choice":"Fight","damage_taken":0,"max_hp_gain":0,"max_hp_loss":0,"event_name":"Mysterious Sphere","floor":40,"gold_loss":0},{"damage_healed":0,"gold_gain":0,"player_choice":"Memory 1","damage_taken":0,"max_hp_gain":0,"max_hp_loss":0,"event_name":"SensoryStone","floor":42,"gold_loss":0}],"is_beta":false,"boss_relics":[{"not_picked":["Philosopher\u0027s Stone","Velvet Choker"],"picked":"Astrolabe"},{"not_picked":["Runic Pyramid","Busted Crown"],"picked":"Snecko Eye"}],"items_purged_floors":[],"is_endless":false,"potions_floor_spawned":[7,11,12,14,16,20,28,31,33,35,39,40],"killed_by":"Writhing Mass","ascension_level":0}}