{"host":"phniwng9zo19jwdb","time":1613402280,"event":{"mods":["AchievementEnabler","BaseMod","Colored Powertips","Dark Map","Faster Ascension Climbing","GifTheSpireLib","Minty Spire (QoL Compilation)","Permanent Neow","Rare Cards Sparkle","Relic Filter Mod","StSLib","Weighted Paths"],"gold_per_floor":[411,425,436,20,35,61,61,89,114,134,134,134],"floor_reached":11,"language":"ENG","playtime":332,"items_purged":[],"score":170,"play_id":"4524a360-e46e-4314-b2a0-c13e05cb2fad","local_time":"20210215161800","is_ascension_mode":true,"campfire_choices":[{"data":"Glass Knife","floor":7,"key":"SMITH"}],"circlet_count":0,"master_deck":["AscendersBane","Strike_G","Strike_G","Strike_G","Strike_G","Strike_G","Defend_G","Defend_G","Defend_G","Defend_G","Defend_G","Survivor","Neutralize","Flying Knee","Riddle With Holes","Caltrops","Glass Knife+1","Backstab","Noxious Fumes","Infinite Blades","After Image","Noxious Fumes"],"relics":["Ring of the Snake","Old Coin","Medical Kit","FossilizedHelix","Omamori","Anchor"],"acts_visited":["Exordium"],"potions_floor_usage":[11,11],"damage_taken":[{"damage":0,"enemies":"2 Louse","floor":1,"turns":5},{"damage":0,"enemies":"Jaw Worm","floor":2,"turns":4},{"damage":2,"enemies":"Small Slimes","floor":3,"turns":4},{"damage":8,"enemies":"Blue Slaver","floor":5,"turns":3},{"damage":30,"enemies":"Gremlin Nob","floor":6,"turns":4},{"damage":20,"enemies":"Lagavulin","floor":8,"turns":6},{"damage":1,"enemies":"Large Slime","floor":10,"turns":5},{"damage":0,"enemies":"Gremlin Nob","floor":11,"turns":3}],"seed_played":"-7191019636114302599","potions_obtained":[{"floor":2,"key":"FairyPotion"},{"floor":3,"key":"EntropicBrew"}],"is_trial":false,"path_per_floor":["M","M","M","$","M","E","R","E","T","M","E"],"character_chosen":"THE_SILENT","items_purchased":["Glass Knife","Backstab","Medical Kit"],"campfire_rested":0,"item_purchase_floors":[4,4,4],"current_hp_per_floor":[44,44,42,42,34,4,4,19,19,18,18,18],"gold":134,"neow_bonus":"ONE_RARE_RELIC","is_daily":false,"chose_seed":false,"campfire_upgraded":1,"win_rate":0.0,"timestamp":1613402280,"path_taken":["M","M","M","$","M","E","R","E","T","M","E"],"items_purchased_type":["Card","Card","Relic"],"build_version":"2020-12-22","purchased_purges":0,"victory":false,"max_hp_per_floor":[66,66,66,66,66,66,66,66,66,66,66,66],"card_choices":[{"not_picked":["Prepared","Concentrate"],"picked":"Flying Knee","floor":1},{"not_picked":["Acrobatics","Terror"],"picked":"Riddle With Holes","floor":2},{"not_picked":["Bouncing Flask","Bane"],"picked":"Caltrops","floor":3},{"not_picked":["Finisher","Prepared"],"picked":"Noxious Fumes","floor":5},{"not_picked":["Sucker Punch","Predator"],"picked":"Infinite Blades","floor":6},{"not_picked":["Underhanded Strike","Skewer"],"picked":"After Image","floor":8},{"not_picked":["Dagger Spray","Poisoned Stab"],"picked":"Noxious Fumes","floor":10}],"player_experience":136054,"relics_obtained":[{"floor":6,"key":"FossilizedHelix"},{"floor":8,"key":"Omamori"},{"floor":9,"key":"Anchor"}],"event_choices":[],"is_beta":false,"boss_relics":[],"items_purged_floors":[],"is_endless":false,"potions_floor_spawned":[2,3,6],"killed_by":"Gremlin Nob","ascension_level":20}}