{"host":"s41rn2jhghpwfrvz","time":1613431393,"event":{"mods":["BaseMod","Minty Spire (QoL Compilation)","Quick Restart","Relic Stats","SuperFastMode"],"gold_per_floor":[116,116,116,132,145,172,172,23,50,50,50],"floor_reached":10,"language":"ENG","playtime":324,"items_purged":["Writhe"],"score":132,"play_id":"537700d5-fa72-4c2f-831e-5b9ae6ced8fe","local_time":"20210216012313","daily_mods":["SealedDeck","Diverse","DeadlyEvents"],"is_ascension_mode":true,"campfire_choices":[{"data":"Calculated Gamble","floor":7,"key":"SMITH"}],"circlet_count":0,"master_deck":["AscendersBane","Tempest","PathToVictory","Blade Dance","Pommel Strike","PiercingWail","PiercingWail","Backflip","Tactician","Calculated Gamble+1","Skim","Barricade","PathToVictory","Burning Pact"],"relics":["Burning Blood","Akabeko","StrikeDummy","Anchor"],"acts_visited":["Exordium"],"potions_floor_usage":[],"damage_taken":[{"damage":0.0,"enemies":"Cultist","floor":1.0,"turns":3.0},{"damage":0.0,"enemies":"Jaw Worm","floor":4.0,"turns":3.0},{"damage":6.0,"enemies":"Small Slimes","floor":5.0,"turns":3.0},{"damage":27,"enemies":"Lagavulin","floor":6,"turns":8},{"damage":53,"enemies":"3 Sentries","floor":10,"turns":8}],"seed_played":"-4267462998660332899","potions_obtained":[{"floor":1.0,"key":"SneckoOil"}],"is_trial":true,"path_per_floor":["M","?","?","M","M","E","R","$","T","E"],"character_chosen":"IRONCLAD","items_purchased":["Burning Pact"],"campfire_rested":0,"item_purchase_floors":[8],"current_hp_per_floor":[74,69,69,75,75,54,54,54,54,1,1],"gold":50,"neow_bonus":"","is_daily":false,"chose_seed":false,"campfire_upgraded":1,"win_rate":0.0,"timestamp":1613431393,"path_taken":["M","?","?","?","M","E","R","$","T","?"],"items_purchased_type":["Card"],"build_version":"2020-12-22","purchased_purges":1,"victory":false,"max_hp_per_floor":[75,75,75,75,75,75,75,75,75,75,75],"relic_stats":{"counters":[5,25],"obtain_stats":[{"Anchor":9,"StrikeDummy":6,"Burning Blood":0,"Akabeko":2},{"Anchor":4,"StrikeDummy":4,"Burning Blood":0,"Akabeko":1},{"Anchor":17,"StrikeDummy":17,"Burning Blood":0,"Akabeko":3}],"Burning Blood":24},"card_choices":[{"not_picked":["JustLucky","DeceiveReality","Crippling Poison"],"picked":"SKIP","floor":1.0},{"not_picked":["Skewer","Ball Lightning","FlyingSleeves"],"picked":"SKIP","floor":4.0},{"not_picked":["Rebound","Iron Wave","FlurryOfBlows"],"picked":"SKIP","floor":5.0},{"not_picked":["Gash","DeusExMachina"],"picked":"PathToVictory","floor":6}],"player_experience":1922230,"relics_obtained":[{"floor":6,"key":"StrikeDummy"},{"floor":9,"key":"Anchor"}],"event_choices":[{"damage_healed":0.0,"max_hp_gain":0.0,"max_hp_loss":0.0,"gold_gain":0.0,"event_name":"Scrap Ooze","player_choice":"Success","floor":2.0,"gold_loss":0.0,"damage_taken":5.0,"relics_obtained":["Akabeko"]},{"damage_healed":0.0,"max_hp_gain":0.0,"max_hp_loss":0.0,"gold_gain":0.0,"event_name":"Match and Keep!","player_choice":"2 cards matched","floor":3.0,"gold_loss":0.0,"damage_taken":0.0,"cards_obtained":["Writhe","Barricade"]}],"is_beta":false,"boss_relics":[],"items_purged_floors":[8],"is_endless":false,"potions_floor_spawned":[1],"killed_by":"3 Sentries","ascension_level":20}}