{"host":"eny0bxnatoru6fum","time":1613432425,"event":{"mods":["A Magickal Journey","AchievementEnabler","AlwaysNeverKeys","Aspiration","BaseMod","Beaked The Cultist","Better Note","BetterRewards","Colored Map","Colored Powertips","Conspire","DeckTracker","Duelist Mod","Energized Spire","Glutton Mod","Halation","Hubris","Infinite Spire","Jedi Mod","Lobotomy","LobotomyExtend","Marisa????????","Minty Spire (QoL Compilation)","Relic Sorter","Replay The Spire","Shop Mod","Spicy Shops","Spikes Relics","StSLib","Synergy Search","The Alterego","The Animator","The Blue Laboratory","The Bug Knight","The Cursed","The Hierophant","The Jungle","The Problem Sleuth","The Runesmith","The Sage","The Servant 0.9.4","The Spell Scribe","Waifu the Spire"],"gold_per_floor":[110,110,110,123,1,1,1,19,65,94,94,107,134,147,147,252,252,252,252,269,289,289,289,289,304,357,376,376,321,346,360,360,360,360],"floor_reached":33,"language":"ENG","playtime":3444,"items_purged":["Decay","Injury"],"score":350,"play_id":"570dc31b-53b3-458e-bc34-ac2a54185efa","local_time":"20210215174025","is_ascension_mode":false,"campfire_choices":[{"floor":6,"key":"RECALL"},{"data":"alterego_mod:Clones","floor":11,"key":"SMITH"},{"data":"alterego_mod:Bunnysuit","floor":15,"key":"SMITH"},{"floor":23,"key":"REST"},{"floor":28,"key":"REST"},{"data":"alterego_mod:Strike","floor":32,"key":"PURGE"}],"circlet_count":0,"master_deck":["alterego_mod:Strike","alterego_mod:Strike","alterego_mod:Strike","alterego_mod:Defend","alterego_mod:Defend","alterego_mod:Defend","alterego_mod:Defend","alterego_mod:Impale","alterego_mod:BigMeatyClaws","alterego_mod:BrynhildrsRune","alterego_mod:BusterCard","alterego_mod:Punishment","alterego_mod:Clones+1","alterego_mod:SakuraFive+1","alterego_mod:Valkyrie+1","alterego_mod:Pet","alterego_mod:Bunnysuit+1","alterego_mod:BrynhildrRomantia+1","CurseOfTheBell","alterego_mod:DeftHands+1","alterego_mod:Collar+1","infinitespire:Collect","infinitespire:UltimateForm","ReplayTheSpireMod:Echo Chamber","infinitespire:FutureSight","alterego_mod:MagicResistance","alterego_mod:1TonWallop+1","alterego_mod:Clap+1","alterego_mod:Punishment"],"relics":["alterego_mod:MasochisticConstitution","LetterFromLob","Molten Egg 2","Happy Flower","hubris:TinFlute","Oddly Smooth Stone","Calling Bell","conspire:DeflatedDodgeball","halation:PenCase","Pet Ghost","MagicBullet_r","hubris:KleinBottle","SacredBark","Anchor","Anchor","ReplayTheSpireMod:Lightbulb","Blood Vial"],"acts_visited":["Exordium","TheCity"],"potions_floor_usage":[13,16,33,33],"damage_taken":[{"damage":7,"enemies":"Jaw Worm","floor":1,"turns":8},{"damage":12,"enemies":"Small Slimes","floor":4,"turns":4},{"damage":10,"enemies":"conspire:RoseBush","floor":8,"turns":5},{"damage":20,"enemies":"Replay:BlueRogue","floor":10,"turns":3},{"damage":22,"enemies":"Lots of Slimes","floor":12,"turns":4},{"damage":21,"enemies":"3 Sentries","floor":13,"turns":7},{"damage":11,"enemies":"Exordium Thugs","floor":14,"turns":5},{"damage":65,"enemies":"Hexaghost","floor":16,"turns":9},{"damage":1,"enemies":"Chosen","floor":20,"turns":3},{"damage":6,"enemies":"Shell Parasite","floor":21,"turns":4},{"damage":28,"enemies":"Centurion and Healer","floor":25,"turns":5},{"damage":0,"enemies":"Snake Plant","floor":27,"turns":2},{"damage":7,"enemies":"Replay:Snechameleon","floor":30,"turns":3},{"damage":20,"enemies":"3 Cultists","floor":31,"turns":4},{"damage":67,"enemies":"hubris:MusketHawk","floor":33,"turns":5}],"seed_played":"-1904728243837727408","potions_obtained":[{"floor":10,"key":"Elixir"},{"floor":12,"key":"SkillPotion"},{"floor":19,"key":"jedi:holywater"},{"floor":19,"key":"blueLaboratory:BubblePotion"},{"floor":19,"key":"ColorlessPotion"},{"floor":20,"key":"ColorlessPotion"}],"is_trial":false,"path_per_floor":["M","?","?","M","$","R","?","M","T","E","R","M","E","M","R","B",null,"M","?","M","M","$","R","AVR","M","T","M","R","?","E","M","R_BF","B"],"character_chosen":"The_Alterego","items_purchased":["alterego_mod:SakuraFive+1","Happy Flower","hubris:KleinBottle"],"campfire_rested":2,"item_purchase_floors":[5,5,22],"current_hp_per_floor":[64,64,64,67,67,67,72,70,70,51,51,70,75,77,77,20,78,35,35,35,41,17,42,42,37,37,48,77,77,82,65,65,0,0],"gold":360,"neow_bonus":"THREE_CARDS","is_daily":false,"chose_seed":false,"campfire_upgraded":2,"win_rate":0.0,"timestamp":1613432425,"path_taken":["M","?","?","M","$","R","?","M","T","E","R","M","E","M","R","BOSS","M","?","M","?","?","R","AVR","?","T","M","R","?","E","M","R_BF","BOSS"],"items_purchased_type":["Card","Relic","Relic"],"build_version":"2020-12-22","purchased_purges":2,"victory":false,"max_hp_per_floor":[71,71,71,72,72,72,72,73,73,74,74,75,76,77,77,78,78,78,78,79,84,84,84,84,93,93,97,97,97,102,103,103,103,103],"card_choices":[{"not_picked":["alterego_mod:BeGentle","alterego_mod:TrashNCrash"],"picked":"alterego_mod:BusterCard","floor":0},{"not_picked":["alterego_mod:Jiggle","alterego_mod:Skirt","alterego_mod:Bounce"],"picked":"SKIP","floor":1},{"not_picked":["alterego_mod:Smother","alterego_mod:PerceptionDisorder"],"picked":"alterego_mod:Clones","floor":4},{"not_picked":["alterego_mod:Belle+1","alterego_mod:HighServant","alterego_mod:DiscoLights"],"picked":"SKIP","floor":8},{"not_picked":["alterego_mod:Mirror","alterego_mod:Crossover"],"picked":"alterego_mod:Valkyrie+1","floor":10},{"not_picked":["alterego_mod:PerceptionDisorder","alterego_mod:BustOut"],"picked":"alterego_mod:Pet","floor":12},{"not_picked":["alterego_mod:Crossover","alterego_mod:GoddessCore+1"],"picked":"alterego_mod:Bunnysuit","floor":13},{"not_picked":["alterego_mod:HighServant","alterego_mod:Skirt+1","alterego_mod:Cooking"],"picked":"SKIP","floor":14},{"not_picked":["alterego_mod:InsideBaseball","alterego_mod:Weigh+1"],"picked":"alterego_mod:BrynhildrRomantia+1","floor":16},{"not_picked":["alterego_mod:Complex+1","alterego_mod:PerceptionDisorder+1"],"picked":"alterego_mod:DeftHands+1","floor":20},{"not_picked":["alterego_mod:Jiggle","alterego_mod:HighServant"],"picked":"alterego_mod:Collar+1","floor":21},{"not_picked":["ReplayTheSpireMod:??????????????????????","infinitespire:FinalStrike"],"picked":"infinitespire:Collect","floor":22},{"not_picked":["alterego_mod:Swimsuit+1","alterego_mod:Birthday"],"picked":"alterego_mod:MagicResistance","floor":25},{"not_picked":["alterego_mod:Nekomimi","alterego_mod:Skirt+1"],"picked":"alterego_mod:1TonWallop+1","floor":27},{"not_picked":["alterego_mod:DiscoLights","alterego_mod:DeftHands+1"],"picked":"alterego_mod:Clap+1","floor":30},{"not_picked":["alterego_mod:Bunnysuit","alterego_mod:DeftHands+1"],"picked":"alterego_mod:Punishment","floor":31}],"player_experience":604650,"relics_obtained":[{"floor":1,"key":"LetterFromLob"},{"floor":10,"key":"hubris:TinFlute"},{"floor":13,"key":"Oddly Smooth Stone"},{"floor":17,"key":"conspire:DeflatedDodgeball"},{"floor":17,"key":"halation:PenCase"},{"floor":17,"key":"Pet Ghost"},{"floor":26,"key":"Anchor"},{"floor":30,"key":"Blood Vial"}],"event_choices":[{"damage_healed":0,"gold_gain":0,"player_choice":"Got Potions","damage_taken":0,"max_hp_gain":0,"max_hp_loss":0,"event_name":"Lab","floor":19,"gold_loss":0},{"damage_healed":0,"gold_gain":0,"player_choice":"Paid Gold","damage_taken":0,"relics_obtained":["ReplayTheSpireMod:Lightbulb"],"max_hp_gain":0,"max_hp_loss":0,"event_name":"WeMeetAgain","floor":29,"gold_loss":55}],"is_beta":false,"boss_relics":[{"not_picked":["Sandwich","halation:ForbiddenBikini"],"picked":"Calling Bell"}],"items_purged_floors":[22,24],"is_endless":false,"potions_floor_spawned":[10,12,20,21],"killed_by":"hubris:MusketHawk","ascension_level":0}}