{"host":"Keegz","time":1613431389,"event":{"mods":["BaseMod","Bestiary","Colored Powertips","Highlight Path","Minty Spire (QoL Compilation)","Relic Stats","Slay the Relics Exporter"],"gold_per_floor":[111,36,36,36,55,55,67,82,82,109,109,119,44,44,44],"floor_reached":14,"language":"ENG","playtime":780,"items_purged":["Defend_R"],"score":180,"play_id":"d317791d-90ea-43bb-8890-bb0bdada84a3","local_time":"20210216122309","is_ascension_mode":true,"campfire_choices":[{"data":"True Grit","floor":6.0,"key":"SMITH"},{"data":"Seeing Red","floor":11.0,"key":"SMITH"}],"circlet_count":0,"master_deck":["AscendersBane","Strike_R","Strike_R","Strike_R","Defend_R","Defend_R","Defend_R","Bash","True Grit+1","Seeing Red+1","Disarm","Spot Weakness","Headbutt","Entrench","Disarm"],"relics":["Burning Blood","Centennial Puzzle","Lantern","Bronze Scales","Bag of Preparation"],"acts_visited":["Exordium"],"potions_floor_usage":[],"damage_taken":[{"damage":10.0,"enemies":"Small Slimes","floor":1.0,"turns":3.0},{"damage":2.0,"enemies":"Jaw Worm","floor":5.0,"turns":5.0},{"damage":10.0,"enemies":"2 Louse","floor":7.0,"turns":3.0},{"damage":12.0,"enemies":"Lots of Slimes","floor":8.0,"turns":7.0},{"damage":34.0,"enemies":"3 Sentries","floor":10.0,"turns":10.0},{"damage":14.0,"enemies":"Exordium Wildlife","floor":12.0,"turns":7.0},{"damage":0,"enemies":"Gremlin Nob","floor":14,"turns":1}],"seed_played":"-7298077253089264791","potions_obtained":[{"floor":5.0,"key":"DuplicationPotion"},{"floor":7.0,"key":"Weak Potion"},{"floor":12.0,"key":"ElixirPotion"}],"is_trial":false,"path_per_floor":["M","?","T","?","M","R","M","M","T","E","R","M","$","E"],"character_chosen":"IRONCLAD","items_purchased":[],"campfire_rested":0,"item_purchase_floors":[],"current_hp_per_floor":[64,64,64,64,68,68,64,58,58,30,30,22,22,22,22],"gold":44,"neow_bonus":"RANDOM_COMMON_RELIC","is_daily":false,"chose_seed":false,"campfire_upgraded":2,"win_rate":0.0,"timestamp":1613431389,"path_taken":["M","?","?","?","M","R","M","?","T","E","R","M","$","E"],"items_purchased_type":[],"build_version":"2020-12-18","purchased_purges":1,"victory":false,"max_hp_per_floor":[75,75,75,75,75,75,75,75,75,75,75,75,75,75,75],"relic_stats":{"Centennial Puzzle":[18],"counters":[7,35],"Bronze Scales":[42],"Bag of Preparation":[2],"obtain_stats":[{"Centennial Puzzle":0,"Lantern":3,"Bronze Scales":9,"Bag of Preparation":10,"Burning Blood":0},{"Centennial Puzzle":0,"Lantern":1,"Bronze Scales":4,"Bag of Preparation":5,"Burning Blood":0},{"Centennial Puzzle":0,"Lantern":3,"Bronze Scales":18,"Bag of Preparation":28,"Burning Blood":0}],"Burning Blood":36},"card_choices":[{"not_picked":["Cleave","Warcry"],"picked":"True Grit","floor":1.0},{"not_picked":["Rupture","Thunderclap"],"picked":"Disarm","floor":5.0},{"not_picked":["Headbutt","Twin Strike"],"picked":"Spot Weakness","floor":7.0},{"not_picked":["Flex","Dropkick"],"picked":"Headbutt","floor":8.0},{"not_picked":["Fire Breathing","Anger"],"picked":"Entrench","floor":10.0},{"not_picked":["Exhume","Clash"],"picked":"Disarm","floor":12.0}],"player_experience":1511386,"relics_obtained":[{"floor":3.0,"key":"Lantern"},{"floor":9.0,"key":"Bronze Scales"},{"floor":10.0,"key":"Bag of Preparation"}],"event_choices":[{"cards_removed":["Strike_R"],"damage_healed":0.0,"max_hp_gain":0.0,"max_hp_loss":0.0,"gold_gain":0.0,"event_name":"The Cleric","player_choice":"Card Removal","floor":2.0,"gold_loss":75.0,"damage_taken":0.0},{"damage_healed":0.0,"max_hp_gain":0.0,"max_hp_loss":0.0,"gold_gain":0.0,"cards_transformed":["Strike_R"],"event_name":"Transmorgrifier","player_choice":"Transformed","floor":4.0,"gold_loss":0.0,"damage_taken":0.0,"cards_obtained":["Seeing Red"]}],"is_beta":true,"boss_relics":[],"items_purged_floors":[13],"is_endless":false,"potions_floor_spawned":[5,7,12],"killed_by":"Gremlin Nob","ascension_level":20}}