{"host":"or8fr2mp0k3eluj8","time":1613398664,"event":{"mods":["AchievementEnabler","BaseMod","Colored Map","DeckTracker","Minty Spire (QoL Compilation)","SuperFastMode"],"gold_per_floor":[111,137,137,149,149,180,180,213,238,238,257,281,281,281],"floor_reached":13,"language":"KOR","playtime":239,"items_purged":[],"score":124,"play_id":"3d20337d-6fea-4d65-8be7-b7b60938113d","local_time":"20210215231744","is_ascension_mode":true,"campfire_choices":[{"data":"Deadly Poison","floor":10,"key":"SMITH"}],"circlet_count":0,"master_deck":["Strike_G","Strike_G","Strike_G","Strike_G","Strike_G","Defend_G","Defend_G","Defend_G","Defend_G","Defend_G","Survivor","Neutralize+1","Backflip","Regret","Deadly Poison+1","Well Laid Plans"],"relics":["Ring of the Snake","NeowsBlessing","Snake Skull","Girya","Golden Idol","Anchor","Vajra"],"acts_visited":["Exordium"],"potions_floor_usage":[12,12],"damage_taken":[{"damage":0,"enemies":"Cultist","floor":1,"turns":1},{"damage":0,"enemies":"2 Louse","floor":4,"turns":1},{"damage":0,"enemies":"Gremlin Nob","floor":6,"turns":1},{"damage":28,"enemies":"Lagavulin","floor":8,"turns":8},{"damage":2,"enemies":"Jaw Worm","floor":11,"turns":4},{"damage":22,"enemies":"Large Slime","floor":12,"turns":6},{"damage":3,"enemies":"3 Sentries","floor":13,"turns":2}],"seed_played":"8295858996595946950","potions_obtained":[{"floor":4,"key":"ColorlessPotion"},{"floor":11,"key":"Swift Potion"}],"is_trial":false,"path_per_floor":["M","T","?","M","?","E","?","E","T","R","M","M","E"],"character_chosen":"THE_SILENT","items_purchased":[],"campfire_rested":0,"item_purchase_floors":[],"current_hp_per_floor":[70,70,70,70,53,53,53,25,25,25,23,1,0,0],"gold":281,"neow_bonus":"THREE_ENEMY_KILL","is_daily":false,"chose_seed":false,"campfire_upgraded":1,"win_rate":0.0,"timestamp":1613398664,"path_taken":["M","?","?","M","?","E","?","E","T","R","?","M","E"],"items_purchased_type":[],"build_version":"2020-12-22","purchased_purges":0,"victory":false,"max_hp_per_floor":[70,70,70,70,70,70,70,70,70,70,70,70,70,70],"card_choices":[{"not_picked":["Deadly Poison","Acrobatics"],"picked":"Backflip","floor":1},{"not_picked":["Dagger Throw","Prepared"],"picked":"Deadly Poison","floor":4},{"not_picked":["Blade Dance","Footwork"],"picked":"Well Laid Plans","floor":6},{"not_picked":["Acrobatics","Blade Dance","Glass Knife"],"picked":"SKIP","floor":8},{"not_picked":["Finisher","Underhanded Strike","Skewer"],"picked":"SKIP","floor":11},{"not_picked":["Eviscerate","Blade Dance","Choke"],"picked":"SKIP","floor":12}],"player_experience":343472,"relics_obtained":[{"floor":2,"key":"Snake Skull"},{"floor":6,"key":"Anchor"},{"floor":8,"key":"Vajra"}],"event_choices":[{"damage_healed":0,"gold_gain":0,"player_choice":"Box","damage_taken":0,"relics_obtained":["Girya"],"max_hp_gain":0,"max_hp_loss":0,"event_name":"Big Fish","floor":3,"gold_loss":0,"cards_obtained":["Regret"]},{"damage_healed":0,"gold_gain":0,"player_choice":"Take Damage","damage_taken":17,"relics_obtained":["Golden Idol"],"max_hp_gain":0,"max_hp_loss":0,"event_name":"Golden Idol","floor":5,"gold_loss":0},{"damage_healed":0,"gold_gain":0,"player_choice":"Upgraded","damage_taken":0,"max_hp_gain":0,"max_hp_loss":0,"event_name":"Upgrade Shrine","floor":7,"gold_loss":0,"cards_upgraded":["Neutralize"]}],"is_beta":false,"boss_relics":[],"items_purged_floors":[],"is_endless":false,"potions_floor_spawned":[4,11],"killed_by":"3 Sentries","ascension_level":1}}