{"host":"yeg3u3dfqewtiiug","time":1613361109,"event":{"mods":["AchievementEnabler","BaseMod","Downfall","Minty Spire (QoL Compilation)","StSLib"],"gold_per_floor":[99,114,124,140,156,181,205,205,225,25,45,78,78,78,97,97,97,97],"floor_reached":16,"language":"ENG","playtime":1795,"items_purged":[],"score":139,"play_id":"19aa5935-afbc-48e7-9a98-272694bb585d","local_time":"20210214215149","is_ascension_mode":false,"campfire_choices":[{"floor":1,"key":"RECALL"},{"data":"Guardian:TwinSlam","floor":10,"key":"SMITH"},{"data":"Guardian:PiercingHide","floor":13,"key":"SMITH"}],"circlet_count":0,"master_deck":["Guardian:Strike_Guardian","Guardian:Strike_Guardian","Guardian:Strike_Guardian","Guardian:Defend_Guardian","Guardian:Defend_Guardian","Guardian:Defend_Guardian","Guardian:Defend_Guardian","Guardian:CurlUp","Guardian:TwinSlam+1","Guardian:ShieldSpikes+1","Guardian:Gem_Orange","Guardian:RevengeProtocol","Guardian:ShieldCharger","Guardian:PiercingHide+1","Guardian:Gem_Red"],"relics":["Guardian:ModeShifter","Ancient Tea Set","downfall:HeartBlessingBlue","downfall:HeartBlessingRed","Oddly Smooth Stone"],"acts_visited":["Exordium"],"potions_floor_usage":[6,6],"damage_taken":[{"damage":6,"enemies":"Jaw Worm","floor":2,"turns":5},{"damage":2,"enemies":"Cultist","floor":3,"turns":5},{"damage":3,"enemies":"2 Louse","floor":4,"turns":4},{"damage":0,"enemies":"Exordium Thugs","floor":5,"turns":11},{"damage":15,"enemies":"Gremlin Nob","floor":6,"turns":4},{"damage":4,"enemies":"Exordium Wildlife","floor":9,"turns":6},{"damage":0,"enemies":"Blue Slaver","floor":11,"turns":3},{"damage":12,"enemies":"Lagavulin","floor":12,"turns":12},{"damage":1,"enemies":"Red Slaver","floor":15,"turns":5},{"damage":58,"enemies":"IC_STATUS_ARCHETYPE","floor":16,"turns":18}],"seed_played":"455579012446288351","potions_obtained":[{"floor":3,"key":"SteroidPotion"},{"floor":5,"key":"hexamod:SoulburnPotion"},{"floor":15,"key":"Guardian:AcceleratePotion"}],"is_trial":false,"path_per_floor":["R","M","M","M","M","E","T","?","M","R","M","E","R","?","M","B"],"character_chosen":"GUARDIAN","items_purchased":[],"campfire_rested":0,"item_purchase_floors":[],"current_hp_per_floor":[88,82,80,77,77,62,62,62,58,68,68,56,56,56,55,0,0,0],"gold":97,"neow_bonus":"TEN_PERCENT_HP_BONUS","is_daily":false,"chose_seed":false,"campfire_upgraded":2,"win_rate":0.0,"timestamp":1613361109,"path_taken":["R","M","M","M","M","E","T","?","M","R","M","E","R","?","M","BOSS"],"items_purchased_type":[],"build_version":"2020-12-22","purchased_purges":0,"victory":false,"max_hp_per_floor":[88,88,88,88,88,88,88,88,88,98,98,98,98,98,98,98,98,98],"card_choices":[{"not_picked":["Guardian:WalkerClaw","Guardian:CrystalBeam"],"picked":"Guardian:ShieldSpikes","floor":2},{"not_picked":["Guardian:TemporalShield","Guardian:ChargeCore"],"picked":"Guardian:Gem_Green","floor":3},{"not_picked":["Guardian:Harden","Guardian:ChargeCore"],"picked":"Guardian:Gem_Cyan","floor":4},{"not_picked":["Guardian:VentSteam","Guardian:Emergency"],"picked":"Guardian:Gem_Orange","floor":5},{"not_picked":["Guardian:RollAttack","Guardian:PiercingHide"],"picked":"Guardian:RevengeProtocol","floor":6},{"not_picked":["Guardian:PiercingHide","Guardian:Preprogram"],"picked":"Guardian:Gem_Red","floor":9},{"not_picked":["Guardian:Gem_Yellow","Guardian:Gem_Crimson"],"picked":"Guardian:ShieldCharger","floor":11},{"not_picked":["Guardian:Gem_Orange","Guardian:Recover"],"picked":"Guardian:PiercingHide","floor":12},{"not_picked":["Guardian:SpikerProtocol","Guardian:Suspension"],"picked":"Guardian:Gem_Red","floor":15}],"player_experience":366099,"relics_obtained":[{"floor":6,"key":"Ancient Tea Set"},{"floor":12,"key":"Oddly Smooth Stone"}],"event_choices":[{"cards_removed":["Guardian:Strike_Guardian"],"damage_healed":0,"gold_gain":0,"player_choice":"Card Removal","damage_taken":0,"max_hp_gain":0,"max_hp_loss":0,"event_name":"The Cleric","floor":8,"gold_loss":0}],"is_beta":false,"boss_relics":[],"items_purged_floors":[],"is_endless":false,"potions_floor_spawned":[3,5,15],"killed_by":"IC_STATUS_ARCHETYPE","ascension_level":0}}