{"host":"syfsfjmzue8y1a6l","time":1613371985,"event":{"mods":["AchievementEnabler","BaseMod","Colored Map","DeckTracker","Minty Spire (QoL Compilation)","SuperFastMode"],"gold_per_floor":[118,138,63,138,138,168,168,195,195,127,139,156,168,181,181,282,282,297,297,159,172,23,51,70,86,132,150,150,162,189,189,189],"floor_reached":31,"language":"KOR","playtime":2062,"items_purged":["Strike_B","Defend_B","Strike_B"],"score":289,"play_id":"993f2375-9379-4132-84ff-fd7371c97c9c","local_time":"20210215155305","is_ascension_mode":false,"campfire_choices":[{"data":"Recycle","floor":7,"key":"SMITH"},{"floor":15,"key":"DIG"},{"floor":28,"key":"DIG"}],"circlet_count":0,"master_deck":["Strike_B","Strike_B","Defend_B","Defend_B","Defend_B","Zap","Dualcast","Ball Lightning","Cold Snap","Recycle+1","Chill","FTL","FTL","Streamline","Self Repair","Meteor Strike","Barrage","Doom and Gloom","Recycle","Streamline","Electrodynamics","Heatsinks+1","Redo+1","Doom and Gloom"],"relics":["FrozenCore","Gambling Chip","Meat on the Bone","Vajra","Shovel","Juzu Bracelet","Mummified Hand","Lantern","Matryoshka","Pantograph"],"acts_visited":["Exordium","TheCity"],"potions_floor_usage":[12,16,23,30,30],"damage_taken":[{"damage":0,"enemies":"Small Slimes","floor":1,"turns":3},{"damage":1,"enemies":"Jaw Worm","floor":2,"turns":3},{"damage":19,"enemies":"Gremlin Nob","floor":6,"turns":4},{"damage":18,"enemies":"3 Sentries","floor":8,"turns":9},{"damage":0,"enemies":"Cultist","floor":11,"turns":3},{"damage":3,"enemies":"Lots of Slimes","floor":12,"turns":2},{"damage":3,"enemies":"Blue Slaver","floor":13,"turns":3},{"damage":0,"enemies":"3 Louse","floor":14,"turns":2},{"damage":23,"enemies":"Slime Boss","floor":16,"turns":9},{"damage":8,"enemies":"Spheric Guardian","floor":18,"turns":6},{"damage":17,"enemies":"Chosen","floor":21,"turns":5},{"damage":34,"enemies":"Book of Stabbing","floor":23,"turns":6},{"damage":21,"enemies":"Snake Plant","floor":24,"turns":4},{"damage":2,"enemies":"Snecko","floor":25,"turns":4},{"damage":15,"enemies":"Centurion and Healer","floor":27,"turns":4},{"damage":25,"enemies":"Sentry and Sphere","floor":29,"turns":4},{"damage":31,"enemies":"Slavers","floor":30,"turns":4},{"damage":27,"enemies":"Snake Plant","floor":31,"turns":3}],"seed_played":"-6822133949544757136","potions_obtained":[{"floor":1,"key":"DuplicationPotion"},{"floor":6,"key":"LiquidBronze"},{"floor":8,"key":"Strength Potion"},{"floor":11,"key":"EssenceOfDarkness"},{"floor":13,"key":"FocusPotion"},{"floor":24,"key":"EssenceOfDarkness"},{"floor":25,"key":"Swift Potion"},{"floor":30,"key":"Weak Potion"}],"is_trial":false,"path_per_floor":["M","M","$","?","?","E","R","E","T","$","M","M","M","M","R","B",null,"M","?","$","M","$","E","M","M","T","M","R","M","E","M"],"character_chosen":"DEFECT","items_purchased":["FTL","Doom and Gloom","Streamline"],"campfire_rested":0,"item_purchase_floors":[10,20,22],"current_hp_per_floor":[68,67,67,56,56,37,37,31,31,31,43,40,37,37,37,33,68,60,60,60,50,50,28,26,43,43,47,47,34,22,0,0],"gold":189,"neow_bonus":"ONE_RARE_RELIC","is_daily":false,"chose_seed":false,"campfire_upgraded":1,"win_rate":0.0,"timestamp":1613371985,"path_taken":["M","M","$","?","?","E","R","E","T","$","M","M","M","M","R","BOSS","M","?","$","M","?","E","M","M","T","M","R","M","E","M"],"items_purchased_type":["Card","Card","Card"],"build_version":"2020-12-22","purchased_purges":3,"victory":false,"max_hp_per_floor":[68,68,68,68,68,68,68,68,68,68,68,68,68,68,68,68,68,68,68,68,68,68,68,68,68,68,68,68,68,68,68,68],"card_choices":[{"not_picked":["Conserve Battery","Beam Cell"],"picked":"Ball Lightning","floor":1},{"not_picked":["Gash","Hello World","Steam Power"],"picked":"SKIP","floor":2},{"not_picked":["Barrage","Compile Driver"],"picked":"Recycle","floor":6},{"not_picked":["Darkness","Ball Lightning"],"picked":"Chill","floor":8},{"not_picked":["Heatsinks","Conserve Battery"],"picked":"FTL","floor":11},{"not_picked":["Compile Driver","Rip and Tear","Lockon"],"picked":"SKIP","floor":12},{"not_picked":["Heatsinks","Beam Cell"],"picked":"Streamline","floor":13},{"not_picked":["Redo","Conserve Battery"],"picked":"Self Repair","floor":14},{"not_picked":["Reboot","Seek"],"picked":"Meteor Strike","floor":16},{"not_picked":["Skim","Steam"],"picked":"Barrage","floor":18},{"not_picked":["Turbo","Compile Driver"],"picked":"Recycle","floor":21},{"not_picked":["Ball Lightning","Hologram+1"],"picked":"Electrodynamics","floor":23},{"not_picked":["Reinforced Body+1","Chaos+1"],"picked":"Heatsinks+1","floor":24},{"not_picked":["Melter+1","Recycle"],"picked":"Redo+1","floor":25},{"not_picked":["Hologram","Stack","Genetic Algorithm"],"picked":"SKIP","floor":27},{"not_picked":["Conserve Battery","Chaos","Scrape"],"picked":"SKIP","floor":29},{"not_picked":["Melter","Turbo"],"picked":"Doom and Gloom","floor":30}],"player_experience":51245,"relics_obtained":[{"floor":6,"key":"Meat on the Bone"},{"floor":8,"key":"Vajra"},{"floor":9,"key":"Shovel"},{"floor":15,"key":"Juzu Bracelet"},{"floor":23,"key":"Mummified Hand"},{"floor":26,"key":"Lantern"},{"floor":28,"key":"Matryoshka"},{"floor":30,"key":"Pantograph"}],"event_choices":[{"damage_healed":0,"gold_gain":75,"player_choice":"Gather Gold","damage_taken":11,"max_hp_gain":0,"max_hp_loss":0,"event_name":"World of Goop","floor":4,"gold_loss":0},{"damage_healed":0,"gold_gain":0,"player_choice":"2 cards matched","damage_taken":0,"max_hp_gain":0,"max_hp_loss":0,"event_name":"Match and Keep!","floor":5,"gold_loss":0,"cards_obtained":["Cold Snap","Injury"]},{"cards_removed":["Injury"],"damage_healed":0,"gold_gain":0,"player_choice":"Removed Curses","damage_taken":0,"max_hp_gain":0,"max_hp_loss":0,"event_name":"Fountain of Cleansing","floor":19,"gold_loss":0}],"is_beta":false,"boss_relics":[{"not_picked":["Inserter","SlaversCollar"],"picked":"FrozenCore"}],"items_purged_floors":[3,20,22],"is_endless":false,"potions_floor_spawned":[1,6,8,11,13,24,25,29,30],"killed_by":"Snake Plant","ascension_level":0}}