{"host":"ndpbn7fqb3wjbd7p","time":1613349016,"event":{"mods":["AchievementEnabler","Act Like it!","AlwaysNeverKeys","BaseMod","Better Vampires","Block Reminder","Colored Powertips","DeckTracker","Defuse TimeMaze Blight","Friendly Minions","Highlight Path","MarisaÅiñ∂âJÅ@ñÇóùçπÅj","Minty Spire (QoL Compilation)","Permanent Neow","Shade Mod","StSLib","SuperFastMode","Synergy Search","The Mystic","Unceasing Turn Reminder","Wandering Minibosses"],"gold_per_floor":[113,130,130,143,143,172,172,203,230,230,248,258,276,82,82,156,156,175,175,125,137,137,164,164,182,182,182,40,52,52,67,67,142,142,158,108,122,139,89,89,104,132,132,151,151,151],"floor_reached":45,"language":"ENG","playtime":2674,"items_purged":["Zap","Strike_B","Strike_B","Strike_B","Dualcast"],"score":870,"play_id":"8a3cb44e-9346-4eb0-9d17-b96653451d2f","local_time":"20210215013016","is_ascension_mode":true,"campfire_choices":[{"data":"Streamline","floor":7,"key":"SMITH"},{"data":"Genetic Algorithm","floor":10,"key":"SMITH"},{"data":"Steam Power","floor":15,"key":"SMITH"},{"data":"Hologram","floor":24,"key":"SMITH"},{"data":"Scrape","floor":27,"key":"SMITH"},{"data":"Good Instincts","floor":30,"key":"SMITH"},{"data":"Buffer","floor":32,"key":"SMITH"},{"data":"Steam","floor":40,"key":"SMITH"}],"circlet_count":0,"master_deck":["AscendersBane","Defend_B","Defend_B","Defend_B","Defend_B","Streamline+1","Gash","Steam","BootSequence","Genetic Algorithm+1","Steam Power+1","Gash","Buffer+1","Hologram+1","Steam+1","Scrape+1","Good Instincts+1","Steam+1","Go for the Eyes+1","Leap+1"],"relics":["Cracked Core","Darkstone Periapt","Meat on the Bone","Symbiotic Virus","Oddly Smooth Stone","Smiling Mask","Omamori","Calling Bell","Dream Catcher","Matryoshka","Gambling Chip","Boot","Ancient Tea Set","Blue Candle","Blood Vial","Busted Crown","MealTicket","Bronze Scales","Toxic Egg 2"],"acts_visited":["Exordium","TheCity","TheBeyond"],"potions_floor_usage":[6,23,25,33,38,45,45],"damage_taken":[{"damage":1,"enemies":"Cultist","floor":1,"turns":3},{"damage":7,"enemies":"Jaw Worm","floor":2,"turns":3},{"damage":0,"enemies":"2 Louse","floor":4,"turns":2},{"damage":31,"enemies":"Lagavulin","floor":6,"turns":7},{"damage":29,"enemies":"3 Sentries","floor":8,"turns":8},{"damage":4,"enemies":"Gremlin Gang","floor":11,"turns":6},{"damage":0,"enemies":"Blue Slaver","floor":12,"turns":3},{"damage":1,"enemies":"2 Fungi Beasts","floor":13,"turns":3},{"damage":25,"enemies":"Hexaghost","floor":16,"turns":9},{"damage":11,"enemies":"3 Byrds","floor":18,"turns":8},{"damage":0,"enemies":"Spheric Guardian","floor":21,"turns":3},{"damage":31,"enemies":"Slavers","floor":23,"turns":6},{"damage":30,"enemies":"3 Cultists","floor":25,"turns":6},{"damage":8,"enemies":"Shelled Parasite and Fungi","floor":29,"turns":6},{"damage":5,"enemies":"Chosen and Byrds","floor":31,"turns":6},{"damage":0,"enemies":"Champ","floor":33,"turns":11},{"damage":6,"enemies":"3 Shapes","floor":35,"turns":5},{"damage":0,"enemies":"Orb Walker","floor":37,"turns":4},{"damage":0,"enemies":"Spire Growth","floor":38,"turns":5},{"damage":0,"enemies":"Sphere and 2 Shapes","floor":41,"turns":5},{"damage":19,"enemies":"Nemesis","floor":42,"turns":11},{"damage":13,"enemies":"4 Shapes","floor":44,"turns":6},{"damage":108,"enemies":"Giant Head","floor":45,"turns":11}],"seed_played":"6188323681131190225","potions_obtained":[{"floor":1,"key":"DistilledChaos"},{"floor":2,"key":"FairyPotion"},{"floor":4,"key":"SkillPotion"},{"floor":12,"key":"Explosive Potion"},{"floor":23,"key":"Weak Potion"},{"floor":29,"key":"Dexterity Potion"},{"floor":37,"key":"DuplicationPotion"},{"floor":41,"key":"BlessingOfTheForge"},{"floor":44,"key":"SpeedPotion"}],"is_trial":false,"path_per_floor":["M","M","?","M","T","E","R","E","T","R","M","M","M","$","R","B",null,"M","?","$","M","?","E","R","M","T","R","$","M","R","M","R","B",null,"M","$","M","M","$","R","M","E","T","M","E"],"character_chosen":"DEFECT","items_purchased":["Omamori","Good Instincts"],"campfire_rested":0,"item_purchase_floors":[14,28],"current_hp_per_floor":[67,60,60,60,60,41,41,24,24,24,32,44,43,43,43,30,64,53,53,53,53,46,27,27,34,34,34,34,40,40,49,49,51,69,65,65,67,69,69,69,71,54,54,43,0,0],"gold":151,"neow_bonus":"REMOVE_CARD","is_daily":false,"chose_seed":false,"campfire_upgraded":8,"win_rate":0.0,"timestamp":1613349016,"path_taken":["M","M","?","?","?","E","R","E","T","R","M","?","M","$","R","BOSS","M","?","$","M","?","E","R","?","T","R","$","M","R","M","R","BOSS","M","$","?","M","$","R","M","E","T","M","E"],"items_purchased_type":["Relic","Card"],"build_version":"2020-12-22","purchased_purges":5,"victory":false,"max_hp_per_floor":[75,75,75,75,75,75,75,75,75,75,75,75,75,75,75,75,75,75,75,75,75,75,75,75,75,75,75,75,75,75,75,75,75,75,75,75,75,75,75,75,75,75,75,75,75,75],"card_choices":[{"not_picked":["Chaos","Beam Cell"],"picked":"Streamline","floor":1},{"not_picked":["Cold Snap","Double Energy"],"picked":"Gash","floor":2},{"not_picked":["Ball Lightning","Barrage"],"picked":"Steam","floor":4},{"not_picked":["Sweeping Beam","Defragment"],"picked":"BootSequence","floor":6},{"not_picked":["Chill","Multi-Cast"],"picked":"Genetic Algorithm","floor":8},{"not_picked":["Beam Cell","Coolheaded"],"picked":"Steam Power","floor":11},{"not_picked":["BootSequence","Conserve Battery"],"picked":"Gash","floor":12},{"not_picked":["White Noise","Turbo","Stack"],"picked":"SKIP","floor":13},{"not_picked":["Amplify","Biased Cognition"],"picked":"Buffer","floor":16},{"not_picked":["Streamline","Turbo"],"picked":"Hologram","floor":18},{"not_picked":["Turbo","Rainbow"],"picked":"Steam","floor":21},{"not_picked":["Go for the Eyes","Conserve Battery"],"picked":"Scrape","floor":23},{"not_picked":["Hologram","Coolheaded","Cold Snap"],"picked":"SKIP","floor":25},{"not_picked":["Chaos","Sweeping Beam","Streamline"],"picked":"SKIP","floor":29},{"not_picked":["Lockon","Stack"],"picked":"Steam+1","floor":31},{"not_picked":["Steam+1"],"picked":"SKIP","floor":35},{"not_picked":["Capacitor+1"],"picked":"SKIP","floor":37},{"not_picked":["Darkness"],"picked":"SKIP","floor":38},{"not_picked":["Redo"],"picked":"SKIP","floor":41},{"not_picked":[],"picked":"Go for the Eyes+1","floor":42},{"not_picked":[],"picked":"Leap+1","floor":44}],"player_experience":1214223,"relics_obtained":[{"floor":5,"key":"Meat on the Bone"},{"floor":6,"key":"Symbiotic Virus"},{"floor":8,"key":"Oddly Smooth Stone"},{"floor":9,"key":"Smiling Mask"},{"floor":17,"key":"Dream Catcher"},{"floor":17,"key":"Matryoshka"},{"floor":17,"key":"Gambling Chip"},{"floor":23,"key":"Ancient Tea Set"},{"floor":26,"key":"Blue Candle"},{"floor":26,"key":"Blood Vial"},{"floor":42,"key":"MealTicket"},{"floor":43,"key":"Bronze Scales"},{"floor":43,"key":"Toxic Egg 2"}],"event_choices":[{"damage_healed":0,"gold_gain":0,"player_choice":"Gave Potion","damage_taken":0,"relics_obtained":["Darkstone Periapt"],"max_hp_gain":0,"max_hp_loss":0,"event_name":"WeMeetAgain","floor":3,"gold_loss":0},{"damage_healed":0,"gold_gain":0,"player_choice":"Stole Relic","damage_taken":0,"relics_obtained":["Boot"],"max_hp_gain":0,"max_hp_loss":0,"event_name":"Addict","floor":19,"gold_loss":0,"cards_obtained":["Shame"]},{"damage_healed":0,"gold_gain":0,"player_choice":"Damaged","damage_taken":7,"max_hp_gain":0,"max_hp_loss":0,"event_name":"Wheel of Change","floor":22,"gold_loss":0}],"is_beta":false,"boss_relics":[{"not_picked":["Coffee Dripper","Nuclear Battery"],"picked":"Calling Bell"},{"not_picked":["Runic Pyramid","SacredBark"],"picked":"Busted Crown"}],"items_purged_floors":[14,20,28,36,39],"is_endless":false,"potions_floor_spawned":[1,2,4,12,23,29,37,41,44],"killed_by":"Giant Head","ascension_level":13}}