{"host":"4rvakrj1idbgia3f","time":1613394312,"event":{"mods":["BaseMod","Colored Map","Colored Powertips","DeckTracker","Highlight Path","Minty Spire (QoL Compilation)","Random Character Button","StSLib"],"gold_per_floor":[363,41,53,71,71,71,396,396,396,396,409,409,64,89,89,180,180,195,245,13,32,52,91,34,34,34,34,34,87,87,112,112,112,112],"floor_reached":33,"language":"JPN","playtime":1016,"items_purged":["Parasite","Strike_B"],"score":551,"play_id":"8caefaca-793f-4aa6-8c4f-e74cc4a2abdc","local_time":"20210215220512","is_ascension_mode":true,"campfire_choices":[{"data":"Ball Lightning","floor":6.0,"key":"SMITH"},{"data":"Zap","floor":8,"key":"SMITH"},{"data":"White Noise","floor":12,"key":"SMITH"},{"floor":15,"key":"REST"},{"floor":25,"key":"REST"},{"data":"Chill","floor":27,"key":"SMITH"},{"data":"Beam Cell","floor":30,"key":"SMITH"},{"floor":32,"key":"REST"}],"circlet_count":0,"master_deck":["AscendersBane","Strike_B","Strike_B","Strike_B+1","Defend_B","Defend_B","Defend_B+1","Defend_B+1","Zap+1","Dualcast","Gash+1","Ball Lightning+1","Steam","Cold Snap","White Noise+1","Streamline","All For One","Beam Cell+1","FTL","Chill+1","Gash+1","Skim","Steam","Scrape"],"relics":["Cracked Core","Torii","Old Coin","Kunai","Golden Idol","Shuriken","Inserter","Ancient Tea Set","Cables","War Paint"],"acts_visited":["Exordium","TheCity"],"potions_floor_usage":[7,7,23,23],"damage_taken":[{"damage":0.0,"enemies":"2 Louse","floor":1.0,"turns":2.0},{"damage":14.0,"enemies":"Small Slimes","floor":3.0,"turns":4.0},{"damage":1.0,"enemies":"Cultist","floor":4.0,"turns":3.0},{"damage":9,"enemies":"Gremlin Nob","floor":7,"turns":3},{"damage":1,"enemies":"Exordium Wildlife","floor":11,"turns":3},{"damage":8,"enemies":"Red Slaver","floor":14,"turns":3},{"damage":13,"enemies":"Slime Boss","floor":16,"turns":6},{"damage":14,"enemies":"Shell Parasite","floor":18,"turns":5},{"damage":0,"enemies":"Chosen","floor":21,"turns":3},{"damage":11,"enemies":"Centurion and Healer","floor":22,"turns":6},{"damage":7,"enemies":"Book of Stabbing","floor":23,"turns":3},{"damage":28,"enemies":"Snake Plant","floor":31,"turns":4},{"damage":30,"enemies":"Collector","floor":33,"turns":6}],"seed_played":"6032834779586323877","potions_obtained":[{"floor":1.0,"key":"Strength Potion"},{"floor":3.0,"key":"Fire Potion"},{"floor":21,"key":"FocusPotion"}],"is_trial":false,"path_per_floor":["M","$","M","M","?","R","E","R","T","?","M","R","$","M","R","B",null,"M","?","$","M","M","E","$","R","T","R","?","T","R","M","R","B"],"character_chosen":"DEFECT","items_purchased":["Torii","Shuriken","FTL","Dexterity Potion","Steam"],"campfire_rested":3,"item_purchase_floors":[2,13,20,20,24],"current_hp_per_floor":[64,64,50,49,28,28,19,19,19,19,18,18,18,10,28,15,50,36,36,36,36,25,18,18,36,36,36,36,36,36,8,26,0,0],"gold":112,"neow_bonus":"TWO_FIFTY_GOLD","is_daily":false,"chose_seed":false,"campfire_upgraded":5,"win_rate":0.0,"timestamp":1613394312,"path_taken":["M","$","M","M","?","R","E","R","T","?","M","R","$","M","R","BOSS","M","?","?","M","?","E","?","R","T","R","?","?","R","M","R","BOSS"],"items_purchased_type":["Relic","Relic","Card","Potion","Card"],"build_version":"2020-12-22","purchased_purges":2,"victory":false,"max_hp_per_floor":[71,71,71,71,71,71,71,71,71,64,64,64,61,61,61,61,61,61,61,61,61,61,61,61,61,61,61,61,61,61,61,61,61,61],"card_choices":[{"not_picked":["Aggregate","Coolheaded"],"picked":"Gash","floor":1.0},{"not_picked":["Barrage","Coolheaded"],"picked":"Ball Lightning","floor":3.0},{"not_picked":["Go for the Eyes","Heatsinks"],"picked":"Steam","floor":4.0},{"not_picked":["Ball Lightning","Doom and Gloom"],"picked":"Cold Snap","floor":7},{"not_picked":["Redo","Barrage"],"picked":"White Noise","floor":11},{"not_picked":["Barrage","Loop"],"picked":"Streamline","floor":14},{"not_picked":["Reboot","Amplify"],"picked":"All For One","floor":16},{"not_picked":["Sweeping Beam","Barrage"],"picked":"Beam Cell","floor":18},{"not_picked":["Barrage","Loop"],"picked":"Chill","floor":21},{"not_picked":["Force Field","Barrage"],"picked":"Gash+1","floor":22},{"not_picked":["Redo","Doom and Gloom+1","Skim"],"picked":"SKIP","floor":23},{"not_picked":["Redo","Doom and Gloom+1"],"picked":"Skim","floor":23},{"not_picked":["Steam","Stack"],"picked":"Scrape","floor":31}],"player_experience":2391853,"relics_obtained":[{"floor":7,"key":"Old Coin"},{"floor":9,"key":"Kunai"},{"floor":23,"key":"Ancient Tea Set"},{"floor":26,"key":"Cables"},{"floor":29,"key":"War Paint"}],"event_choices":[{"damage_healed":0.0,"max_hp_gain":0.0,"max_hp_loss":0.0,"gold_gain":0.0,"event_name":"Shining Light","player_choice":"Entered Light","floor":5.0,"gold_loss":0.0,"damage_taken":21.0,"cards_upgraded":["Gash","Strike_B"]},{"damage_healed":0,"gold_gain":0,"player_choice":"Lose Max HP","damage_taken":0,"relics_obtained":["Golden Idol"],"max_hp_gain":0,"max_hp_loss":7,"event_name":"Golden Idol","floor":10,"gold_loss":0},{"damage_healed":0,"gold_gain":100,"player_choice":"Bet on Murderer","damage_taken":0,"max_hp_gain":0,"max_hp_loss":0,"event_name":"The Joust","floor":19,"gold_loss":50},{"damage_healed":0,"gold_gain":0,"player_choice":"Ignored","damage_taken":0,"max_hp_gain":0,"max_hp_loss":0,"event_name":"Cursed Tome","floor":28,"gold_loss":0}],"is_beta":false,"boss_relics":[{"not_picked":["Calling Bell","Fusion Hammer"],"picked":"Inserter"}],"items_purged_floors":[13,20],"is_endless":false,"potions_floor_spawned":[1,3,4,21],"killed_by":"Collector","ascension_level":20}}