{"host":"Hova","time":1613401041,"event":{"mods":["AchievementEnabler","Aspiration","BaseMod","Better Match","Better Note","Colored Map","Colored Powertips","DeckTracker","Downfall","Hubris","Infinite Spire","Minty Spire (QoL Compilation)","Rare Cards Sparkle","Reliquary","Remilia??????","Replay The Spire","Shop Mod","StSLib","SuperFastMode","The Clintock","The Cursed","The Death Knight","The Necromancer","The Servant 0.9.4"],"gold_per_floor":[119,136,150,170,170,202,202,235,235,249,249,264,279,5,5,5,5],"floor_reached":16,"language":"ENG","playtime":1110,"items_purged":[],"score":114,"play_id":"4390a849-7834-4300-a9e6-6bd182a803da","local_time":"20210215175721","is_ascension_mode":false,"campfire_choices":[{"floor":7,"key":"REST"},{"floor":15,"key":"REST"}],"circlet_count":0,"master_deck":["Strike_R","Strike_R","Strike_R","Strike_R","Strike_R","Defend_R","Defend_R","Defend_R","Bash","Combust","Pommel Strike","Anger","Inflame","Twin Strike","Whirlwind","Replay:Undeath\u0027s Touch","Combust"],"relics":["Burning Blood","infinitespire:Eraser","Potion Belt","Blood Vial","hubris:SlimyHat","Medical Kit"],"acts_visited":["Exordium"],"potions_floor_usage":[8,13,16,16,16],"damage_taken":[{"damage":6,"enemies":"Cultist","floor":1,"turns":3},{"damage":6,"enemies":"2 Louse","floor":2,"turns":3},{"damage":15,"enemies":"infinitespire:Voidling","floor":3,"turns":3},{"damage":19,"enemies":"Blue Slaver","floor":4,"turns":3},{"damage":40,"enemies":"Lagavulin","floor":6,"turns":5},{"damage":9,"enemies":"Gremlin Nob","floor":8,"turns":3},{"damage":19,"enemies":"Large Slime","floor":10,"turns":4},{"damage":10,"enemies":"Looter","floor":12,"turns":2},{"damage":13,"enemies":"Red Slaver","floor":13,"turns":3},{"damage":67,"enemies":"The Guardian","floor":16,"turns":8}],"seed_played":"549743690318699720","potions_obtained":[{"floor":6,"key":"Fire Potion"},{"floor":8,"key":"Block Potion"},{"floor":12,"key":"Block Potion"},{"floor":13,"key":"AttackPotion"}],"is_trial":false,"path_per_floor":["M","M","M","M","?","E","R","E","T","M","?","M","M","$","R","B"],"character_chosen":"IRONCLAD","items_purchased":["Medical Kit","Combust","DeathKnight:RimePotion"],"campfire_rested":2,"item_purchase_floors":[14,14,14],"current_hp_per_floor":[88,88,79,66,66,32,58,55,55,44,44,42,37,37,63,0,0],"gold":5,"neow_bonus":"TEN_PERCENT_HP_BONUS","is_daily":false,"chose_seed":false,"campfire_upgraded":0,"win_rate":0.0,"timestamp":1613401041,"path_taken":["M","M","M","M","?","E","R","E","T","M","?","M","M","$","R","BOSS"],"items_purchased_type":["Relic","Card","Potion"],"build_version":"2020-11-17","purchased_purges":0,"victory":false,"max_hp_per_floor":[88,88,88,88,88,88,88,88,88,88,88,88,88,88,88,88,88],"card_choices":[{"not_picked":["hubris:ReadiedAction","Sever Soul"],"picked":"Combust","floor":1},{"not_picked":["Second Wind","Ghostly Armor","hubris:ReadiedAction"],"picked":"SKIP","floor":2},{"not_picked":["Carnage","Uppercut"],"picked":"Pommel Strike","floor":3},{"not_picked":["ReplayTheSpireMod:Stacked","Thunderclap","Reckless Charge"],"picked":"SKIP","floor":4},{"not_picked":["Iron Wave","Armaments"],"picked":"Anger","floor":6},{"not_picked":["Sword Boomerang","infinitespire:OneForAll"],"picked":"Inflame","floor":8},{"not_picked":["Offering","Clash"],"picked":"Twin Strike","floor":10},{"not_picked":["Shockwave","hubris:SharpeningStone"],"picked":"Whirlwind","floor":12},{"not_picked":["Thunderclap","Defy Death"],"picked":"Replay:Undeath\u0027s Touch","floor":13}],"player_experience":519,"relics_obtained":[{"floor":5,"key":"infinitespire:Eraser"},{"floor":6,"key":"Potion Belt"},{"floor":8,"key":"Blood Vial"},{"floor":9,"key":"hubris:SlimyHat"}],"event_choices":[{"cards_removed":["Defend_R"],"damage_healed":0,"gold_gain":0,"player_choice":"Card Removal","damage_taken":0,"max_hp_gain":0,"max_hp_loss":0,"event_name":"Wheel of Change","floor":11,"gold_loss":0}],"is_beta":true,"boss_relics":[],"items_purged_floors":[],"is_endless":false,"potions_floor_spawned":[6,8,12,13],"killed_by":"The Guardian","ascension_level":0}}