{"host":"neeznpvpgo0qgfkd","time":1613426619,"event":{"mods":["AchievementEnabler","BaseMod","BetterRewards","Colored Map","Colored Powertips","Exacting","Minty Spire (QoL Compilation)","Permanent Neow","Quick Restart","Shop Mod"],"gold_per_floor":[110,129,129,129,157,157,186,204,204,204,204,379,379,408,408,512,512,527,542,542,542,542,542,553,585,608,608,608,608,643,654,654,654,654],"floor_reached":33,"language":"ENG","playtime":1351,"items_purged":[],"score":396,"play_id":"d139eabe-39c3-42b7-ad36-5d92a10a9b95","local_time":"20210215170339","is_ascension_mode":true,"campfire_choices":[{"floor":6.0,"key":"REST"},{"floor":10.0,"key":"REST"},{"floor":13.0,"key":"REST"},{"floor":15.0,"key":"REST"},{"floor":23.0,"key":"REST"},{"floor":28.0,"key":"REST"},{"floor":32.0,"key":"REST"}],"circlet_count":0,"master_deck":["Strike_G","Strike_G","Strike_G","Strike_G","Strike_G","Defend_G","Defend_G","Defend_G","Defend_G","Defend_G","Survivor","Neutralize","Apotheosis","Panache+1","Slice+1","Dagger Spray","Tactician","Cloak And Dagger","Dagger Spray","Doubt","Flying Knee","Tools of the Trade","Caltrops","Outmaneuver+1","RitualDagger","Backstab","Underhanded Strike","Writhe"],"relics":["Ring of the Snake","Shovel","OrangePellets","Juzu Bracelet","Bottled Tornado","Tingsha","Black Star","MutagenicStrength","Singing Bowl","Bronze Scales","Blood Vial","Toy Ornithopter","Potion Belt"],"acts_visited":["Exordium","TheCity"],"potions_floor_usage":[33,33],"damage_taken":[{"damage":8.0,"enemies":"Small Slimes","floor":1.0,"turns":3.0},{"damage":3.0,"enemies":"Cultist","floor":2.0,"turns":4.0},{"damage":7.0,"enemies":"2 Louse","floor":5.0,"turns":3.0},{"damage":30.0,"enemies":"Lagavulin","floor":7.0,"turns":7.0},{"damage":14.0,"enemies":"Exordium Thugs","floor":8.0,"turns":4.0},{"damage":2.0,"enemies":"Large Slime","floor":14.0,"turns":5.0},{"damage":18.0,"enemies":"The Guardian","floor":16.0,"turns":10.0},{"damage":12.0,"enemies":"Chosen","floor":18.0,"turns":5.0},{"damage":31.0,"enemies":"3 Byrds","floor":19.0,"turns":4.0},{"damage":12.0,"enemies":"Cultist and Chosen","floor":24.0,"turns":3.0},{"damage":10.0,"enemies":"Slavers","floor":25.0,"turns":3.0},{"damage":34.0,"enemies":"Gremlin Leader","floor":30.0,"turns":7.0},{"damage":16.0,"enemies":"Snake Plant","floor":31.0,"turns":3.0},{"damage":66,"enemies":"Automaton","floor":33,"turns":6}],"seed_played":"7874553082185351661","potions_obtained":[{"floor":2.0,"key":"Poison Potion"},{"floor":8.0,"key":"SkillPotion"},{"floor":14.0,"key":"LiquidMemories"},{"floor":19.0,"key":"CultistPotion"},{"floor":31.0,"key":"Block Potion"}],"is_trial":false,"path_per_floor":["M","M","?","?","M","R","E","M","T","R","?","?","R","M","R","B",null,"M","M","?","?","?","R","M","E","T","?","R","?","E","M","R","B"],"character_chosen":"THE_SILENT","items_purchased":["Apotheosis","OrangePellets","Panache","Slice"],"campfire_rested":7,"item_purchase_floors":[0,0,0,0],"current_hp_per_floor":[55,52,38,38,31,52,22,8,8,29,29,29,50,48,69,51,65,53,22,22,9,3,25,13,3,3,28,50,50,20,8,31,0,0],"gold":654,"neow_bonus":"","is_daily":false,"chose_seed":false,"campfire_upgraded":0,"win_rate":0.0,"timestamp":1613426619,"path_taken":["M","M","?","?","M","R","E","M","T","R","?","?","R","M","R","BOSS","M","M","?","?","?","R","M","E","T","?","R","?","E","M","R","BOSS"],"items_purchased_type":["Card","Relic","Card","Card"],"build_version":"2020-12-22","purchased_purges":0,"victory":false,"max_hp_per_floor":[70,70,70,70,70,70,70,70,70,70,70,70,70,70,70,70,70,70,70,70,75,75,75,75,75,75,75,75,75,77,79,79,79,79],"card_choices":[{"not_picked":["Dodge and Roll","Escape Plan"],"picked":"Dagger Spray","floor":1.0},{"not_picked":["PiercingWail","Reflex","Masterful Stab"],"picked":"SKIP","floor":2.0},{"not_picked":["Blur","Skewer"],"picked":"Tactician","floor":5.0},{"not_picked":["Catalyst","Tactician"],"picked":"Cloak And Dagger","floor":7.0},{"not_picked":["Quick Slash","PiercingWail"],"picked":"Dagger Spray","floor":8.0},{"not_picked":["Distraction","Eviscerate"],"picked":"Flying Knee","floor":14.0},{"not_picked":["Night Terror","Grand Finale"],"picked":"Tools of the Trade","floor":16.0},{"not_picked":["Reflex","Sucker Punch"],"picked":"Caltrops","floor":18.0},{"not_picked":["Crippling Poison+1","Masterful Stab"],"picked":"Outmaneuver+1","floor":19.0},{"not_picked":["Flechettes","Skewer+1"],"picked":"Backstab","floor":24.0},{"not_picked":["PiercingWail","Slice+1"],"picked":"Underhanded Strike","floor":25.0},{"not_picked":["Dagger Spray+1","Setup","Prepared+1"],"picked":"Singing Bowl","floor":30.0},{"not_picked":["Blur","A Thousand Cuts","Backflip"],"picked":"Singing Bowl","floor":31.0}],"player_experience":1409967,"relics_obtained":[{"floor":7.0,"key":"Juzu Bracelet"},{"floor":9.0,"key":"Bottled Tornado"},{"floor":25.0,"key":"Singing Bowl"},{"floor":25.0,"key":"Bronze Scales"},{"floor":30.0,"key":"Toy Ornithopter"},{"floor":30.0,"key":"Potion Belt"}],"event_choices":[{"damage_healed":0.0,"max_hp_gain":0.0,"max_hp_loss":0.0,"gold_gain":0.0,"event_name":"Shining Light","player_choice":"Entered Light","floor":3.0,"gold_loss":0.0,"damage_taken":14.0,"cards_upgraded":["Panache","Slice"]},{"damage_healed":0.0,"max_hp_gain":0.0,"max_hp_loss":0.0,"gold_gain":0.0,"event_name":"Golden Wing","player_choice":"Ignored","floor":4.0,"gold_loss":0.0,"damage_taken":0.0},{"damage_healed":0.0,"max_hp_gain":0.0,"max_hp_loss":0.0,"gold_gain":0.0,"event_name":"WeMeetAgain","player_choice":"Gave Potion","floor":11.0,"gold_loss":0.0,"damage_taken":0.0,"relics_obtained":["Tingsha"]},{"damage_healed":0.0,"max_hp_gain":0.0,"max_hp_loss":0.0,"gold_gain":175.0,"event_name":"Liars Game","player_choice":"AGREE","floor":12.0,"gold_loss":0.0,"damage_taken":0.0,"cards_obtained":["Doubt"]},{"damage_healed":0.0,"max_hp_gain":0.0,"max_hp_loss":0.0,"gold_gain":0.0,"event_name":"Drug Dealer","player_choice":"Inject Mutagens","floor":20.0,"gold_loss":0.0,"damage_taken":0.0,"relics_obtained":["MutagenicStrength"]},{"damage_healed":0.0,"max_hp_gain":5.0,"max_hp_loss":0.0,"gold_gain":0.0,"event_name":"Forgotten Altar","player_choice":"Shed Blood","floor":21.0,"gold_loss":0.0,"damage_taken":18.0},{"damage_healed":0.0,"max_hp_gain":0.0,"max_hp_loss":0.0,"gold_gain":0.0,"event_name":"Nest","player_choice":"Joined the Cult","floor":22.0,"gold_loss":0.0,"damage_taken":6.0,"cards_obtained":["RitualDagger"]},{"damage_healed":25.0,"max_hp_gain":0.0,"max_hp_loss":0.0,"gold_gain":0.0,"event_name":"The Library","player_choice":"Heal","floor":27.0,"gold_loss":0.0,"damage_taken":0.0},{"damage_healed":0.0,"max_hp_gain":0.0,"max_hp_loss":0.0,"gold_gain":0.0,"event_name":"The Mausoleum","player_choice":"Opened","floor":29.0,"gold_loss":0.0,"damage_taken":0.0,"relics_obtained":["Blood Vial"],"cards_obtained":["Writhe"]}],"is_beta":false,"boss_relics":[{"not_picked":["Cursed Key","Calling Bell"],"picked":"Black Star"}],"items_purged_floors":[],"is_endless":false,"potions_floor_spawned":[2,8,14,19,31],"killed_by":"Automaton","ascension_level":8}}