{"host":"z7iqwv4hfwwvhc2n","time":1613377041,"event":{"mods":["2.2 Compatiblity","BaseMod","Better Third Choice","BetterRewards","Bossed Relics","Colored Powertips","Minty Spire (QoL Compilation)","Permanent Neow","Relic Filter","Shop Mod","StSLib","The Cursed"],"gold_per_floor":[109,109,109,128,83,83,112,125,125,144,144,157,157,0,0,0,0],"floor_reached":16,"language":"JPN","playtime":533,"items_purged":[],"score":375,"play_id":"261da304-b6d8-425e-b294-0188d2ec3bcf","local_time":"20210215171721","daily_mods":["Specialized","Allstar"],"is_ascension_mode":true,"campfire_choices":[{"floor":6,"key":"REST"},{"floor":15,"key":"REST"}],"circlet_count":0,"master_deck":["AscendersBane","Strike_R","Strike_R","Strike_R","Strike_R","Strike_R","Defend_R","Defend_R","Defend_R","Defend_R","Bash","Juggernaut","Juggernaut","Juggernaut","Juggernaut","Juggernaut","PanicButton","Purity","Good Instincts","Enlightenment","Apotheosis","Flex","Anger","Rage","Cleave","Searing Blow","True Grit","Burning Pact","Good Instincts","Anger"],"relics":["Unceasing Top","StoneCalendar","Pen Nib","Letter Opener","Nloth\u0027s Gift"],"acts_visited":["Exordium"],"potions_floor_usage":[12,16],"damage_taken":[{"damage":20,"enemies":"Jaw Worm","floor":1,"turns":5},{"damage":11,"enemies":"Small Slimes","floor":4,"turns":5},{"damage":0,"enemies":"Lagavulin","floor":7,"turns":5},{"damage":2,"enemies":"2 Louse","floor":8,"turns":3},{"damage":6,"enemies":"Looter","floor":10,"turns":4},{"damage":11,"enemies":"Large Slime","floor":12,"turns":5},{"damage":44,"enemies":"The Guardian","floor":16,"turns":6}],"seed_played":"-3403488441245998539","potions_obtained":[{"floor":1,"key":"Block Potion"},{"floor":7,"key":"Dexterity Potion"},{"floor":10,"key":"Strength Potion"}],"is_trial":true,"path_per_floor":["M","?","T","M","$","R","E","M","T","M","?","M","?","$","R","B"],"character_chosen":"IRONCLAD","items_purchased":["Rage","Good Instincts","Anger"],"campfire_rested":2,"item_purchase_floors":[5,14,14],"current_hp_per_floor":[48,48,48,37,37,59,59,57,57,51,33,22,22,22,44,0,0],"gold":0,"neow_bonus":"","is_daily":false,"chose_seed":false,"campfire_upgraded":0,"win_rate":0.0,"timestamp":1613377041,"path_taken":["M","?","?","M","$","R","E","M","T","M","?","M","?","$","R","BOSS"],"items_purchased_type":["Card","Card","Card"],"build_version":"2020-12-22","purchased_purges":0,"victory":false,"max_hp_per_floor":[75,75,75,75,75,75,75,75,75,75,75,75,75,75,75,75,75],"card_choices":[{"not_picked":["Shrug It Off","Pummel"],"picked":"Flex","floor":1},{"not_picked":["Flame Barrier","Blood for Blood"],"picked":"Anger","floor":4},{"not_picked":["Havoc","Fiend Fire"],"picked":"Cleave","floor":7},{"not_picked":["Headbutt","True Grit"],"picked":"Searing Blow","floor":8},{"not_picked":["Flex","Intimidate"],"picked":"True Grit","floor":10},{"not_picked":["Thunderclap","Wild Strike"],"picked":"Burning Pact","floor":12}],"player_experience":55801,"relics_obtained":[{"floor":3,"key":"StoneCalendar"},{"floor":7,"key":"Pen Nib"},{"floor":9,"key":"Letter Opener"}],"event_choices":[{"damage_healed":0,"gold_gain":0,"player_choice":"Ignored","damage_taken":109,"max_hp_gain":0,"max_hp_loss":0,"event_name":"betterThird:BetterSerpent","floor":2,"gold_loss":0},{"damage_healed":0,"gold_gain":1,"player_choice":"Relic ","damage_taken":18,"max_hp_gain":0,"max_hp_loss":0,"event_name":"betterThird:BetterScrap","floor":11,"gold_loss":0,"cards_obtained":["Wallop"]},{"damage_healed":0,"gold_gain":0,"player_choice":"Ignored","damage_taken":0,"max_hp_gain":0,"max_hp_loss":0,"event_name":"Golden Idol","floor":13,"gold_loss":0}],"is_beta":false,"boss_relics":[],"items_purged_floors":[],"is_endless":true,"potions_floor_spawned":[1,7,10],"killed_by":"The Guardian","ascension_level":20}}