{"host":"x1d9cj1vze2ie4yu","time":1613364526,"event":{"mods":["Act Like it!","Aspiration","BaseMod","Better Vampires","CapriCore","Conspire","Minty Spire (QoL Compilation)","Pale of the Ancients","Permanent Neow","Relic Stats","Reliquary","Replay The Spire","Spicy Shops","StSLib","[IsaacMod]以撒尖塔","【功能Mod】聪明的最终Boss"],"gold_per_floor":[368,393,425,442,452,452,467,477,501,18,58,58,58,58,58,160,160,160,160],"floor_reached":18,"language":"ZHS","playtime":1197,"items_purged":["ReplayTheSpireMod:Splinters"],"score":257,"play_id":"257cd0ef-e6af-45e5-81e8-c72112d9b74c","local_time":"20210215124846","is_ascension_mode":true,"campfire_choices":[{"data":"Feed","floor":6.0,"key":"SMITH"},{"data":"Bash","floor":12.0,"key":"SMITH"},{"floor":15,"key":"REST"}],"circlet_count":0,"master_deck":["Strike_R+1","Strike_R","Strike_R","Strike_R+1","Strike_R","Defend_R","Defend_R","Defend_R","Defend_R","Bash+1","conspire:NecroticWound","Feed+1"],"relics":["Burning Blood","HushsDoor","GuppysHead","TuHaoJin","D6","Replay:Baseball","Golden Egg","conspire:TreasureMap","Odd Mushroom","Replay:Bronze Core"],"acts_visited":["Exordium","TheCity"],"potions_floor_usage":[13,16],"damage_taken":[{"damage":10.0,"enemies":"conspire:RoseBush","floor":1.0,"turns":3.0},{"damage":24.0,"enemies":"conspire:MimicChest","floor":2.0,"turns":3.0},{"damage":10.0,"enemies":"2 Louse","floor":4.0,"turns":2.0},{"damage":0.0,"enemies":"Small Slimes","floor":5.0,"turns":2.0},{"damage":16.0,"enemies":"Exordium Wildlife","floor":7.0,"turns":4.0},{"damage":16.0,"enemies":"2 Fungi Beasts","floor":8.0,"turns":3.0},{"damage":25.0,"enemies":"The Mushroom Lair","floor":11.0,"turns":3.0},{"damage":0,"enemies":"3 Sentries","floor":13,"turns":1},{"damage":34,"enemies":"Hexaghost","floor":16,"turns":8},{"damage":76,"enemies":"conspire:FuzzyDice","floor":18,"turns":7}],"seed_played":"-2022085254210341762","potions_obtained":[{"floor":5.0,"key":"PowerPotion"},{"floor":7.0,"key":"ColorlessPotion"},{"floor":11.0,"key":"SmokeBomb"}],"is_trial":false,"path_per_floor":["M","?","?","M","M","R","M","M","T","$","?","R","E","?","R","B",null,"M"],"character_chosen":"IRONCLAD","items_purchased":["Golden Egg","conspire:TreasureMap"],"campfire_rested":1,"item_purchase_floors":[10,10],"current_hp_per_floor":[68,50,50,46,52,52,46,40,40,40,25,25,31,13,40,16,76,0,0],"gold":160,"neow_bonus":"TWO_FIFTY_GOLD","is_daily":false,"chose_seed":false,"campfire_upgraded":2,"win_rate":0.0,"timestamp":1613364526,"path_taken":["M","?","?","M","M","R","M","?","T","$","?","R","E","?","R","BOSS","M"],"items_purchased_type":["Relic","Relic"],"build_version":"2020-12-22","purchased_purges":1,"victory":false,"max_hp_per_floor":[80,80,80,80,80,80,84,88,88,88,92,92,92,92,92,96,96,96,96],"relic_stats":{"counters":[10,36],"obtain_stats":[{"KeepersGift":0,"Golden Egg":10,"D6":3,"Replay:Baseball":9,"conspire:TreasureMap":10,"Replay:Bronze Core":17,"TuHaoJin":2,"GuppysHead":0,"Odd Mushroom":11,"HushsDoor":0,"Burning Blood":0},{"KeepersGift":0,"Golden Egg":6,"D6":2,"Replay:Baseball":6,"conspire:TreasureMap":6,"Replay:Bronze Core":9,"TuHaoJin":2,"GuppysHead":0,"Odd Mushroom":7,"HushsDoor":0,"Burning Blood":0},{"KeepersGift":0,"Golden Egg":17,"D6":6,"Replay:Baseball":17,"conspire:TreasureMap":17,"Replay:Bronze Core":29,"TuHaoJin":6,"GuppysHead":0,"Odd Mushroom":20,"HushsDoor":0,"Burning Blood":0}],"Burning Blood":54},"card_choices":[{"not_picked":["Thunderclap","Body Slam","Life Link"],"picked":"SKIP","floor":1.0},{"not_picked":["Pommel Strike","Entrench"],"picked":"Feed","floor":4.0},{"not_picked":["Sever Soul","Whirlwind","Clothesline"],"picked":"SKIP","floor":5.0},{"not_picked":["Flex","ReplayTheSpireMod:Corrosion Curse","Warcry"],"picked":"SKIP","floor":7.0},{"not_picked":["Clothesline","Life Link","Perfected Strike"],"picked":"SKIP","floor":8.0}],"player_experience":81314,"relics_obtained":[{"floor":2.0,"key":"TuHaoJin"},{"floor":3.0,"key":"D6"},{"floor":9.0,"key":"Replay:Baseball"},{"floor":11.0,"key":"Odd Mushroom"}],"event_choices":[{"damage_healed":0.0,"max_hp_gain":0.0,"max_hp_loss":0.0,"gold_gain":0.0,"event_name":"Mushrooms","player_choice":"Fought Mushrooms","floor":11.0,"gold_loss":0.0,"damage_taken":0.0},{"damage_healed":0,"gold_gain":0,"player_choice":"Entered Light","damage_taken":18,"max_hp_gain":0,"max_hp_loss":0,"event_name":"Shining Light","floor":14,"gold_loss":0,"cards_upgraded":["Strike_R","Strike_R"]}],"is_beta":false,"boss_relics":[{"not_picked":["Ring of Chaos","aspiration:SilentSkillbook"],"picked":"Replay:Bronze Core"},{"not_picked":[]}],"items_purged_floors":[10],"is_endless":false,"potions_floor_spawned":[5,7,11],"killed_by":"conspire:FuzzyDice","ascension_level":9}}