{"host":"id23shmscryl4psl","time":1613362142,"event":{"mods":["BaseMod","Better Altar","Better Match","Better Note","Better Sensory Stone","Better Skull","Better Third Choice","Colored Map","Colored Powertips","Dark Map","HololiveMod","Minty Spire (QoL Compilation)","Rare Cards Sparkle","Relic Stats","Robot Space Explorer","StSLib"],"gold_per_floor":[88,106,127,127,127,127,165,183,183,183,202,237,256,281,281,383,383,408,408,436,477,477,477,512,512,512],"floor_reached":25,"language":"ENG","playtime":1359,"items_purged":[],"score":402,"play_id":"62d0ac0c-a9c0-4d97-b56b-ca28546e313b","local_time":"20210214210902","is_ascension_mode":true,"campfire_choices":[{"data":"Hololive_SoulCatcher","floor":6,"key":"SMITH"},{"data":"Hololive_CallNakiriAyame","floor":10,"key":"SMITH"},{"data":"Hololive_DurableLive","floor":15,"key":"SMITH"},{"data":"Hololive_WolfAndLamb","floor":23,"key":"SMITH"}],"circlet_count":0,"master_deck":["Hololive_Strike+1","Hololive_Strike+1","Hololive_SoulCatcher+1","Hololive_CallCivia","Hololive_CallMoonaHoshinova","Hololive_CallUsadaPekora","Hololive_CallSakuraMiko","Hololive_CallAiraniIofifteen","Hololive_LuckPotion","Hololive_CallNakiriAyame+1","Hololive_DurableLive+1","Hololive_Rebirth","Hololive_Spy","Hololive_CallRosalyn","Hololive_LuckPotion","Hololive_WolfAndLamb+1","Hololive_CallAZKi","Hololive_IdolExercise","Hololive_RevenueBasedLive+1","Hololive_CallShiranuiFlare","Hololive_CallAiraniIofifteen+1","Hololive_CallSakuraMiko"],"relics":["Hololive_TheStar","TungstenRod","Meat on the Bone","Shuriken","Odd Mushroom","SlaversCollar","Whetstone"],"acts_visited":["Exordium","TheCity"],"potions_floor_usage":[7,12,12,20,21,21,22],"damage_taken":[{"damage":0,"enemies":"Jaw Worm","floor":1,"turns":4},{"damage":3,"enemies":"Small Slimes","floor":2,"turns":2},{"damage":0,"enemies":"Cultist","floor":3,"turns":3},{"damage":0,"enemies":"Lagavulin","floor":7,"turns":5},{"damage":0,"enemies":"Large Slime","floor":8,"turns":5},{"damage":0,"enemies":"Looter","floor":11,"turns":4},{"damage":0,"enemies":"Gremlin Nob","floor":12,"turns":4},{"damage":0,"enemies":"Exordium Thugs","floor":13,"turns":3},{"damage":23,"enemies":"The Mushroom Lair","floor":14,"turns":5},{"damage":0,"enemies":"Slime Boss","floor":16,"turns":5},{"damage":34,"enemies":"Shell Parasite","floor":18,"turns":10},{"damage":5,"enemies":"Chosen","floor":20,"turns":5},{"damage":10,"enemies":"Sentry and Sphere","floor":21,"turns":7},{"damage":0,"enemies":"Shelled Parasite and Fungi","floor":22,"turns":1},{"damage":23,"enemies":"Gremlin Leader","floor":24,"turns":7},{"damage":18,"enemies":"3 Cultists","floor":25,"turns":3}],"seed_played":"-3150925627000557193","potions_obtained":[{"floor":1,"key":"Fire Potion"},{"floor":2,"key":"Strength Potion"},{"floor":8,"key":"LiquidBronze"},{"floor":12,"key":"Swift Potion"},{"floor":18,"key":"LiquidMemories"},{"floor":20,"key":"Ancient Potion"},{"floor":21,"key":"SmokeBomb"}],"is_trial":false,"path_per_floor":["M","M","M","?","?","R","E","M","T","R","M","E","M","?","R","B",null,"M","?","M","M","M","R","E","M"],"character_chosen":"Hololive_HololiveCharacter","items_purchased":[],"campfire_rested":0,"item_purchase_floors":[],"current_hp_per_floor":[32,29,29,34,31,31,31,31,31,31,31,31,31,20,20,20,37,15,27,22,24,24,24,13,0,0],"gold":512,"neow_bonus":"REMOVE_TWO","is_daily":false,"chose_seed":false,"campfire_upgraded":4,"win_rate":0.0,"timestamp":1613362142,"path_taken":["M","M","M","?","?","R","E","?","T","R","M","E","M","?","R","BOSS","M","?","M","M","M","R","E","M"],"items_purchased_type":[],"build_version":"2020-12-22","purchased_purges":0,"victory":false,"max_hp_per_floor":[32,32,32,37,37,37,37,37,37,37,37,37,37,37,37,37,37,37,37,37,37,37,37,37,37,37],"relic_stats":{"counters":[16,73],"Shuriken":[8],"Whetstone":["Hololive_Strike","Hololive_Strike"],"obtain_stats":[{"SlaversCollar":17,"Shuriken":12,"Hololive_TheStar":0,"Whetstone":24,"Odd Mushroom":14,"TungstenRod":7,"Meat on the Bone":9},{"SlaversCollar":10,"Shuriken":7,"Hololive_TheStar":0,"Whetstone":15,"Odd Mushroom":9,"TungstenRod":4,"Meat on the Bone":5},{"SlaversCollar":40,"Shuriken":27,"Hololive_TheStar":0,"Whetstone":70,"Odd Mushroom":35,"TungstenRod":14,"Meat on the Bone":19}],"TungstenRod":20,"Meat on the Bone":48},"card_choices":[{"not_picked":["Hololive_Trident","Hololive_FlyingPonyTail","Hololive_RevenueBasedLive"],"picked":"Hololive_LuckPotion","floor":1},{"not_picked":["Hololive_Rebound","Hololive_CallAyundaRisu","Hololive_Psychosis"],"picked":"Hololive_CallNakiriAyame","floor":2},{"not_picked":["Hololive_Rebound","Hololive_Psychosis","Hololive_CallYogiri"],"picked":"Hololive_DurableLive","floor":3},{"not_picked":["Hololive_CallManoAloe","Hololive_FlyingPonyTail","Hololive_Trident"],"picked":"Hololive_Rebirth","floor":7},{"not_picked":["Hololive_StrengthChampion","Hololive_FlyingPonyTail","Hololive_RevenueBasedLive"],"picked":"Hololive_Spy","floor":8},{"not_picked":["Hololive_CocoNews","Hololive_StrengthChampion","Hololive_Drill"],"picked":"Hololive_CallRosalyn","floor":11},{"not_picked":["Hololive_Drill","Hololive_CallTsunomakiWatame","Hololive_CallShishiroBotan"],"picked":"Hololive_LuckPotion","floor":12},{"not_picked":["Hololive_OvertimeWork","Hololive_FlyingPonyTail","Hololive_CallMinatoAqua"],"picked":"Hololive_WolfAndLamb","floor":13},{"not_picked":["Hololive_Drill","Hololive_CallMinatoAqua","Hololive_SummonFox"],"picked":"Hololive_CallAZKi","floor":14},{"not_picked":["Hololive_BeCareful","Hololive_DiamondStrike","Hololive_ASMR"],"picked":"Hololive_IdolExercise","floor":16},{"not_picked":["Hololive_Watashimo","Hololive_CallYuzukiChoco","Hololive_CallAiraniIofifteen"],"picked":"Hololive_RevenueBasedLive+1","floor":18},{"not_picked":["Hololive_RevenueBasedLive","Hololive_Drill","Hololive_Watashimo"],"picked":"Hololive_CallShiranuiFlare","floor":20},{"not_picked":["Hololive_OvertimeWork+1","Hololive_BringToTrial","Hololive_RevenueBasedLive+1"],"picked":"Hololive_CallAiraniIofifteen+1","floor":21},{"not_picked":["Hololive_LuckPotion","Hololive_Psychosis+1","Hololive_CallAZKi+1"],"picked":"Hololive_CallSakuraMiko","floor":24}],"player_experience":108609,"relics_obtained":[{"floor":7,"key":"TungstenRod"},{"floor":9,"key":"Meat on the Bone"},{"floor":12,"key":"Shuriken"},{"floor":14,"key":"Odd Mushroom"},{"floor":24,"key":"Whetstone"}],"event_choices":[{"damage_healed":0,"gold_gain":0,"player_choice":"Donut","damage_taken":0,"max_hp_gain":5,"max_hp_loss":0,"event_name":"Big Fish","floor":4,"gold_loss":0},{"damage_healed":0,"gold_gain":0,"player_choice":"Damaged","damage_taken":3,"max_hp_gain":0,"max_hp_loss":0,"event_name":"Wheel of Change","floor":5,"gold_loss":0},{"damage_healed":0,"gold_gain":0,"player_choice":"Fought Mushrooms","damage_taken":0,"max_hp_gain":0,"max_hp_loss":0,"event_name":"Mushrooms","floor":14,"gold_loss":0},{"damage_healed":12,"gold_gain":0,"player_choice":"Heal","damage_taken":0,"max_hp_gain":0,"max_hp_loss":0,"event_name":"The Library","floor":19,"gold_loss":0}],"is_beta":false,"boss_relics":[{"not_picked":["Snecko Eye","Runic Dome"],"picked":"SlaversCollar"}],"items_purged_floors":[],"is_endless":false,"potions_floor_spawned":[1,2,8,12,18,20,21,22],"killed_by":"3 Cultists","ascension_level":4}}