{"host":"mhk64yc8b8cafbgt","time":1613363496,"event":{"mods":["Act Like it!","Aspiration","BaseMod","BetterRewards","CapriCore","Downfall","Energized Spire","Friendly Minions","GifTheSpireLib","Gold Saver","HornydragonMod","LagranYue(拉格朗・月)","Marked Mod","Minty Spire (QoL Compilation)","MostiFishMod","Pale of the Ancients","Quick Restart","Relic Filter Mod","Robot Space Explorer","RumiaBox-露米娅的神秘盒子","Ryuuou龙王","Shop Mod","Spicy Shops","StSLib","TestMod","Uncapped","[IsaacMod]以撒尖塔","noobMod","【功能Mod】混沌之环修复补丁","【遗物卡牌】REMEMod","残留之物"],"gold_per_floor":[13,27,42,29,39,67,67,67,67],"floor_reached":8,"language":"ZHS","playtime":1301,"items_purged":[],"score":78,"play_id":"fbf4c6c3-d2e3-4805-9935-f60df91f67f1","local_time":"20210215123136","is_ascension_mode":true,"campfire_choices":[{"floor":7.0,"key":"RECALL"}],"circlet_count":0,"master_deck":["Strike_P","Strike_P","Strike_P","Defend_P+1","Defend_P","Defend_P","Eruption","Vigilance","DoctorFetus","PlaceholderMod:SevereHeat","Consecrate","MarkedMod:PinPointDefense","EmptyFist","LessonLearned","MostiFishMod:Minus"],"relics":["PureWater","REME_ComplimentaryCards","DaveBox","testmod-TestBox","HushsDoor","KeepersGift","ice","LagranYue:RandomDrawCardRelic","testmod-Antiphasic"],"acts_visited":["Exordium"],"potions_floor_usage":[8],"damage_taken":[{"damage":7.0,"enemies":"Cultist","floor":1.0,"turns":3.0},{"damage":16.0,"enemies":"Small Slimes","floor":2.0,"turns":5.0},{"damage":6.0,"enemies":"2 Louse","floor":3.0,"turns":4.0},{"damage":0.0,"enemies":"Looter","floor":5.0,"turns":3.0},{"damage":27.0,"enemies":"Lagavulin","floor":6.0,"turns":7.0},{"damage":8,"enemies":"3 Sentries","floor":8,"turns":2}],"seed_played":"1167036163433349282","potions_obtained":[{"floor":1.0,"key":"FearPotion"},{"floor":3.0,"key":"Energy Potion"},{"floor":5.0,"key":"bronze:BurnAndBuffPotion"}],"is_trial":false,"path_per_floor":["M","M","M","$","M","E","R","E"],"character_chosen":"WATCHER","items_purchased":["LessonLearned"],"campfire_rested":0,"item_purchase_floors":[4],"current_hp_per_floor":[58,42,36,36,36,9,9,1,1],"gold":67,"neow_bonus":"REMOVE_TWO","is_daily":false,"chose_seed":false,"campfire_upgraded":0,"win_rate":0.0,"timestamp":1613363496,"path_taken":["M","M","?","?","M","E","R","E"],"items_purchased_type":["Card"],"build_version":"2020-12-22","purchased_purges":0,"victory":false,"max_hp_per_floor":[72,72,72,72,72,72,72,72,72],"card_choices":[{"not_picked":[],"picked":"DoctorFetus","floor":0.0},{"not_picked":["CutThroughFate","Crescendo"],"picked":"Consecrate","floor":1.0},{"not_picked":["MarkedMod:FirstStrike","Worship"],"picked":"MarkedMod:PinPointDefense","floor":2.0},{"not_picked":["BattleHymn","MarkedMod:GentlePulse"],"picked":"EmptyFist","floor":3.0},{"not_picked":["ReachHeaven","Nirvana","Sanctity"],"picked":"SKIP","floor":5.0},{"not_picked":["MostiFishMod:FlowState","EmptyFist"],"picked":"MostiFishMod:Minus","floor":6.0}],"player_experience":442767,"relics_obtained":[{"floor":6.0,"key":"testmod-Antiphasic"}],"event_choices":[],"is_beta":false,"boss_relics":[],"items_purged_floors":[],"is_endless":false,"potions_floor_spawned":[1,3,5],"killed_by":"3 Sentries","ascension_level":7}}