{"host":"cfx7gfywkfguge4j","time":1613360698,"event":{"mods":["BaseMod","Lobotomy","LobotomyExtend","Minty Spire (QoL Compilation)","Replay The Spire","Shop Mod","StSLib","The Servant 0.9.4","[IsaacMod]ÒÔÈö¼âËþ"],"gold_per_floor":[115,44,44,44,44,76,96,96,96,122,48,80,95,106,106,201,201,246,8,27,27,27,87,87,121,121,155,197,269,288,302,302,405,405,437,468,468,487,516,516,319,319,392,392,392,421,437,466,466,466,466,466],"floor_reached":51,"language":"ZHS","playtime":1716,"items_purged":["Wish","SpiritShield"],"score":2366,"play_id":"43a7b567-abc7-4ce2-9015-cbedf7694ffa","local_time":"20210215114458","is_ascension_mode":true,"campfire_choices":[{"data":"Eruption","floor":8.0,"key":"SMITH"},{"data":"ForeignInfluence","floor":24.0,"key":"SMITH"},{"data":"Vault","floor":32.0,"key":"SMITH"},{"data":"Scrawl","floor":40.0,"key":"SMITH"},{"floor":42.0,"key":"RECALL"},{"data":"BowlingBash","floor":45.0,"key":"SMITH"},{"data":"MentalFortress","floor":49.0,"key":"SMITH"}],"circlet_count":0,"master_deck":["Strike_P","Strike_P","Strike_P","Defend_P","Defend_P","Defend_P","Eruption+1","Vigilance","Conclude+1","ForeignInfluence+1","Scrawl+1","FlurryOfBlows","Sanctity+1","Halt","InnerPeace","Vault+1","FearNoEvil+1","Adaptation+1","ClearTheMind+1","DevaForm","Tantrum","MentalFortress+1","Adaptation","Tantrum","BowlingBash+1","Indignation+1","Scrawl","Crescendo","FlurryOfBlows","Replay:AllIn"],"relics":["HushsDoor","D4","Prayer Wheel","TungstenRod","FossilizedHelix","GuppysHead","Mango","Pear","PillsDrop","Darkstone Periapt","Iron Hammer","Mirror","Happy Flower","Bag of Preparation","Blood Vial","ChampionBelt","Honey Jar","MegaBlast","Incubus","MagicMushroom","GuppysTail","NineLifeCat","AnarchistCookbook","LetterFromLob","Omamori","Ginger","MerchantsRug","Onion Ring","SharpPlug"],"acts_visited":["Exordium","TheCity","TheBeyond"],"potions_floor_usage":[],"damage_taken":[{"damage":0.0,"enemies":"Small Slimes","floor":1.0,"turns":2.0},{"damage":0.0,"enemies":"Small Slimes","floor":4.0,"turns":6.0},{"damage":5.0,"enemies":"3 Sentries","floor":6.0,"turns":2.0},{"damage":0.0,"enemies":"The Mushroom Lair","floor":7.0,"turns":1.0},{"damage":12.0,"enemies":"Lagavulin","floor":10.0,"turns":3.0},{"damage":2.0,"enemies":"3 Sentries","floor":12.0,"turns":4.0},{"damage":0.0,"enemies":"Jaw Worm","floor":13.0,"turns":1.0},{"damage":1.0,"enemies":"2 Louse","floor":14.0,"turns":2.0},{"damage":15.0,"enemies":"Fading Forest","floor":16.0,"turns":11.0},{"damage":4.0,"enemies":"Shell Parasite","floor":18.0,"turns":3.0},{"damage":3.0,"enemies":"Chosen","floor":20.0,"turns":3.0},{"damage":13.0,"enemies":"Slavers","floor":23.0,"turns":8.0},{"damage":1.0,"enemies":"Replay:Snechameleon","floor":25.0,"turns":3.0},{"damage":0.0,"enemies":"Gremlin Leader","floor":27.0,"turns":3.0},{"damage":5.0,"enemies":"Masked Bandits","floor":28.0,"turns":4.0},{"damage":2.0,"enemies":"Replay:Snechameleon","floor":29.0,"turns":7.0},{"damage":0.0,"enemies":"Snecko","floor":30.0,"turns":4.0},{"damage":0.0,"enemies":"Snake Plant","floor":31.0,"turns":3.0},{"damage":0.0,"enemies":"Pondfish","floor":33.0,"turns":1.0},{"damage":0.0,"enemies":"R_Hoarder","floor":35.0,"turns":1.0},{"damage":0.0,"enemies":"Reptomancer","floor":36.0,"turns":2.0},{"damage":5.0,"enemies":"3 Shapes","floor":38.0,"turns":1.0},{"damage":0.0,"enemies":"Giant Head","floor":39.0,"turns":2.0},{"damage":0.0,"enemies":"R_Hoarder","floor":46.0,"turns":2.0},{"damage":0.0,"enemies":"Orb Walker","floor":47.0,"turns":1.0},{"damage":0.0,"enemies":"Nemesis","floor":48.0,"turns":1.0},{"damage":0.0,"enemies":"Awakened One","floor":50.0,"turns":2.0},{"damage":0,"enemies":"Time Eater","floor":51,"turns":1}],"seed_played":"-8685139910695389750","potions_obtained":[{"floor":10.0,"key":"FearPotion"},{"floor":13.0,"key":"Energy Potion"},{"floor":36.0,"key":"Fire Potion"},{"floor":38.0,"key":"Swift Potion"},{"floor":39.0,"key":"EssenceOfSteel"}],"is_trial":false,"path_per_floor":["M","$","?","?","?","E","?","R","T","E","$","E","M","M","R","B",null,"M","$","M","T","?","E","R","E","T","E","?","E","M","M","R","B",null,"M","M","?","M","M","R","$","R","T","?","R","E","M","E","R","B","B"],"character_chosen":"WATCHER","items_purchased":["Conclude","InnerPeace","Molten Egg 2","GuppysTail","NineLifeCat","Tantrum","MerchantsRug"],"campfire_rested":0,"item_purchase_floors":[2,11,19,34,34,34,41],"current_hp_per_floor":[65,65,65,72,72,67,67,67,67,55,70,68,68,67,72,65,70,66,66,63,63,63,50,50,49,49,49,44,42,42,42,42,67,12,15,15,14,9,12,12,12,12,12,14,14,14,14,14,14,14,-999999,-999999],"gold":466,"neow_bonus":"BOSS_RELIC","is_daily":false,"chose_seed":false,"campfire_upgraded":6,"win_rate":0.0,"timestamp":1613360698,"path_taken":["M","$","?","?","?","E","?","R","T","E","?","E","?","M","R","BOSS","M","$","M","?","?","E","R","E","T","E","?","E","M","?","R","BOSS","BOSS","M","M","?","?","M","R","$","R","T","?","R","E","M","E","R","BOSS","BOSS"],"items_purchased_type":["Card","Card","Relic","Relic","Relic","Card","Relic"],"build_version":"2020-12-22","purchased_purges":2,"victory":false,"max_hp_per_floor":[72,72,72,72,72,72,72,72,72,72,72,72,72,72,72,72,72,72,72,72,72,72,72,72,72,72,72,72,72,72,72,72,72,12,15,15,14,14,14,14,14,14,14,14,14,14,14,14,14,14,14,14],"card_choices":[{"not_picked":[],"picked":"SuicideKing","floor":0.0},{"not_picked":["Worship"],"picked":"SKIP","floor":1.0},{"not_picked":[],"picked":"FlurryOfBlows","floor":6.0},{"not_picked":[],"picked":"Sanctity","floor":7.0},{"not_picked":[],"picked":"Halt","floor":10.0},{"not_picked":[],"picked":"SpiritShield","floor":12.0},{"not_picked":["EmptyBody"],"picked":"SKIP","floor":13.0},{"not_picked":["Collect"],"picked":"SKIP","floor":14.0},{"not_picked":[],"picked":"Wish","floor":16.0},{"not_picked":["Replay:ManipulateFuture","FlyingSleeves","FollowUp"],"picked":"SKIP","floor":18.0},{"not_picked":["Weave+1","Halt+1"],"picked":"Vault","floor":20.0},{"not_picked":["Replay:ManipulateFuture+1","FollowUp+1","JustLucky+1"],"picked":"SKIP","floor":23.0},{"not_picked":["ForeignInfluence","BowlingBash+1"],"picked":"FearNoEvil+1","floor":25.0},{"not_picked":["Vengeance","WindmillStrike+1","Replay:Hum"],"picked":"SKIP","floor":27.0},{"not_picked":["JustLucky+1","Replay:ManipulateFuture"],"picked":"Adaptation+1","floor":28.0},{"not_picked":["ForeignInfluence","Judgement","FlurryOfBlows+1"],"picked":"SKIP","floor":29.0},{"not_picked":["Nirvana+1","FlyingSleeves+1","Swivel"],"picked":"SKIP","floor":30.0},{"not_picked":["Replay:Battleflow","Replay:ManipulateFuture"],"picked":"ClearTheMind+1","floor":31.0},{"not_picked":["Vault","LessonLearned+1"],"picked":"DevaForm","floor":33.0},{"not_picked":["EmptyBody","Wallop","Meditate+1"],"picked":"MentalFortress","floor":35.0},{"not_picked":["FlurryOfBlows+1","EmptyFist+1","WaveOfTheHand+1"],"picked":"Adaptation","floor":36.0},{"not_picked":["Ragnarok","Replay:BluntJabs","FearNoEvil"],"picked":"Tantrum","floor":38.0},{"not_picked":["Prostrate","Consecrate","SashWhip"],"picked":"BowlingBash","floor":38.0},{"not_picked":["JustLucky+1","EmptyFist","Meditate+1"],"picked":"Indignation+1","floor":39.0},{"not_picked":["DeceiveReality","JustLucky+1","Worship+1"],"picked":"Scrawl","floor":46.0},{"not_picked":["FlurryOfBlows","JustLucky","Prostrate"],"picked":"Crescendo","floor":47.0},{"not_picked":["WindmillStrike","ThirdEye","CarveReality"],"picked":"FlurryOfBlows","floor":47.0},{"not_picked":["WindmillStrike","SignatureMove","CutThroughFate+1"],"picked":"Replay:AllIn","floor":48.0}],"player_experience":109123,"relics_obtained":[{"floor":1.0,"key":"LetterFromLob"},{"floor":6.0,"key":"D4"},{"floor":7.0,"key":"Odd Mushroom"},{"floor":9.0,"key":"Shovel"},{"floor":10.0,"key":"MealTicket"},{"floor":12.0,"key":"Letter Opener"},{"floor":18.0,"key":"LetterFromLob"},{"floor":21.0,"key":"SatanicBible"},{"floor":23.0,"key":"ReplayFunnel"},{"floor":25.0,"key":"SalivaCoin"},{"floor":26.0,"key":"Replay:Bottled Flurry"},{"floor":27.0,"key":"Pantograph"},{"floor":28.0,"key":"Red Mask"},{"floor":29.0,"key":"BelialBook"},{"floor":35.0,"key":"AnarchistCookbook"},{"floor":35.0,"key":"LetterFromLob"},{"floor":36.0,"key":"Omamori"},{"floor":39.0,"key":"Ginger"},{"floor":46.0,"key":"Onion Ring"},{"floor":48.0,"key":"SharpPlug"}],"event_choices":[{"damage_healed":0.0,"max_hp_gain":0.0,"max_hp_loss":0.0,"gold_gain":0.0,"cards_transformed":["Steam"],"event_name":"Living Wall","player_choice":"Change","floor":5.0,"gold_loss":0.0,"damage_taken":0.0,"cards_obtained":["Scrawl"]},{"damage_healed":0.0,"max_hp_gain":0.0,"max_hp_loss":0.0,"gold_gain":0.0,"event_name":"Mushrooms","player_choice":"Fought Mushrooms","floor":7.0,"gold_loss":0.0,"damage_taken":0.0},{"damage_healed":0.0,"max_hp_gain":0.0,"max_hp_loss":0.0,"gold_gain":0.0,"event_name":"Masked Bandits","player_choice":"Fought Bandits","floor":28.0,"gold_loss":0.0,"damage_taken":0.0},{"damage_healed":0.0,"max_hp_gain":0.0,"max_hp_loss":1.0,"gold_gain":0.0,"event_name":"Winding Halls","player_choice":"Max HP","floor":37.0,"gold_loss":0.0,"damage_taken":0.0}],"is_beta":false,"boss_relics":[{"not_picked":["Cursed Key","SacredBark"],"picked":"Fusion Hammer"},{"not_picked":[]},{"not_picked":["Kintsugi","ReplayTheSpireMod:DimensionalGlitch"],"picked":"MagicMushroom"},{"not_picked":[]}],"items_purged_floors":[34,41],"is_endless":false,"potions_floor_spawned":[4,10,13,23,25,31,36,38,39],"killed_by":"Time Eater","ascension_level":20}}