{"host":"5z7rhcocprldured","time":1613433585,"event":{"mods":["2.2 Compatiblity","AchievementEnabler","AlwaysNeverKeys","BaseMod","Best Route Mod","Better Altar","Better Match","Better Note","Better Sensory Stone","Better Skull","Better Third Choice","BetterRewards","Block Reminder","Colored Map","Colored Powertips","Displayed Cursed Tome","Downfall","Emptier Cage","Energized Spire","Minty Spire (QoL Compilation)","Permanent Neow","Rare Cards Sparkle","SacredBarkPlus","Spicy Shops","StSLib","Synergy Search","Unceasing Turn Reminder"],"gold_per_floor":[119,119,133,145,145,176,176,193,193,193,212,225,225,5,5,5,5],"floor_reached":16,"language":"ENG","playtime":469,"items_purged":[],"score":102,"play_id":"289352af-67a4-45b9-8d52-333123df9bdd","local_time":"20210215235945","is_ascension_mode":false,"campfire_choices":[{"data":"Heavy Blade","floor":7,"key":"SMITH"},{"data":"Rupture","floor":10,"key":"SMITH"},{"floor":15,"key":"REST"}],"circlet_count":0,"master_deck":["Strike_R","Strike_R+1","Strike_R","Defend_R","Defend_R","Defend_R","Defend_R","Bash","Dual Wield","Heavy Blade+1","Pummel+1","Rupture+1","Pummel","Warcry","Inflame"],"relics":["Burning Blood","Akabeko","Incense Burner","Shovel","Chemical X"],"acts_visited":["Exordium"],"potions_floor_usage":[6,16],"damage_taken":[{"damage":5,"enemies":"Small Slimes","floor":1,"turns":3},{"damage":0,"enemies":"2 Louse","floor":3,"turns":2},{"damage":17,"enemies":"Jaw Worm","floor":4,"turns":4},{"damage":26,"enemies":"Gremlin Nob","floor":6,"turns":4},{"damage":3,"enemies":"2 Fungi Beasts","floor":8,"turns":3},{"damage":7,"enemies":"Exordium Wildlife","floor":11,"turns":4},{"damage":0,"enemies":"Blue Slaver","floor":12,"turns":1},{"damage":58,"enemies":"Slime Boss","floor":16,"turns":7}],"seed_played":"-6707678784815028384","potions_obtained":[{"floor":4,"key":"PowerPotion"},{"floor":11,"key":"EssenceOfSteel"},{"floor":12,"key":"sneckomod:MuddlingPotion"}],"is_trial":false,"path_per_floor":["M","?","M","M","?","E","R","M","T","R","M","M","?","$","R","B"],"character_chosen":"IRONCLAD","items_purchased":["Inflame","Chemical X"],"campfire_rested":1,"item_purchase_floors":[14,14],"current_hp_per_floor":[80,80,80,69,53,33,33,36,36,36,35,41,34,34,58,0,0],"gold":5,"neow_bonus":"RANDOM_COMMON_RELIC","is_daily":false,"chose_seed":false,"campfire_upgraded":2,"win_rate":0.0,"timestamp":1613433585,"path_taken":["M","?","M","M","?","E","R","M","T","R","M","M","?","$","R","BOSS"],"items_purchased_type":["Card","Relic"],"build_version":"2020-12-22","purchased_purges":0,"victory":false,"max_hp_per_floor":[80,80,80,80,80,80,80,80,80,80,80,80,80,80,80,80,80],"card_choices":[{"not_picked":["Wild Strike","Reckless Charge"],"picked":"Dual Wield","floor":1},{"not_picked":["Iron Wave","Ghostly Armor"],"picked":"Heavy Blade","floor":3},{"not_picked":["Body Slam","Feel No Pain"],"picked":"Pummel","floor":4},{"not_picked":["Anger","Rage","Sentinel"],"picked":"SKIP","floor":6},{"not_picked":["Cleave","Thunderclap"],"picked":"Rupture","floor":8},{"not_picked":["Intimidate","Anger"],"picked":"Pummel","floor":11},{"not_picked":["Heavy Blade","Power Through"],"picked":"Warcry","floor":12}],"player_experience":185309,"relics_obtained":[{"floor":6,"key":"Incense Burner"},{"floor":9,"key":"Shovel"}],"event_choices":[{"cards_removed":["Strike_R"],"damage_healed":0,"gold_gain":0,"player_choice":"Forget","damage_taken":0,"max_hp_gain":0,"max_hp_loss":0,"event_name":"Living Wall","floor":2,"gold_loss":0},{"damage_healed":69,"gold_gain":0,"player_choice":"Upgrade","damage_taken":16,"max_hp_gain":0,"max_hp_loss":80,"event_name":"betterThird:BetterShining","floor":5,"gold_loss":0,"cards_upgraded":["Pummel","Strike_R"]},{"cards_removed":["Strike_R"],"damage_healed":0,"gold_gain":0,"player_choice":"Card Removal","damage_taken":7,"max_hp_gain":0,"max_hp_loss":0,"event_name":"Golden Wing","floor":13,"gold_loss":0}],"is_beta":false,"boss_relics":[],"items_purged_floors":[],"is_endless":false,"potions_floor_spawned":[4,11,12],"killed_by":"Slime Boss","ascension_level":0}}