{"host":"ypzb5vvnu9f3ii1t","time":1613371592,"event":{"mods":["AchievementEnabler","BaseMod","Colored Map","DeckTracker","Keyboard Shortcuts","Minty Spire (QoL Compilation)","Permanent Neow","Quick Restart","SuperFastMode"],"gold_per_floor":[113,44,44,44,44,44,62,96,96,113,113,113,125,144,144,247,247,264,264,275,200,220,220,232,232,232,232,12,0,18,18,18],"floor_reached":31,"language":"KOR","playtime":1059,"items_purged":["Strike_G"],"score":403,"play_id":"62af8b7b-ee74-42f3-995f-998f25a24a70","local_time":"20210215154632","is_ascension_mode":true,"campfire_choices":[{"data":"Bouncing Flask","floor":6.0,"key":"SMITH"},{"data":"Noxious Fumes","floor":11.0,"key":"SMITH"},{"floor":15.0,"key":"REST"},{"floor":23,"key":"REST"},{"floor":27,"key":"REST"}],"circlet_count":0,"master_deck":["AscendersBane","Strike_G","Strike_G","Defend_G","Defend_G","Defend_G","Defend_G","Survivor","Neutralize","Bouncing Flask+1","Bane","Noxious Fumes+1","Poisoned Stab","After Image","Deadly Poison","Deadly Poison","Noxious Fumes","Footwork","Noxious Fumes+1"],"relics":["Ring of the Snake","NeowsBlessing","Mummified Hand","Darkstone Periapt","Sozu","White Beast Statue","DollysMirror"],"acts_visited":["Exordium","TheCity"],"potions_floor_usage":[],"damage_taken":[{"damage":0.0,"enemies":"Jaw Worm","floor":1.0,"turns":1.0},{"damage":0.0,"enemies":"Small Slimes","floor":7.0,"turns":1.0},{"damage":0.0,"enemies":"3 Sentries","floor":8.0,"turns":1.0},{"damage":6.0,"enemies":"2 Louse","floor":10.0,"turns":3.0},{"damage":2.0,"enemies":"Red Slaver","floor":13.0,"turns":4.0},{"damage":13.0,"enemies":"Large Slime","floor":14.0,"turns":4.0},{"damage":10,"enemies":"The Guardian","floor":16,"turns":7},{"damage":2,"enemies":"Chosen","floor":18,"turns":4},{"damage":16,"enemies":"Spheric Guardian","floor":20,"turns":4},{"damage":17,"enemies":"Snake Plant","floor":22,"turns":3},{"damage":20,"enemies":"Sentry and Sphere","floor":24,"turns":4},{"damage":26,"enemies":"Cultist and Chosen","floor":30,"turns":5},{"damage":26,"enemies":"Snake Plant","floor":31,"turns":2}],"seed_played":"672635977289202049","potions_obtained":[{"floor":8.0,"key":"SpeedPotion"},{"floor":13.0,"key":"Explosive Potion"},{"floor":16,"key":"ColorlessPotion"}],"is_trial":false,"path_per_floor":["M","$","?","$","?","R","M","E","T","M","R","?","M","M","R","B",null,"M","?","M","$","M","R","M","?","T","R","$","?","M","M"],"character_chosen":"THE_SILENT","items_purchased":["Bouncing Flask","Footwork","DollysMirror"],"campfire_rested":3,"item_purchase_floors":[2,28,28],"current_hp_per_floor":[63,63,63,63,56,56,56,56,56,50,50,50,48,35,56,46,64,62,62,46,46,29,50,30,30,30,51,51,51,25,0,0],"gold":18,"neow_bonus":"THREE_ENEMY_KILL","is_daily":false,"chose_seed":false,"campfire_upgraded":2,"win_rate":0.0,"timestamp":1613371592,"path_taken":["M","$","?","$","?","R","M","E","T","M","R","?","M","?","R","BOSS","M","?","?","$","M","R","M","?","T","R","?","?","M","M"],"items_purchased_type":["Card","Card","Relic"],"build_version":"2020-12-22","purchased_purges":1,"victory":false,"max_hp_per_floor":[70,70,70,70,70,70,70,70,70,70,70,70,70,70,70,70,70,70,70,70,70,70,70,70,70,70,70,70,70,70,70,70],"card_choices":[{"not_picked":["Acrobatics","Well Laid Plans","Sucker Punch"],"picked":"SKIP","floor":1.0},{"not_picked":["Dagger Spray","All Out Attack"],"picked":"Bane","floor":7.0},{"not_picked":["Leg Sweep","Prepared"],"picked":"Noxious Fumes","floor":8.0},{"not_picked":["Calculated Gamble","Underhanded Strike","Sucker Punch"],"picked":"SKIP","floor":10.0},{"not_picked":["Choke","Endless Agony"],"picked":"Poisoned Stab","floor":13.0},{"not_picked":["Expertise","Backstab","Underhanded Strike"],"picked":"SKIP","floor":14.0},{"not_picked":["Burst","Venomology"],"picked":"After Image","floor":16},{"not_picked":["Leg Sweep","Dagger Spray"],"picked":"Deadly Poison","floor":18},{"not_picked":["Accuracy","Slice+1"],"picked":"Deadly Poison","floor":20},{"not_picked":["PiercingWail","Sucker Punch+1"],"picked":"Noxious Fumes","floor":22},{"not_picked":["PiercingWail","Skewer","Sucker Punch+1"],"picked":"SKIP","floor":24},{"not_picked":["Deflect","Flying Knee","Poisoned Stab"],"picked":"SKIP","floor":30}],"player_experience":226524,"relics_obtained":[{"floor":8.0,"key":"Mummified Hand"},{"floor":9.0,"key":"Darkstone Periapt"},{"floor":26,"key":"White Beast Statue"}],"event_choices":[{"damage_healed":0.0,"max_hp_gain":0.0,"max_hp_loss":0.0,"gold_gain":0.0,"event_name":"The Cleric","player_choice":"Leave","floor":3.0,"gold_loss":0.0,"damage_taken":0.0},{"cards_removed":["Strike_G"],"damage_healed":0.0,"max_hp_gain":0.0,"max_hp_loss":0.0,"gold_gain":0.0,"event_name":"Golden Wing","player_choice":"Card Removal","floor":5.0,"gold_loss":0.0,"damage_taken":7.0},{"cards_removed":["Defend_G"],"damage_healed":0.0,"max_hp_gain":0.0,"max_hp_loss":0.0,"gold_gain":0.0,"event_name":"Purifier","player_choice":"Purged","floor":12.0,"gold_loss":0.0,"damage_taken":0.0},{"damage_healed":0,"gold_gain":0,"player_choice":"Got Potions","damage_taken":0,"max_hp_gain":0,"max_hp_loss":0,"event_name":"Lab","floor":19,"gold_loss":0},{"cards_removed":["Strike_G"],"damage_healed":0,"gold_gain":0,"player_choice":"Purged","damage_taken":0,"max_hp_gain":0,"max_hp_loss":0,"event_name":"Purifier","floor":25,"gold_loss":0},{"damage_healed":0,"gold_gain":0,"player_choice":"Paid Fearfully","damage_taken":0,"max_hp_gain":0,"max_hp_loss":0,"event_name":"Masked Bandits","floor":29,"gold_loss":12}],"is_beta":false,"boss_relics":[{"not_picked":["HoveringKite","Tiny House"],"picked":"Sozu"}],"items_purged_floors":[21],"is_endless":false,"potions_floor_spawned":[8,13,16,18,30],"killed_by":"Snake Plant","ascension_level":11}}