{"host":"sav7uxregyirlf69","time":1613399638,"event":{"mods":["AchievementEnabler","BaseMod","Colored Map","DeckTracker","Keyboard Shortcuts","Minty Spire (QoL Compilation)","READ ME - Guardian Mod","StSLib","SuperFastMode"],"gold_per_floor":[111,111,111,135,135,135,171,186,186,186,211,232,248,248,248],"floor_reached":14,"language":"KOR","playtime":158,"items_purged":[],"score":234,"play_id":"1a18c443-50e5-4b47-a7c9-66057f70b93e","local_time":"20210215233358","is_ascension_mode":true,"campfire_choices":[{"data":"Blade Dance","floor":6,"key":"SMITH"},{"data":"Noxious Fumes","floor":10,"key":"SMITH"}],"circlet_count":0,"master_deck":["AscendersBane","Strike_G","Strike_G","Strike_G","Strike_G","Strike_G","Defend_G","Defend_G","Defend_G","Defend_G","Survivor","Neutralize","Blade Dance+1","Noxious Fumes+1","Bane","Backflip","Escape Plan"],"relics":["Ring of the Snake","NeowsBlessing","White Beast Statue","Golden Idol","Pear","Frozen Egg 2"],"acts_visited":["Exordium"],"potions_floor_usage":[14,14],"damage_taken":[{"damage":0,"enemies":"Jaw Worm","floor":1,"turns":1},{"damage":0,"enemies":"Small Slimes","floor":4,"turns":1},{"damage":0,"enemies":"Gremlin Nob","floor":7,"turns":1},{"damage":0,"enemies":"2 Louse","floor":8,"turns":2},{"damage":16,"enemies":"Large Slime","floor":11,"turns":6},{"damage":33,"enemies":"Exordium Thugs","floor":12,"turns":5},{"damage":7,"enemies":"Red Slaver","floor":13,"turns":3},{"damage":15,"enemies":"Lagavulin","floor":14,"turns":3}],"seed_played":"1524774352866615038","potions_obtained":[{"floor":4,"key":"Weak Potion"},{"floor":7,"key":"BlessingOfTheForge"},{"floor":13,"key":"DuplicationPotion"}],"is_trial":false,"path_per_floor":["M","?","?","M","?","R","E","M","T","R","M","M","M","E"],"character_chosen":"THE_SILENT","items_purchased":[],"campfire_rested":0,"item_purchase_floors":[],"current_hp_per_floor":[59,54,54,54,47,47,57,57,57,57,41,8,1,0,0],"gold":248,"neow_bonus":"THREE_ENEMY_KILL","is_daily":false,"chose_seed":false,"campfire_upgraded":2,"win_rate":0.0,"timestamp":1613399638,"path_taken":["M","?","?","M","?","R","E","M","T","R","M","M","M","E"],"items_purchased_type":[],"build_version":"2020-12-22","purchased_purges":0,"victory":false,"max_hp_per_floor":[66,66,60,60,60,60,70,70,70,70,70,70,70,70,70],"card_choices":[{"not_picked":["Dagger Throw","Outmaneuver"],"picked":"Blade Dance","floor":1},{"not_picked":["Deflect","Quick Slash","Dodge and Roll"],"picked":"SKIP","floor":4},{"not_picked":["Outmaneuver","Eviscerate"],"picked":"Noxious Fumes","floor":7},{"not_picked":["Acrobatics","Skewer"],"picked":"Bane","floor":8},{"not_picked":["Distraction","Prepared"],"picked":"Backflip","floor":11},{"not_picked":["Quick Slash","Underhanded Strike"],"picked":"Escape Plan","floor":12},{"not_picked":["Underhanded Strike","Flying Knee","Tools of the Trade+1"],"picked":"SKIP","floor":13}],"player_experience":1584360,"relics_obtained":[{"floor":7,"key":"Pear"},{"floor":9,"key":"Frozen Egg 2"}],"event_choices":[{"damage_healed":0,"gold_gain":0,"player_choice":"Success","damage_taken":5,"relics_obtained":["White Beast Statue"],"max_hp_gain":0,"max_hp_loss":0,"event_name":"Scrap Ooze","floor":2,"gold_loss":0},{"damage_healed":0,"gold_gain":0,"player_choice":"Lose Max HP","damage_taken":0,"relics_obtained":["Golden Idol"],"max_hp_gain":0,"max_hp_loss":6,"event_name":"Golden Idol","floor":3,"gold_loss":0},{"cards_removed":["Defend_G"],"damage_healed":0,"gold_gain":0,"player_choice":"Card Removal","damage_taken":7,"max_hp_gain":0,"max_hp_loss":0,"event_name":"Golden Wing","floor":5,"gold_loss":0}],"is_beta":false,"boss_relics":[],"items_purged_floors":[],"is_endless":false,"potions_floor_spawned":[4,7,8,11,12,13],"killed_by":"Lagavulin","ascension_level":20}}