{"host":"mulvwr6fzlda1d2f","time":1613379612,"event":{"mods":["BaseMod","BetterRewards","Hermit","Marisa????????","Minty Spire (QoL Compilation)","Quick Restart","Remove Card Discount Mod","Replay The Spire","StSLib","The Bladedancer","The Runesmith","egg"],"gold_per_floor":[113,125,142,142,155,155,155,155],"floor_reached":7,"language":"ENG","playtime":280,"items_purged":["Strike_B","Strike_B","Strike_B","Strike_B"],"score":43,"play_id":"def3938a-895e-4b50-8bcb-e9dbd1d0618e","local_time":"20210215010012","is_ascension_mode":false,"campfire_choices":[{"data":"Reprogram","floor":6,"key":"SMITH"}],"circlet_count":0,"master_deck":["Defend_B","Defend_B","Defend_B","Defend_B","Zap","Dualcast","ReplayTheSpireMod:Reroute Power","Cold Snap","Cold Snap","Reprogram+1","Self Repair","Coolheaded"],"relics":["Cracked Core","Membership Card"],"acts_visited":["Exordium"],"potions_floor_usage":[7],"damage_taken":[{"damage":2,"enemies":"2 Louse","floor":1,"turns":3},{"damage":6,"enemies":"Small Slimes","floor":2,"turns":4},{"damage":0,"enemies":"Jaw Worm","floor":3,"turns":4},{"damage":1,"enemies":"Large Slime","floor":5,"turns":11},{"damage":0,"enemies":"Lagavulin","floor":7,"turns":4}],"seed_played":"940011882415757234","potions_obtained":[{"floor":3,"key":"Fire Potion"}],"is_trial":false,"path_per_floor":["M","M","M","?","M","R","E"],"character_chosen":"DEFECT","items_purchased":["Membership Card","ReplayTheSpireMod:Reroute Power","Cold Snap","Reprogram"],"campfire_rested":0,"item_purchase_floors":[0,0,0,0],"current_hp_per_floor":[65,59,66,66,72,72,72,72],"gold":155,"neow_bonus":"","is_daily":false,"chose_seed":false,"campfire_upgraded":1,"win_rate":0.0,"timestamp":1613379612,"path_taken":["M","M","M","?","M","R","E"],"items_purchased_type":["Relic","Card","Card","Card"],"build_version":"2020-12-22","purchased_purges":4,"victory":false,"max_hp_per_floor":[75,75,75,75,75,75,75,75],"card_choices":[{"not_picked":["Heatsinks","Tempest","Aggregate"],"picked":"SKIP","floor":1},{"not_picked":["Steam","Streamline"],"picked":"Self Repair","floor":2},{"not_picked":["ReplayTheSpireMod:System Scan","Streamline"],"picked":"Coolheaded","floor":3},{"not_picked":["Steam","Lockon","Rebound"],"picked":"SKIP","floor":5}],"player_experience":256077,"relics_obtained":[],"event_choices":[{"damage_healed":0,"gold_gain":0,"player_choice":"Ignored","damage_taken":0,"max_hp_gain":0,"max_hp_loss":0,"event_name":"Liars Game","floor":4,"gold_loss":0}],"is_beta":false,"boss_relics":[],"items_purged_floors":[0,0,0,0],"is_endless":false,"potions_floor_spawned":[3],"killed_by":"Lagavulin","ascension_level":0}}