{"host":"syfsfjmzue8y1a6l","time":1613395639,"event":{"mods":["AchievementEnabler","BaseMod","Colored Map","DeckTracker","Minty Spire (QoL Compilation)","SuperFastMode"],"gold_per_floor":[118,128,141,216,227,257,170,170,170,170,180,180,201,76,76,76,76],"floor_reached":16,"language":"KOR","playtime":639,"items_purged":["Strike_B","Strike_B"],"score":102,"play_id":"e9c21ac2-93b4-4e10-9647-9f906b1ab238","local_time":"20210215222719","is_ascension_mode":false,"campfire_choices":[{"floor":8,"key":"REST"},{"data":"Fusion","floor":10,"key":"SMITH"},{"data":"Storm","floor":15,"key":"SMITH"}],"circlet_count":0,"master_deck":["Strike_B","Strike_B","Defend_B","Defend_B","Defend_B","Defend_B","Zap","Dualcast","Go for the Eyes","Redo","Capacitor","Redo","Compile Driver","Machine Learning","Aggregate","Fusion+1","Rebound","Barrage","Ball Lightning","Storm+1"],"relics":["Cracked Core","Prayer Wheel","Smiling Mask","Lantern","Golden Idol"],"acts_visited":["Exordium"],"potions_floor_usage":[6,13],"damage_taken":[{"damage":6,"enemies":"Jaw Worm","floor":1,"turns":4},{"damage":0,"enemies":"2 Louse","floor":2,"turns":2},{"damage":1,"enemies":"Cultist","floor":3,"turns":3},{"damage":6,"enemies":"2 Fungi Beasts","floor":5,"turns":3},{"damage":22,"enemies":"3 Sentries","floor":6,"turns":7},{"damage":4,"enemies":"Exordium Thugs","floor":11,"turns":4},{"damage":6,"enemies":"3 Louse","floor":13,"turns":2},{"damage":7,"enemies":"Hexaghost","floor":16,"turns":5}],"seed_played":"2244739281018739395","potions_obtained":[{"floor":2,"key":"AttackPotion"},{"floor":5,"key":"Fire Potion"}],"is_trial":false,"path_per_floor":["M","M","M","?","M","E","$","R","T","R","M","?","M","$","R","B"],"character_chosen":"DEFECT","items_purchased":["Fusion","Storm"],"campfire_rested":1,"item_purchase_floors":[7,14],"current_hp_per_floor":[48,48,47,36,30,8,8,30,30,30,26,8,2,2,2,0,0],"gold":76,"neow_bonus":"ONE_RARE_RELIC","is_daily":false,"chose_seed":false,"campfire_upgraded":2,"win_rate":0.0,"timestamp":1613395639,"path_taken":["M","M","M","?","M","E","$","R","T","R","M","?","M","$","R","BOSS"],"items_purchased_type":["Card","Card"],"build_version":"2020-12-22","purchased_purges":2,"victory":false,"max_hp_per_floor":[75,75,75,75,75,75,75,75,75,75,75,75,75,75,75,75,75],"card_choices":[{"not_picked":["Hologram","Auto Shields"],"picked":"Go for the Eyes","floor":1},{"not_picked":["Blizzard","Leap"],"picked":"Redo","floor":1},{"not_picked":["Reprogram","Go for the Eyes"],"picked":"Capacitor","floor":2},{"not_picked":["Steam","Thunder Strike"],"picked":"Redo","floor":2},{"not_picked":["Stack","Redo"],"picked":"Compile Driver","floor":3},{"not_picked":["Steam","Streamline","Hologram"],"picked":"SKIP","floor":3},{"not_picked":["Redo","Stack"],"picked":"Machine Learning","floor":5},{"not_picked":["Doom and Gloom","Reinforced Body"],"picked":"Aggregate","floor":5},{"not_picked":["Steam","Static Discharge","Compile Driver"],"picked":"SKIP","floor":6},{"not_picked":["Gash","Beam Cell"],"picked":"Rebound","floor":11},{"not_picked":["Go for the Eyes","Auto Shields"],"picked":"Barrage","floor":11},{"not_picked":["Tempest","Compile Driver"],"picked":"Ball Lightning","floor":13},{"not_picked":["Turbo","Redo","Steam"],"picked":"SKIP","floor":13}],"player_experience":64558,"relics_obtained":[{"floor":6,"key":"Smiling Mask"},{"floor":9,"key":"Lantern"}],"event_choices":[{"damage_healed":0,"gold_gain":75,"player_choice":"Gather Gold","damage_taken":11,"max_hp_gain":0,"max_hp_loss":0,"event_name":"World of Goop","floor":4,"gold_loss":0},{"damage_healed":0,"gold_gain":0,"player_choice":"Take Damage","damage_taken":18,"relics_obtained":["Golden Idol"],"max_hp_gain":0,"max_hp_loss":0,"event_name":"Golden Idol","floor":12,"gold_loss":0}],"is_beta":false,"boss_relics":[],"items_purged_floors":[7,14],"is_endless":false,"potions_floor_spawned":[2,5],"killed_by":"Hexaghost","ascension_level":0}}