{"host":"0kk91h4bq4kgfj0u","time":1613412876,"event":{"mods":["BaseMod","Bestiary","Block Reminder","Colored Map","Colored Powertips","Curses Come First","Highlight Path","Minty Spire (QoL Compilation)","Relic Stats","StSLib"],"gold_per_floor":[115,115,38,38,50,50,79,91,91,91,91,19,19,36,36,134,134,149,161,171,86,105,105,134,134,134,134,134,134,134,134,134],"floor_reached":31,"language":"ENG","playtime":674,"items_purged":[],"score":314,"play_id":"8c69eeaf-362a-46de-947e-2b54de19cb53","local_time":"20210215131436","is_ascension_mode":true,"campfire_choices":[{"floor":6,"key":"RECALL"},{"floor":10,"key":"REST"},{"data":"Genetic Algorithm","floor":15,"key":"SMITH"},{"floor":23,"key":"REST"},{"floor":25,"key":"REST"},{"floor":29,"key":"REST"}],"circlet_count":0,"master_deck":["Strike_B","Strike_B","Strike_B","Strike_B","Defend_B","Defend_B","Defend_B","Defend_B","Zap+1","Dualcast","Ball Lightning","Loop","Beam Cell","Turbo","Genetic Algorithm+1","Electrodynamics","Static Discharge","Reboot","Gash","Barrage","Leap+1","Stack","Storm+1","Injury","Writhe"],"relics":["Cracked Core","Cables","MealTicket","Pen Nib","Cursed Key","Vajra","Bag of Marbles","Letter Opener"],"acts_visited":["Exordium","TheCity"],"potions_floor_usage":[20,24,31],"damage_taken":[{"damage":5,"enemies":"2 Louse","floor":1,"turns":3},{"damage":0,"enemies":"Small Slimes","floor":5,"turns":2},{"damage":42,"enemies":"Gremlin Nob","floor":7,"turns":4},{"damage":12,"enemies":"Jaw Worm","floor":8,"turns":2},{"damage":5,"enemies":"Blue Slaver","floor":14,"turns":3},{"damage":42,"enemies":"The Guardian","floor":16,"turns":8},{"damage":0,"enemies":"Spheric Guardian","floor":18,"turns":3},{"damage":7,"enemies":"3 Byrds","floor":19,"turns":2},{"damage":22,"enemies":"Snecko","floor":20,"turns":4},{"damage":5,"enemies":"Centurion and Healer","floor":22,"turns":5},{"damage":43,"enemies":"Slavers","floor":24,"turns":5},{"damage":68,"enemies":"Gremlin Leader","floor":31,"turns":4}],"seed_played":"2258021512366890171","potions_obtained":[{"floor":7,"key":"DistilledChaos"},{"floor":14,"key":"SpeedPotion"},{"floor":18,"key":"Energy Potion"},{"floor":20,"key":"Strength Potion"},{"floor":24,"key":"SpeedPotion"}],"is_trial":false,"path_per_floor":["M","?","$","?","M","R","E","M","T","R","?","$","$","M","R","B",null,"M","M","M","?","M","R","E","R","T","?","?","R","?","E"],"character_chosen":"DEFECT","items_purchased":["Loop","Electrodynamics"],"campfire_rested":4,"item_purchase_floors":[3,12],"current_hp_per_floor":[77,77,77,77,77,77,35,23,23,47,40,55,70,65,65,23,67,67,60,38,38,33,57,14,38,38,38,38,62,62,0,0],"gold":134,"neow_bonus":"TEN_PERCENT_HP_BONUS","is_daily":false,"chose_seed":false,"campfire_upgraded":1,"win_rate":0.0,"timestamp":1613412876,"path_taken":["M","?","$","?","M","R","E","M","T","R","?","?","$","M","R","BOSS","M","M","M","?","M","R","E","R","T","?","?","R","?","E"],"items_purchased_type":["Card","Card"],"build_version":"2020-12-22","purchased_purges":0,"victory":false,"max_hp_per_floor":[82,82,82,82,82,82,82,82,82,82,82,82,82,82,82,82,82,82,82,82,82,82,82,82,82,82,82,82,82,82,82,82],"relic_stats":{"counters":[12,45],"MealTicket":30,"Pen Nib":[5],"Letter Opener":[5],"Cursed Key":1,"obtain_stats":[{"Vajra":21,"MealTicket":9,"Pen Nib":11,"Bag of Marbles":24,"Letter Opener":30,"Cracked Core":0,"Cursed Key":17,"Cables":7},{"Vajra":9,"MealTicket":4,"Pen Nib":4,"Bag of Marbles":11,"Letter Opener":11,"Cracked Core":0,"Cursed Key":6,"Cables":3},{"Vajra":31,"MealTicket":11,"Pen Nib":11,"Bag of Marbles":41,"Letter Opener":41,"Cracked Core":0,"Cursed Key":22,"Cables":9}],"Cables":[31,31,0,0,0]},"card_choices":[{"not_picked":["Redo","Undo"],"picked":"Ball Lightning","floor":1},{"not_picked":["Self Repair","Barrage"],"picked":"Beam Cell","floor":5},{"not_picked":["Chaos","Storm"],"picked":"Turbo","floor":7},{"not_picked":["Turbo","Force Field"],"picked":"Genetic Algorithm","floor":8},{"not_picked":["Chill","Thunder Strike"],"picked":"Static Discharge","floor":14},{"not_picked":["Machine Learning","Fission"],"picked":"Reboot","floor":16},{"not_picked":["Steam","Reprogram"],"picked":"Gash","floor":18},{"not_picked":["Storm","Rip and Tear"],"picked":"Barrage","floor":19},{"not_picked":["Sweeping Beam+1","Creative AI"],"picked":"Leap+1","floor":20},{"not_picked":["Leap","Ball Lightning"],"picked":"Stack","floor":22},{"not_picked":["Double Energy","Go for the Eyes+1"],"picked":"Storm+1","floor":24}],"player_experience":879545,"relics_obtained":[{"floor":7,"key":"Cables"},{"floor":9,"key":"MealTicket"},{"floor":24,"key":"Bag of Marbles"}],"event_choices":[{"damage_healed":0,"gold_gain":0,"player_choice":"Grow","damage_taken":0,"max_hp_gain":0,"max_hp_loss":0,"event_name":"Living Wall","floor":2,"gold_loss":0,"cards_upgraded":["Zap"]},{"damage_healed":0,"gold_gain":0,"player_choice":"Ignored","damage_taken":0,"max_hp_gain":0,"max_hp_loss":0,"event_name":"Golden Wing","floor":4,"gold_loss":0},{"damage_healed":0,"gold_gain":0,"player_choice":"Success","damage_taken":7,"relics_obtained":["Pen Nib"],"max_hp_gain":0,"max_hp_loss":0,"event_name":"Scrap Ooze","floor":11,"gold_loss":0},{"damage_healed":0,"gold_gain":0,"player_choice":"Obtained Relic","damage_taken":0,"relics_obtained":["Vajra"],"max_hp_gain":0,"max_hp_loss":0,"event_name":"Addict","floor":21,"gold_loss":85},{"damage_healed":0,"gold_gain":0,"player_choice":"Ignored","damage_taken":0,"max_hp_gain":0,"max_hp_loss":0,"event_name":"Beggar","floor":27,"gold_loss":0},{"damage_healed":0,"gold_gain":0,"player_choice":"Ignored","damage_taken":0,"max_hp_gain":0,"max_hp_loss":0,"event_name":"Cursed Tome","floor":28,"gold_loss":0},{"damage_healed":0,"gold_gain":0,"player_choice":"Opened","damage_taken":0,"relics_obtained":["Letter Opener"],"max_hp_gain":0,"max_hp_loss":0,"event_name":"The Mausoleum","floor":30,"gold_loss":0,"cards_obtained":["Writhe"]}],"is_beta":false,"boss_relics":[{"not_picked":["Runic Dome","Snecko Eye"],"picked":"Cursed Key"}],"items_purged_floors":[],"is_endless":false,"potions_floor_spawned":[7,14,18,20,22,24],"killed_by":"Gremlin Leader","ascension_level":5}}