{"host":"6ulps5ednfgqn0to","time":1613364945,"event":{"mods":["AchievementEnabler","BaseMod","Colored Map","Highlight Path","Minty Spire (QoL Compilation)","Relic Sorter","Relic Stats","StSLib"],"gold_per_floor":[17,17,17,17,38,76,76,76,76],"floor_reached":8,"language":"ENG","playtime":423,"items_purged":[],"score":62,"play_id":"9959001b-e52f-44d8-8d39-bb360c680469","local_time":"20210215065545","is_ascension_mode":true,"campfire_choices":[{"data":"Bash","floor":7,"key":"SMITH"}],"circlet_count":0,"master_deck":["Strike_R","Strike_R","Strike_R","Strike_R","Defend_R","Defend_R","Defend_R+1","Bash+1","Evolve+1","Flex","Immolate"],"relics":["Burning Blood","Golden Idol","Happy Flower"],"acts_visited":["Exordium"],"potions_floor_usage":[],"damage_taken":[{"damage":16,"enemies":"Small Slimes","floor":1,"turns":5},{"damage":15,"enemies":"Jaw Worm","floor":5,"turns":5},{"damage":28,"enemies":"3 Sentries","floor":6,"turns":10},{"damage":28,"enemies":"Gremlin Nob","floor":8,"turns":3}],"seed_played":"-3559615207908937257","potions_obtained":[{"floor":5,"key":"SteroidPotion"}],"is_trial":false,"path_per_floor":["M","?","?","?","M","E","R","E"],"character_chosen":"IRONCLAD","items_purchased":[],"campfire_rested":0,"item_purchase_floors":[],"current_hp_per_floor":[70,70,55,55,46,24,24,0,0],"gold":76,"neow_bonus":"REMOVE_TWO","is_daily":false,"chose_seed":false,"campfire_upgraded":1,"win_rate":0.0,"timestamp":1613364945,"path_taken":["M","?","?","?","M","E","R","E"],"items_purchased_type":[],"build_version":"2020-12-22","purchased_purges":0,"victory":false,"max_hp_per_floor":[80,74,74,74,74,74,74,74,74],"relic_stats":{"Happy Flower":[1],"counters":[4,23],"Golden Idol":12,"obtain_stats":[{"Happy Flower":6,"Golden Idol":2,"Burning Blood":0},{"Happy Flower":3,"Golden Idol":1,"Burning Blood":0},{"Happy Flower":20,"Golden Idol":5,"Burning Blood":0}],"Burning Blood":18},"card_choices":[{"not_picked":["Body Slam","Iron Wave"],"picked":"Evolve","floor":1},{"not_picked":["Uppercut","Headbutt"],"picked":"Flex","floor":5},{"not_picked":["Intimidate","Twin Strike"],"picked":"Immolate","floor":6}],"player_experience":8622,"relics_obtained":[{"floor":6,"key":"Happy Flower"}],"event_choices":[{"damage_healed":0,"gold_gain":0,"player_choice":"Lose Max HP","damage_taken":0,"relics_obtained":["Golden Idol"],"max_hp_gain":0,"max_hp_loss":6,"event_name":"Golden Idol","floor":2,"gold_loss":0},{"damage_healed":0,"gold_gain":0,"player_choice":"Entered Light","damage_taken":15,"max_hp_gain":0,"max_hp_loss":0,"event_name":"Shining Light","floor":3,"gold_loss":0,"cards_upgraded":["Evolve","Defend_R"]},{"damage_healed":0,"gold_gain":0,"player_choice":"Ignored","damage_taken":0,"max_hp_gain":0,"max_hp_loss":0,"event_name":"Liars Game","floor":4,"gold_loss":0}],"is_beta":false,"boss_relics":[],"items_purged_floors":[],"is_endless":false,"potions_floor_spawned":[5],"killed_by":"Gremlin Nob","ascension_level":3}}