{"host":"v86vpwf004p2esb7","time":1613384091,"event":{"mods":["AchievementEnabler","BaseMod","BetterRewards","Colored Powertips","Minty Spire (QoL Compilation)","Quick Restart","StSLib","Transform Curses"],"gold_per_floor":[114,134,134,134,149,149,1,27,27,67,67,104,132,132,132],"floor_reached":14,"language":"ENG","playtime":501,"items_purged":[],"score":110,"play_id":"94b5086c-3388-47ba-aeec-3a15d0872331","local_time":"20210215021451","is_ascension_mode":true,"campfire_choices":[{"data":"Infinite Blades","floor":6,"key":"SMITH"},{"floor":11,"key":"REST"}],"circlet_count":0,"master_deck":["Strike_G","Strike_G","Strike_G","Strike_G","Strike_G","Defend_G","Defend_G","Defend_G","Defend_G","Defend_G","Survivor","Neutralize","Infinite Blades+1","Flying Knee","Deadly Poison","Blade Dance","Dagger Throw","Blade Dance","Bullet Time","Dodge and Roll","A Thousand Cuts+1","Bouncing Flask"],"relics":["Ring of the Snake","Pear","CeramicFish","Frozen Egg 2","Question Card"],"acts_visited":["Exordium"],"potions_floor_usage":[12,14,14],"damage_taken":[{"damage":0,"enemies":"Cultist","floor":1,"turns":3},{"damage":15,"enemies":"Small Slimes","floor":2,"turns":4},{"damage":2,"enemies":"Jaw Worm","floor":5,"turns":4},{"damage":10,"enemies":"Large Slime","floor":8,"turns":4},{"damage":17,"enemies":"3 Sentries","floor":10,"turns":7},{"damage":31,"enemies":"Gremlin Nob","floor":12,"turns":4},{"damage":8,"enemies":"Exordium Wildlife","floor":13,"turns":4},{"damage":10,"enemies":"3 Sentries","floor":14,"turns":2}],"seed_played":"-9005127636710208528","potions_obtained":[{"floor":2,"key":"Explosive Potion"},{"floor":8,"key":"Dexterity Potion"},{"floor":10,"key":"Weak Potion"},{"floor":13,"key":"ColorlessPotion"}],"is_trial":false,"path_per_floor":["M","M","?","?","M","R","$","M","T","E","R","E","M","E"],"character_chosen":"THE_SILENT","items_purchased":["Infinite Blades","Flying Knee","Deadly Poison","CeramicFish"],"campfire_rested":1,"item_purchase_floors":[0,0,0,7],"current_hp_per_floor":[64,49,49,52,50,50,50,40,40,23,47,16,8,0,0],"gold":132,"neow_bonus":"","is_daily":false,"chose_seed":false,"campfire_upgraded":1,"win_rate":0.0,"timestamp":1613384091,"path_taken":["M","?","?","?","M","R","?","M","T","E","R","E","M","E"],"items_purchased_type":["Card","Card","Card","Relic"],"build_version":"2020-12-22","purchased_purges":0,"victory":false,"max_hp_per_floor":[70,70,70,80,80,80,80,80,80,80,80,80,80,80,80],"card_choices":[{"not_picked":["Expertise","Caltrops"],"picked":"Blade Dance","floor":1},{"not_picked":["All Out Attack","Deflect"],"picked":"Dagger Throw","floor":2},{"not_picked":["Dodge and Roll","Reflex"],"picked":"Blade Dance","floor":5},{"not_picked":["Endless Agony","Leg Sweep"],"picked":"Bullet Time","floor":8},{"not_picked":["Flying Knee","Dash"],"picked":"Dodge and Roll","floor":10},{"not_picked":["Dagger Throw","Backstab"],"picked":"A Thousand Cuts+1","floor":12},{"not_picked":["Quick Slash","Backflip","Predator"],"picked":"Bouncing Flask","floor":13}],"player_experience":275821,"relics_obtained":[{"floor":10,"key":"Frozen Egg 2"},{"floor":12,"key":"Question Card"}],"event_choices":[{"damage_healed":0,"gold_gain":0,"player_choice":"Ignored","damage_taken":0,"max_hp_gain":0,"max_hp_loss":0,"event_name":"Golden Wing","floor":3,"gold_loss":0},{"damage_healed":0,"gold_gain":0,"player_choice":"Success","damage_taken":7,"relics_obtained":["Pear"],"max_hp_gain":0,"max_hp_loss":0,"event_name":"Scrap Ooze","floor":4,"gold_loss":0}],"is_beta":false,"boss_relics":[],"items_purged_floors":[],"is_endless":false,"potions_floor_spawned":[2,8,10,13],"killed_by":"3 Sentries","ascension_level":2}}