{"host":"xumidyqji6pg2yy3","time":1613399571,"event":{"mods":["Act Like it!","BaseMod","Gensokyo","Marisa（F雨　魔理沙）","Minty Spire (QoL Compilation)","StSLib","[功能]功能增强和修复MOD"],"gold_per_floor":[211,223,99,99,4,4,4,4,4,22,22,22,22,22,22,117,117,134,167,220,17,17,17,37,71,71,71,85,85,47,67,67,165,165,181,137,137,137,119,151,151,165,192,192,91,91,91,52,52,52],"floor_reached":51,"language":"ZHS","playtime":2793,"items_purged":["Strike_MRS","Defend_MRS","Defend_MRS","Strike_MRS+1","Strike_MRS+1","Strike_MRS+1","JA+1","MasterSpark+1","UpSweep+1","EscapeVelocity","CasketOfStar","DoubleSpark+1"],"score":758,"play_id":"1eabcb47-8c98-439c-a01f-588c0c98905d","local_time":"20210215223251","is_ascension_mode":true,"campfire_choices":[{"data":"DoubleSpark","floor":6.0,"key":"SMITH"},{"data":"UpSweep","floor":8.0,"key":"SMITH"},{"data":"Defend_MRS","floor":11.0,"key":"SMITH"},{"floor":13.0,"key":"REST"},{"floor":15.0,"key":"REST"},{"data":"JA","floor":23.0,"key":"SMITH"},{"floor":29.0,"key":"REST"},{"data":"Orbital","floor":32.0,"key":"SMITH"},{"data":"EnergyFlow","floor":41.0,"key":"SMITH"},{"data":"Gensokyo:SalamanderShield","floor":44.0,"key":"SMITH"},{"data":"Forethought","floor":46.0,"key":"SMITH"},{"floor":49,"key":"REST"}],"circlet_count":0,"master_deck":["Defend_MRS+1","Defend_MRS+1","FinalSpark+1","CurseOfTheBell","Reinforced Body+1","EnergyFlow+1","EnergyFlow+1","Orbital+1","EnergyRecoil","EnergyRecoil","Gensokyo:ReactiveArmor","Gensokyo:SalamanderShield+1","GalacticHalo","OortCloud+1","ManaConvection","Forethought+1"],"relics":["MiniHakkero","Sundial","Bag of Preparation","Gensokyo:MarisaPhilosophersStone","Strawberry","Calling Bell","Boot","Shuriken","Shovel","Lizard Tail","Potion Belt","Juzu Bracelet","Matryoshka","Darkstone Periapt","Gremlin Horn","War Paint","Busted Crown","Blood Vial","Nunchaku","Regal Pillow"],"acts_visited":["Exordium","Gensokyo:Gensokyo","Gensokyo:Gensokyoer"],"potions_floor_usage":[50,50,50],"damage_taken":[{"damage":7.0,"enemies":"Gensokyo:3_Fairies","floor":1.0,"turns":5.0},{"damage":1.0,"enemies":"Gensokyo:Python","floor":2.0,"turns":3.0},{"damage":0.0,"enemies":"Gensokyo:2_Kodama","floor":10.0,"turns":3.0},{"damage":17.0,"enemies":"","floor":12.0,"turns":6.0},{"damage":0.0,"enemies":"Gensokyo:Yukari","floor":16.0,"turns":3.0},{"damage":7.0,"enemies":"Gensokyo:AngelMirror","floor":18.0,"turns":3.0},{"damage":6.0,"enemies":"Gensokyo:Chomper","floor":19.0,"turns":3.0},{"damage":0.0,"enemies":"Gensokyo:3_Gloops","floor":24.0,"turns":3.0},{"damage":2.0,"enemies":"Gensokyo:Reisen","floor":25.0,"turns":3.0},{"damage":34.0,"enemies":"Gensokyo:Monolith_and_Dog","floor":28.0,"turns":3.0},{"damage":2.0,"enemies":"Gensokyo:Chomper_and_Gloop","floor":31.0,"turns":3.0},{"damage":10.0,"enemies":"Gensokyo:Eternal_Rivals","floor":33.0,"turns":6.0},{"damage":6.0,"enemies":"Gensokyo:AncientGuardian","floor":35.0,"turns":4.0},{"damage":33.0,"enemies":"Gensokyo:Kasen","floor":40.0,"turns":5.0},{"damage":4.0,"enemies":"Gensokyo:3_Bats","floor":42.0,"turns":3.0},{"damage":4,"enemies":"Gensokyo:Yuyuko","floor":50,"turns":5}],"seed_played":"2412076668276765903","potions_obtained":[{"floor":2.0,"key":"Fruit Juice"},{"floor":2.0,"key":"Regen Potion"},{"floor":10.0,"key":"BlessingOfTheForge"},{"floor":18.0,"key":"LiquidBronze"},{"floor":24.0,"key":"AttackPotion"},{"floor":31.0,"key":"DuplicationPotion"},{"floor":33.0,"key":"ColorlessPotion"},{"floor":40.0,"key":"DuplicationPotion"}],"is_trial":false,"path_per_floor":["M","M","COS","?","$","R","?","R","T","M","R","?","R","?","R","B",null,"M","M","T","$","?","R","M","E","T","?","M","R","$","M","R","B",null,"M","$","?","?","$","E","R","M","T","R","$","R","?","$","R","B",null],"character_chosen":"MARISA","items_purchased":["FinalSpark","Juzu Bracelet","Matryoshka","EnergyRecoil","EnergyRecoil","GalacticHalo","ManaConvection","Forethought","DuplicationPotion"],"campfire_rested":4,"item_purchase_floors":[5,21,21,30,36,39,45,45,48],"current_hp_per_floor":[68,67,67,60,60,60,38,38,38,38,38,21,43,40,64,64,82,80,74,74,74,74,74,74,72,72,72,38,64,64,62,62,52,87,81,81,81,81,81,48,48,46,46,46,46,46,46,46,87,87],"gold":52,"neow_bonus":"HUNDRED_GOLD","is_daily":false,"chose_seed":false,"campfire_upgraded":8,"win_rate":0.0,"timestamp":1613399571,"path_taken":["M","M","COS","?","$","R","?","R","T","?","R","?","R","?","R","BOSS","M","?","?","$","?","R","M","E","T","?","M","R","$","M","R","BOSS","M","$","?","?","$","E","R","M","T","R","?","R","?","?","R","BOSS"],"items_purchased_type":["Card","Relic","Relic","Card","Card","Card","Card","Card","Potion"],"build_version":"2020-12-22","purchased_purges":12,"victory":true,"max_hp_per_floor":[75,75,75,75,75,75,75,75,75,75,75,75,75,82,82,82,82,87,87,87,87,87,87,87,87,87,87,87,87,87,87,87,87,87,87,87,87,87,87,87,87,87,87,87,87,87,87,87,87,87],"card_choices":[{"not_picked":["SuperPerseids","Robbery"],"picked":"DoubleSpark","floor":1.0},{"not_picked":["6A","ShootTheMoon","AsteroidBelt"],"picked":"SKIP","floor":2.0},{"not_picked":["DarkMatter","ManaConvection","DC"],"picked":"SKIP","floor":10.0},{"not_picked":["FinalSpark","EscapeVelocity"],"picked":"JA","floor":16.0},{"not_picked":["StarBarrage+1","GasGiant","Singularity"],"picked":"SKIP","floor":18.0},{"not_picked":["Acceleration","ChargingUp+1","DC"],"picked":"SKIP","floor":19.0},{"not_picked":["MilkyWay+1","PowerUp"],"picked":"EnergyFlow","floor":24.0},{"not_picked":["EventHorizon","GravityBeat"],"picked":"EnergyFlow+1","floor":25.0},{"not_picked":["AsteroidBelt","LuminesStrike","ManaRampage"],"picked":"SKIP","floor":28.0},{"not_picked":["WitchLeyline","MysteriousBeam","GravityBeat"],"picked":"SKIP","floor":31.0},{"not_picked":["BinaryStars","AbsoluteMagnitude"],"picked":"EscapeVelocity","floor":33.0},{"not_picked":["EarthLightRay+1"],"picked":"SKIP","floor":35.0},{"not_picked":["Gensokyo:NewMoon","Gensokyo:MorningMist"],"picked":"Gensokyo:SalamanderShield","floor":38.0},{"not_picked":[],"picked":"OortCloud+1","floor":40.0},{"not_picked":["LuminesStrike"],"picked":"SKIP","floor":42.0}],"player_experience":74600,"relics_obtained":[{"floor":9.0,"key":"Sundial"},{"floor":12.0,"key":"Gensokyo:MarisaPhilosophersStone"},{"floor":17.0,"key":"Boot"},{"floor":17.0,"key":"Shuriken"},{"floor":17.0,"key":"Shovel"},{"floor":20.0,"key":"Potion Belt"},{"floor":25.0,"key":"Darkstone Periapt"},{"floor":26.0,"key":"Gremlin Horn"},{"floor":26.0,"key":"War Paint"},{"floor":40.0,"key":"Blood Vial"},{"floor":43.0,"key":"Nunchaku"},{"floor":43.0,"key":"Regal Pillow"}],"event_choices":[],"is_beta":false,"boss_relics":[{"not_picked":["SacredBark","Sozu"],"picked":"Calling Bell"},{"not_picked":["Astrolabe","Runic Dome"],"picked":"Busted Crown"}],"items_purged_floors":[5,5,5,36,36,36,36,36,39,45,45,45],"is_endless":false,"potions_floor_spawned":[2,2,10,18,24,25,31,33,35,40],"ascension_level":1}}