{"host":"6dypmz777xraikqf","time":1613409548,"event":{"mods":["AchievementEnabler","BaseMod","BetterRewards","Colored Map","Colored Powertips","Downfall","Highlight Path","Hubris","Infinite Spire","Minty Spire (QoL Compilation)","Replay The Spire","StSLib"],"gold_per_floor":[116,127,145,155,155,155,155],"floor_reached":6,"language":"ENG","playtime":510,"items_purged":["Strike_R"],"score":70,"play_id":"ad4f96a4-aabb-46b8-a22f-510d29936a66","local_time":"20210215171908","is_ascension_mode":true,"campfire_choices":[],"circlet_count":0,"master_deck":["AscendersBane","Strike_R","Strike_R","Strike_R","Strike_R","Defend_R","Defend_R","Defend_R","Defend_R","Bash","Magnetism+1","True Grit+1","ReplayTheSpireMod:Strike From Hell","ReplayTheSpireMod:Stacked"],"relics":["Burning Blood","Golden Egg","SsserpentHead"],"acts_visited":["Exordium"],"potions_floor_usage":[4,6],"damage_taken":[{"damage":26,"enemies":"Jaw Worm","floor":1,"turns":6},{"damage":4,"enemies":"Cultist","floor":2,"turns":5},{"damage":7,"enemies":"Small Slimes","floor":3,"turns":5},{"damage":15,"enemies":"Exordium Thugs","floor":4,"turns":6},{"damage":21,"enemies":"3 Sentries","floor":6,"turns":7}],"seed_played":"5841614265413511991","potions_obtained":[{"floor":1,"key":"SkillPotion"},{"floor":2,"key":"Swift Potion"}],"is_trial":false,"path_per_floor":["M","M","M","M","?","E"],"character_chosen":"IRONCLAD","items_purchased":["Golden Egg","Magnetism","True Grit"],"campfire_rested":0,"item_purchase_floors":[0,0,0],"current_hp_per_floor":[26,28,27,18,18,0,0],"gold":155,"neow_bonus":"","is_daily":false,"chose_seed":false,"campfire_upgraded":0,"win_rate":0.0,"timestamp":1613409548,"path_taken":["M","M","M","M","?","E"],"items_purchased_type":["Relic","Card","Card"],"build_version":"2020-12-22","purchased_purges":1,"victory":false,"max_hp_per_floor":[75,75,75,75,75,75,75],"card_choices":[{"not_picked":["Clash","Sword Boomerang","Clothesline"],"picked":"SKIP","floor":1},{"not_picked":["Thunderclap","Body Slam","Twin Strike"],"picked":"SKIP","floor":2},{"not_picked":["Twin Strike","Thunderclap"],"picked":"ReplayTheSpireMod:Strike From Hell","floor":3},{"not_picked":["Warcry","Headbutt"],"picked":"ReplayTheSpireMod:Stacked","floor":4}],"player_experience":237438,"relics_obtained":[],"event_choices":[{"damage_healed":0,"gold_gain":0,"player_choice":"Trade","damage_taken":0,"relics_obtained":["SsserpentHead"],"max_hp_gain":0,"max_hp_loss":0,"event_name":"FaceTrader","floor":5,"gold_loss":0}],"is_beta":false,"boss_relics":[],"items_purged_floors":[0],"is_endless":false,"potions_floor_spawned":[1,2],"killed_by":"3 Sentries","ascension_level":17}}