{"host":"0luxfixkkfk9wck3","time":1613411204,"event":{"mods":["BaseMod","DeckTracker","Downfall","Highlight Path","Minty Spire (QoL Compilation)","StSLib"],"gold_per_floor":[99,118,118,138,138,155,155,155,172,182,182,14,14,34,49,144,144,144,160,178,178,178,12,12,25,43,43,28,28,42,42,59,158,158,158,212,232,218,238,138,138,238,238,249,282,282,298,325,338,338],"floor_reached":51,"language":"ENG","playtime":6118,"items_purged":["sneckomod:Strike"],"score":1067,"play_id":"6af7cd63-7b8c-4046-a8c0-12a69aff57dd","local_time":"20210215114644","is_ascension_mode":true,"campfire_choices":[{"data":"sneckomod:TailWhip","floor":1,"key":"SMITH"},{"data":"sneckomod:WideSting","floor":13,"key":"SMITH"},{"floor":27,"key":"REST"},{"data":"Limit Break","floor":29,"key":"SMITH"},{"floor":40,"key":"REST"},{"floor":46,"key":"REST"}],"circlet_count":0,"master_deck":["AscendersBane","sneckomod:Strike","sneckomod:Defend","sneckomod:Defend","sneckomod:Defend","sneckomod:TailWhip+1","sneckomod:SnekBite","sneckomod:Unknown+1","sneckomod:UnknownBlock+1","sneckomod:UnknownStrike","Sword Boomerang","Power Through","Inflame+1","sneckomod:WideSting+1","sneckomod:UnknownUncommonPower+1","sneckomod:UnknownRarePower","Limit Break+1","sneckomod:Rotation+1","RitualDagger","sneckomod:UnknownVulnerable+1","sneckomod:Unknown3Cost","Inflame","sneckomod:TrashToTreasure","sneckomod:SerpentMind","hexamod:SixthSeal","Finesse","sneckomod:UnendingSupply+1","hexamod:SpectersWail+1","sneckomod:UnknownClassRED+1","sneckomod:UnknownUncommonSkill"],"relics":["sneckomod:SneckoSoul","Bag of Preparation","sneckomod:ConfusingCodex","ClockworkSouvenir","Sozu","Nilry\u0027s Codex","Chemical X","InkBottle","expansioncontent:StudyCardRelic","Membership Card","Matryoshka","downfall:HeartBlessingBlue","Oddly Smooth Stone","Pocketwatch","downfall:GremlinWheel","Blood Vial","Unceasing Top"],"acts_visited":["Exordium","TheCity","TheBeyond"],"potions_floor_usage":[26,50],"damage_taken":[{"damage":0,"enemies":"Jaw Worm","floor":2,"turns":3},{"damage":1,"enemies":"2 Louse","floor":4,"turns":2},{"damage":0,"enemies":"Small Slimes","floor":6,"turns":2},{"damage":15,"enemies":"Exordium Thugs","floor":9,"turns":4},{"damage":3,"enemies":"Blue Slaver","floor":10,"turns":5},{"damage":0,"enemies":"downfall:FleeingMerchant","floor":12,"turns":4},{"damage":0,"enemies":"downfall:LooterAlt","floor":14,"turns":2},{"damage":0,"enemies":"Lots of Slimes","floor":15,"turns":2},{"damage":34,"enemies":"DF_ARCHETYPE_STREAMLINE","floor":16,"turns":12},{"damage":5,"enemies":"downfall:LooterAlt2","floor":19,"turns":3},{"damage":8,"enemies":"Shell Parasite","floor":20,"turns":5},{"damage":5,"enemies":"downfall:FleeingMerchant","floor":23,"turns":4},{"damage":12,"enemies":"Snecko","floor":25,"turns":4},{"damage":6,"enemies":"Snake Plant","floor":26,"turns":3},{"damage":0,"enemies":"downfall:FleeingMerchant","floor":28,"turns":4},{"damage":11,"enemies":"Sentry and Sphere","floor":30,"turns":4},{"damage":13,"enemies":"Snecko","floor":32,"turns":4},{"damage":12,"enemies":"WA_ARCHETYPE_CALM","floor":33,"turns":5},{"damage":2,"enemies":"Orb Walker","floor":37,"turns":2},{"damage":8,"enemies":"downfall:FleeingMerchant","floor":38,"turns":4},{"damage":16,"enemies":"3 Darklings","floor":39,"turns":3},{"damage":0,"enemies":"3 Darklings","floor":42,"turns":3},{"damage":22,"enemies":"Maw","floor":44,"turns":5},{"damage":33,"enemies":"Nemesis","floor":45,"turns":3},{"damage":10,"enemies":"Spire Growth","floor":47,"turns":4},{"damage":10,"enemies":"Giant Head","floor":48,"turns":8},{"damage":0,"enemies":"Sphere and 2 Shapes","floor":49,"turns":2},{"damage":17,"enemies":"IC_BLOCK_ARCHETYPE","floor":50,"turns":5}],"seed_played":"6831898078069439871","potions_obtained":[{"floor":2,"key":"Block Potion"},{"floor":9,"key":"BlessingOfTheForge"},{"floor":10,"key":"Strength Potion"}],"is_trial":false,"path_per_floor":["R","M","?","M","?","M","T","R","M","M","R","$","R","M","M","B",null,"R","M","M","?","?","$","T","M","M","R","$","R","M","?","M","B",null,"R","?","M","$","M","R","T","?","R","M","E","R","M","E","M","B",null],"character_chosen":"THE_SNECKO","items_purchased":["ClockworkSouvenir","Chemical X","Membership Card","Finesse","Matryoshka"],"campfire_rested":3,"item_purchase_floors":[12,23,38,38,38],"current_hp_per_floor":[81,81,81,80,80,80,80,80,65,62,62,62,62,62,62,28,75,75,70,62,56,40,35,35,23,17,44,44,44,33,33,20,8,70,70,70,68,60,44,84,84,84,84,62,29,59,51,61,63,48],"gold":338,"neow_bonus":"RANDOM_COMMON_RELIC","is_daily":false,"chose_seed":false,"campfire_upgraded":3,"win_rate":0.0,"timestamp":1613411204,"path_taken":["R","M","?","M","?","M","T","R","M","M","R","?","R","M","M","BOSS","R","M","M","?","?","$","T","?","M","R","$","R","M","?","M","BOSS","R","?","M","$","M","R","T","?","R","M","E","R","M","E","M","BOSS"],"items_purchased_type":["Relic","Relic","Relic","Card","Relic"],"build_version":"2020-12-22","purchased_purges":1,"victory":true,"max_hp_per_floor":[90,90,90,90,90,90,90,90,90,90,90,90,90,90,90,90,90,90,90,90,90,90,90,90,90,90,90,90,90,90,90,90,90,90,90,90,90,90,90,100,100,100,100,100,100,100,100,100,100,100],"card_choices":[{"not_picked":["sneckomod:CheapStock","sneckomod:SoulCleanse"],"picked":"sneckomod:UnknownBlock","floor":2},{"not_picked":["sneckomod:UnknownDexterity","sneckomod:SoulDraw"],"picked":"sneckomod:UnknownStrike","floor":4},{"not_picked":["sneckomod:DiceCrush","sneckomod:RainOfDice"],"picked":"sneckomod:Memorize","floor":6},{"not_picked":["sneckomod:UnknownCommonAttack","sneckomod:UnknownCommonSkill"],"picked":"sneckomod:UnknownStrength","floor":9},{"not_picked":["sneckomod:SoulDraw","sneckomod:RainOfDice"],"picked":"sneckomod:Unknown1Cost","floor":10},{"not_picked":["sneckomod:UnknownCommonSkill","sneckomod:CheapStock"],"picked":"sneckomod:WideSting","floor":12},{"not_picked":["sneckomod:QuickBite","sneckomod:UnknownCommonSkill"],"picked":"sneckomod:UnknownRareSkill","floor":14},{"not_picked":["sneckomod:UnknownDraw","sneckomod:DiceBlock"],"picked":"sneckomod:UnknownUncommonPower","floor":15},{"not_picked":["sneckomod:Transmogrify","sneckomod:UnknownRareSkill"],"picked":"sneckomod:UnknownRarePower","floor":16},{"not_picked":["sneckomod:IronFang","sneckomod:UnknownCommonSkill"],"picked":"sneckomod:Rotation","floor":19},{"not_picked":["sneckomod:SoulDraw","sneckomod:UnknownClassGREEN"],"picked":"sneckomod:UnknownCommonAttack+1","floor":20},{"not_picked":["sneckomod:ImprovisedAttack","sneckomod:UnknownClassHEXA_GHOST_PURPLE"],"picked":"sneckomod:UnknownStrength","floor":23},{"not_picked":["sneckomod:UnknownExhaust","sneckomod:IronFang"],"picked":"sneckomod:UnknownClassHEXA_GHOST_PURPLE","floor":23},{"not_picked":["sneckomod:UnknownExhaust+1","sneckomod:QuickMove"],"picked":"sneckomod:UnknownVulnerable+1","floor":25},{"not_picked":["sneckomod:WideSting","sneckomod:UnknownCommonSkill"],"picked":"sneckomod:Unknown3Cost","floor":25},{"not_picked":["sneckomod:UnknownClassHEXA_GHOST_PURPLE","sneckomod:Unknown1Cost"],"picked":"sneckomod:Memorize","floor":26},{"not_picked":["sneckomod:SoulCleanse","sneckomod:UnknownExhaust","sneckomod:DiceCrush"],"picked":"SKIP","floor":28},{"not_picked":["sneckomod:SoulRoll","sneckomod:UnknownClassGREEN","sneckomod:PureSnecko"],"picked":"SKIP","floor":30},{"not_picked":["sneckomod:SoulRoll","sneckomod:UnknownClassGREEN","sneckomod:PureSnecko"],"picked":"SKIP","floor":30},{"not_picked":["sneckomod:WideSting","sneckomod:Restock"],"picked":"sneckomod:TrashToTreasure","floor":32},{"not_picked":["sneckomod:UnknownRareAttack","sneckomod:UnknownRarePower"],"picked":"sneckomod:SerpentMind","floor":33},{"not_picked":["sneckomod:SoulRoll+1","sneckomod:QuickBite","sneckomod:Nope"],"picked":"SKIP","floor":37},{"not_picked":["sneckomod:SoulDraw","sneckomod:WideSting","sneckomod:Memorize"],"picked":"SKIP","floor":38},{"not_picked":["sneckomod:WideSting","sneckomod:DiceBlock"],"picked":"sneckomod:UnendingSupply+1","floor":39},{"not_picked":["sneckomod:QuickBite","sneckomod:DiceBlock","sneckomod:DiceBoulder"],"picked":"SKIP","floor":44},{"not_picked":["sneckomod:UnknownDraw","sneckomod:RainOfDice+1","sneckomod:Restock"],"picked":"SKIP","floor":44},{"not_picked":["sneckomod:QuickBite","sneckomod:DiceBlock","sneckomod:DiceBoulder"],"picked":"SKIP","floor":44},{"not_picked":["sneckomod:UnknownDraw","sneckomod:RainOfDice+1","sneckomod:Restock"],"picked":"SKIP","floor":44},{"not_picked":["sneckomod:Rotation","sneckomod:SoulDraw","sneckomod:Unknown2Cost"],"picked":"SKIP","floor":45},{"not_picked":["sneckomod:SoulRoll","sneckomod:Cheat"],"picked":"sneckomod:UnknownClassRED+1","floor":47},{"not_picked":["sneckomod:QuickMove","sneckomod:UnknownCommonSkill","sneckomod:UnknownClassHEXA_GHOST_PURPLE"],"picked":"SKIP","floor":48},{"not_picked":["sneckomod:QuickBite","sneckomod:QuickMove"],"picked":"sneckomod:UnknownUncommonSkill","floor":49}],"player_experience":11889653,"relics_obtained":[{"floor":7,"key":"sneckomod:ConfusingCodex"},{"floor":22,"key":"Nilry\u0027s Codex"},{"floor":24,"key":"InkBottle"},{"floor":41,"key":"Oddly Smooth Stone"},{"floor":41,"key":"Pocketwatch"},{"floor":42,"key":"downfall:GremlinWheel"},{"floor":45,"key":"Blood Vial"},{"floor":48,"key":"Unceasing Top"}],"event_choices":[],"is_beta":false,"boss_relics":[{"not_picked":["Astrolabe","sneckomod:SuperSneckoSoul"],"picked":"Sozu"},{"not_picked":["bronze:MakeshiftBattery","Fusion Hammer"],"picked":"expansioncontent:StudyCardRelic"}],"items_purged_floors":[38],"is_endless":false,"potions_floor_spawned":[2,9,10,14,16,25,30,32,39,44,45,49],"ascension_level":12}}