{"host":"7sni158j623xchr2","time":1613433016,"event":{"mods":["BaseMod","Colored Map","Highlight Path","Minty Spire (QoL Compilation)","Permanent Neow","Potion Indicator Mod","Rare Cards Sparkle","Relic Sorter","Relic Stats","StSLib","everything is the same but u backflip on backflip"],"gold_per_floor":[110,126,126,51,67,99,113,113,113,138,138,155,183,200,200,298,298,318,334,334,348,365,365,396,396,423,451,16,30,30,59,59,161,161,172,172,31,1030,1050,1081,1093,653,653,664,159,208,55,71,71,71,71,71,13,45,45],"floor_reached":56,"language":"ENG","playtime":2146,"items_purged":["Defend_R","Clumsy","Strike_R","Normality","Normality"],"score":1404,"play_id":"a47523a1-78d7-4817-a168-d26158a9d0b8","local_time":"20210215175016","is_ascension_mode":true,"campfire_choices":[{"data":"Inflame","floor":8,"key":"SMITH"},{"data":"Sword Boomerang","floor":15,"key":"SMITH"},{"floor":23,"key":"REST"},{"data":"Immolate","floor":25,"key":"SMITH"},{"data":"Inflame","floor":30,"key":"SMITH"},{"data":"Cleave","floor":32,"key":"SMITH"},{"data":"True Grit","floor":41,"key":"SMITH"},{"floor":49,"key":"RECALL"},{"data":"Feel No Pain","floor":52,"key":"SMITH"}],"circlet_count":0,"master_deck":["Strike_R","Strike_R","Strike_R","Defend_R","Defend_R","Bash","Offering","Feel No Pain+1","Sword Boomerang+1","True Grit+1","Inflame+1","Twin Strike","Battle Trance","Immolate+1","Cleave+1","Evolve","Thunderclap","Feed","Ghostly Armor","Ghostly Armor+1","Inflame+1","True Grit+1","Thinking Ahead+1","Finesse+1","Limit Break+1","Limit Break+1","Shrug It Off+1","Power Through+1","Blind+1","Shrug It Off+1","Shrug It Off+1","Double Tap+1","PanicButton+1","Flame Barrier+1"],"relics":["Burning Blood","Blood Vial","Bronze Scales","The Courier","Boot","Cursed Key","Toxic Egg 2","PreservedInsect","Bag of Preparation","Vajra","Busted Crown","MawBank","Lee\u0027s Waffle","Orrery","Thread and Needle","Pocketwatch"],"acts_visited":["Exordium","TheCity","TheBeyond","TheEnding"],"potions_floor_usage":[6,6,13,16,22,24,29,31,33,47,55,55,55,55,55,55],"damage_taken":[{"damage":7,"enemies":"2 Louse","floor":1,"turns":3},{"damage":6,"enemies":"Cultist","floor":2,"turns":3},{"damage":6,"enemies":"Jaw Worm","floor":5,"turns":4},{"damage":26,"enemies":"3 Sentries","floor":6,"turns":8},{"damage":8,"enemies":"3 Louse","floor":7,"turns":5},{"damage":19,"enemies":"Gremlin Nob","floor":10,"turns":3},{"damage":0,"enemies":"Large Slime","floor":12,"turns":5},{"damage":18,"enemies":"Lagavulin","floor":13,"turns":6},{"damage":6,"enemies":"Looter","floor":14,"turns":2},{"damage":20,"enemies":"Hexaghost","floor":16,"turns":6},{"damage":21,"enemies":"2 Thieves","floor":18,"turns":3},{"damage":13,"enemies":"Shell Parasite","floor":19,"turns":2},{"damage":21,"enemies":"Snake Plant","floor":21,"turns":3},{"damage":24,"enemies":"Shelled Parasite and Fungi","floor":22,"turns":2},{"damage":29,"enemies":"Book of Stabbing","floor":24,"turns":5},{"damage":7,"enemies":"Slavers","floor":27,"turns":2},{"damage":11,"enemies":"Snecko","floor":29,"turns":4},{"damage":0,"enemies":"Gremlin Leader","floor":31,"turns":4},{"damage":38,"enemies":"Automaton","floor":33,"turns":8},{"damage":0,"enemies":"3 Shapes","floor":35,"turns":4},{"damage":10,"enemies":"3 Darklings","floor":39,"turns":5},{"damage":35,"enemies":"Reptomancer","floor":40,"turns":3},{"damage":30,"enemies":"Maw","floor":44,"turns":7},{"damage":38,"enemies":"2 Orb Walkers","floor":46,"turns":7},{"damage":11,"enemies":"Transient","floor":48,"turns":5},{"damage":32,"enemies":"Awakened One","floor":50,"turns":7},{"damage":6,"enemies":"Shield and Spear","floor":54,"turns":5},{"damage":38,"enemies":"The Heart","floor":55,"turns":8}],"seed_played":"-5526341446377486173","potions_obtained":[{"floor":1,"key":"Explosive Potion"},{"floor":5,"key":"Energy Potion"},{"floor":7,"key":"SpeedPotion"},{"floor":13,"key":"Fire Potion"},{"floor":14,"key":"BlessingOfTheForge"},{"floor":19,"key":"SneckoOil"},{"floor":22,"key":"Weak Potion"},{"floor":24,"key":"GamblersBrew"},{"floor":31,"key":"ElixirPotion"}],"is_trial":false,"path_per_floor":["M","M","?","$","M","E","M","R","T","E","?","M","E","M","R","B",null,"M","M","?","M","M","R","E","R","T","E","$","M","R","E","R","B",null,"M","?","$","?","M","E","R","$","T","M","$","?","$","M","R","B",null,"R","$","E","B",null],"character_chosen":"IRONCLAD","items_purchased":["Bag of Preparation","True Grit+1","Thinking Ahead+1","Finesse+1","Dexterity Potion","Lee\u0027s Waffle","Limit Break+1","Fruit Juice","HeartOfIron","Shrug It Off+1","Power Through+1","Blind+1","Shrug It Off+1","Shrug It Off+1","Orrery","EntropicBrew","PanicButton+1","Flame Barrier+1"],"campfire_rested":1,"item_purchase_floors":[28,28,28,28,37,42,42,42,42,45,45,45,45,45,45,47,47,53],"current_hp_per_floor":[55,55,55,55,55,35,35,35,35,24,24,32,22,24,24,12,80,65,60,60,47,34,58,37,37,37,41,41,41,41,49,49,22,92,95,95,95,95,94,70,70,108,108,87,87,60,65,62,62,38,119,119,119,122,90],"gold":45,"neow_bonus":"THREE_RARE_CARDS","is_daily":false,"chose_seed":false,"campfire_upgraded":7,"win_rate":0.0,"timestamp":1613433016,"path_taken":["M","M","?","$","M","E","?","R","T","E","?","M","E","M","R","BOSS","M","M","?","M","M","R","E","R","T","E","$","M","R","E","R","BOSS","M","?","$","?","M","E","R","$","T","M","$","?","?","M","R","BOSS","R","$","E","BOSS"],"items_purchased_type":["Relic","Card","Card","Card","Potion","Relic","Card","Potion","Potion","Card","Card","Card","Card","Card","Relic","Potion","Card","Card"],"build_version":"2020-12-22","purchased_purges":5,"victory":true,"max_hp_per_floor":[80,80,80,80,80,80,80,80,80,80,80,80,80,80,80,80,80,80,80,80,80,83,83,83,83,83,86,86,89,89,89,89,92,92,95,95,95,95,98,101,101,108,108,111,111,114,119,119,119,119,119,119,119,122,122],"relic_stats":{"Lee\u0027s Waffle":38,"counters":[28,129],"PreservedInsect":174,"Bag of Preparation":[24],"Boot":[50],"Cursed Key":1,"MawBank":24,"Burning Blood":162,"Blood Vial":36,"Busted Crown":24,"Bronze Scales":[347],"obtain_stats":[{"Lee\u0027s Waffle":42,"Vajra":31,"Thread and Needle":46,"The Courier":10,"PreservedInsect":27,"Bag of Preparation":28,"Boot":13,"Cursed Key":17,"MawBank":40,"Burning Blood":0,"Blood Vial":6,"Busted Crown":34,"Bronze Scales":9,"Orrery":45,"Toxic Egg 2":24,"Pocketwatch":54},{"Lee\u0027s Waffle":22,"Vajra":18,"Thread and Needle":24,"The Courier":6,"PreservedInsect":16,"Bag of Preparation":16,"Boot":8,"Cursed Key":10,"MawBank":22,"Burning Blood":0,"Blood Vial":4,"Busted Crown":19,"Bronze Scales":5,"Orrery":23,"Toxic Egg 2":15,"Pocketwatch":27},{"Lee\u0027s Waffle":90,"Vajra":70,"Thread and Needle":104,"The Courier":26,"PreservedInsect":62,"Bag of Preparation":62,"Boot":37,"Cursed Key":45,"MawBank":90,"Burning Blood":0,"Blood Vial":18,"Busted Crown":78,"Bronze Scales":23,"Orrery":97,"Toxic Egg 2":60,"Pocketwatch":121}],"Pocketwatch":[0]},"card_choices":[{"not_picked":["Corruption","Limit Break"],"picked":"Offering","floor":0},{"not_picked":["Hemokinesis","Iron Wave"],"picked":"Feel No Pain","floor":1},{"not_picked":["Seeing Red","Infernal Blade"],"picked":"Sword Boomerang","floor":2},{"not_picked":["Headbutt","Perfected Strike","Warcry"],"picked":"SKIP","floor":5},{"not_picked":["Warcry","Clothesline"],"picked":"True Grit","floor":6},{"not_picked":["Heavy Blade","Dual Wield"],"picked":"Inflame","floor":7},{"not_picked":["Thunderclap","Reckless Charge"],"picked":"Twin Strike","floor":10},{"not_picked":["Reckless Charge","Twin Strike","Thunderclap"],"picked":"SKIP","floor":12},{"not_picked":["True Grit","Body Slam","Warcry"],"picked":"SKIP","floor":13},{"not_picked":["Hemokinesis","Clothesline"],"picked":"Battle Trance","floor":14},{"not_picked":["Bludgeon","Barricade"],"picked":"Immolate","floor":16},{"not_picked":["Battle Trance","Anger","Armaments"],"picked":"SKIP","floor":18},{"not_picked":["Power Through","Anger"],"picked":"Cleave","floor":19},{"not_picked":["Twin Strike","Clothesline+1"],"picked":"Feed","floor":21},{"not_picked":["Headbutt+1","Perfected Strike+1"],"picked":"Ghostly Armor","floor":22},{"not_picked":["Berserk","Blood for Blood"],"picked":"Ghostly Armor+1","floor":24},{"not_picked":["Infernal Blade+1","Flex+1"],"picked":"Inflame","floor":27},{"not_picked":["Dropkick","Reckless Charge","Flex+1"],"picked":"SKIP","floor":29},{"not_picked":["Carnage","Headbutt","Dropkick"],"picked":"SKIP","floor":31},{"not_picked":["Berserk","Fiend Fire"],"picked":"Limit Break+1","floor":33},{"not_picked":["Havoc+1"],"picked":"SKIP","floor":35},{"not_picked":["Pommel Strike"],"picked":"SKIP","floor":39},{"not_picked":["Inflame"],"picked":"SKIP","floor":40},{"not_picked":["Iron Wave+1"],"picked":"SKIP","floor":44},{"not_picked":[],"picked":"Double Tap+1","floor":45},{"not_picked":["Headbutt"],"picked":"SKIP","floor":48},{"not_picked":["Clash+1"],"picked":"SKIP","floor":54}],"player_experience":1808115,"relics_obtained":[{"floor":6,"key":"Blood Vial"},{"floor":9,"key":"Bronze Scales"},{"floor":10,"key":"The Courier"},{"floor":13,"key":"Boot"},{"floor":24,"key":"Toxic Egg 2"},{"floor":27,"key":"PreservedInsect"},{"floor":31,"key":"Vajra"},{"floor":40,"key":"MawBank"},{"floor":46,"key":"Thread and Needle"},{"floor":54,"key":"Pocketwatch"}],"event_choices":[{"damage_healed":0,"gold_gain":0,"player_choice":"0 cards matched","damage_taken":0,"max_hp_gain":0,"max_hp_loss":0,"event_name":"Match and Keep!","floor":3,"gold_loss":0,"cards_obtained":[]},{"damage_healed":0,"gold_gain":0,"player_choice":"Ignored","damage_taken":0,"max_hp_gain":0,"max_hp_loss":0,"event_name":"Golden Wing","floor":11,"gold_loss":0},{"damage_healed":0,"gold_gain":0,"cards_transformed":["Strike_R","Defend_R"],"player_choice":"Became Test Subject","damage_taken":0,"max_hp_gain":0,"max_hp_loss":0,"event_name":"Drug Dealer","floor":20,"gold_loss":0,"cards_obtained":["Evolve","Thunderclap"]},{"damage_healed":0,"gold_gain":0,"player_choice":"Ignored","damage_taken":0,"max_hp_gain":0,"max_hp_loss":0,"event_name":"Tomb of Lord Red Mask","floor":36,"gold_loss":0},{"damage_healed":0,"gold_gain":999,"player_choice":"Gold","damage_taken":0,"max_hp_gain":0,"max_hp_loss":0,"event_name":"MindBloom","floor":38,"gold_loss":0,"cards_obtained":["Normality","Normality"]},{"damage_healed":0,"gold_gain":0,"player_choice":"Fight","damage_taken":0,"max_hp_gain":0,"max_hp_loss":0,"event_name":"Mysterious Sphere","floor":46,"gold_loss":0}],"is_beta":false,"boss_relics":[{"not_picked":["Astrolabe","Calling Bell"],"picked":"Cursed Key"},{"not_picked":["Snecko Eye","Tiny House"],"picked":"Busted Crown"}],"items_purged_floors":[4,28,37,42,45],"is_endless":false,"potions_floor_spawned":[1,5,7,13,14,19,22,24,31,44,48,54],"ascension_level":1}}