{"host":"u7bb6mvzuirwfcqo","time":1613400927,"event":{"mods":["2.2 Compatiblity","AchievementEnabler","BaseMod","Card Forge","Downfall","Hermit","Minty Spire (QoL Compilation)","Relic Stats","StSLib"],"gold_per_floor":[115,131,143,143,143,187,187,187,210,224,224,243,24,24,24,150,150,173,248,267,288,311,311,55,69,69,69,92,92,112,112,112,235,235,255,588,588,588,600,531,531,531,531],"floor_reached":41,"language":"ENG","playtime":1896,"items_purged":["sneckomod:Strike","sneckomod:Strike"],"score":418,"play_id":"62a27d8f-c6b1-4d2c-ba87-beb5ab2c8ffa","local_time":"20210215095527","is_ascension_mode":false,"campfire_choices":[{"data":"sneckomod:DiceBoulder","floor":8.0,"key":"SMITH"},{"data":"sneckomod:DiceBoulder+1","floor":11.0,"key":"SMITH"},{"data":"sneckomod:DiceBoulder+3","floor":15.0,"key":"SMITH"},{"data":"sneckomod:DiceBoulder+4","floor":23.0,"key":"SMITH"},{"data":"sneckomod:DiceBoulder+5","floor":27.0,"key":"SMITH"},{"data":"sneckomod:QuickBite","floor":32.0,"key":"SMITH"}],"circlet_count":0,"master_deck":["sneckomod:Strike","sneckomod:Defend","sneckomod:Defend","sneckomod:TailWhip","sneckomod:SnekBite","sneckomod:Unknown","sneckomod:Unknown","sneckomod:SoulDraw","sneckomod:QuickBite+1","sneckomod:DiceBoulder+6","sneckomod:SnakeSap","sneckomod:UnendingSupply","sneckomod:Cheat","sneckomod:UnknownBlock","sneckomod:SerpentMind","sneckomod:UnknownExhaust","sneckomod:SoulDraw","sneckomod:Transmogrify"],"relics":["Hammer of Thor","Seething Fire","Anvil of the Gods","Runic Pyramid","Bag of Marbles","Pen Nib","Ancient Tea Set","Runic Dome","Anchor","Unceasing Top","Juzu Bracelet"],"acts_visited":["Exordium","TheCity","TheBeyond"],"potions_floor_usage":[],"damage_taken":[{"damage":3.0,"enemies":"Jaw Worm","floor":1.0,"turns":3.0},{"damage":10.0,"enemies":"Small Slimes","floor":2.0,"turns":3.0},{"damage":1.0,"enemies":"Cultist","floor":3.0,"turns":3.0},{"damage":11.0,"enemies":"3 Sentries","floor":6.0,"turns":8.0},{"damage":17.0,"enemies":"Exordium Thugs","floor":10.0,"turns":4.0},{"damage":0.0,"enemies":"Large Slime","floor":12.0,"turns":1.0},{"damage":4.0,"enemies":"Slime Boss","floor":16.0,"turns":3.0},{"damage":0.0,"enemies":"Spheric Guardian","floor":18.0,"turns":2.0},{"damage":0.0,"enemies":"Shell Parasite","floor":20.0,"turns":2.0},{"damage":16.0,"enemies":"Centurion and Healer","floor":21.0,"turns":5.0},{"damage":0.0,"enemies":"Snecko","floor":22.0,"turns":2.0},{"damage":0.0,"enemies":"Chosen and Byrds","floor":25.0,"turns":2.0},{"damage":6.0,"enemies":"Cultist and Chosen","floor":28.0,"turns":4.0},{"damage":21.0,"enemies":"Snake Plant","floor":30.0,"turns":3.0},{"damage":32,"enemies":"Automaton","floor":33,"turns":5},{"damage":0,"enemies":"Orb Walker","floor":35,"turns":2},{"damage":19,"enemies":"3 Darklings","floor":39,"turns":3},{"damage":89,"enemies":"Reptomancer","floor":41,"turns":3}],"seed_played":"6028719599543894533","potions_obtained":[{"floor":1.0,"key":"SmokeBomb"},{"floor":3.0,"key":"sneckomod:OffclassReductionPotion"},{"floor":10.0,"key":"SteroidPotion"},{"floor":12.0,"key":"Block Potion"},{"floor":20.0,"key":"sneckomod:MuddlingPotion"},{"floor":21.0,"key":"FearPotion"}],"is_trial":false,"path_per_floor":["M","M","M","?","?","E","?","R","T","M","R","M","$","?","R","B",null,"M","?","M","M","M","R","$","M","T","R","M","T","M","$","R","B",null,"M","?","?","?","M","$","E"],"character_chosen":"THE_SNECKO","items_purchased":["sneckomod:SnakeSap","sneckomod:UnendingSupply","Anchor","sneckomod:Transmogrify"],"campfire_rested":0,"item_purchase_floors":[13,13,24,40],"current_hp_per_floor":[87,77,76,76,81,70,70,70,70,53,53,53,53,53,53,49,88,88,80,80,67,67,67,67,67,67,67,61,61,40,40,40,8,91,91,91,91,91,72,72,0,0,0],"gold":531,"neow_bonus":"BOSS_RELIC","is_daily":false,"chose_seed":false,"campfire_upgraded":6,"win_rate":0.0,"timestamp":1613400927,"path_taken":["M","M","M","?","?","E","?","R","T","M","R","?","$","?","R","BOSS","M","?","?","M","?","R","$","M","T","R","M","?","M","$","R","BOSS","M","?","?","?","M","$","E"],"items_purchased_type":["Card","Card","Relic","Card"],"build_version":"2020-12-22","purchased_purges":2,"victory":false,"max_hp_per_floor":[90,90,90,83,88,88,88,88,88,88,88,88,88,88,88,88,88,88,88,88,91,91,91,91,91,91,91,91,91,91,91,91,91,91,91,91,91,91,91,91,91,91,91],"relic_stats":{"counters":[18,58],"Pen Nib":[10],"Juzu Bracelet":1,"obtain_stats":[{"Golden Idol":4,"Hammer of Thor":0,"Pen Nib":7,"Juzu Bracelet":29,"Seething Fire":0,"sneckomod:SneckoSoul":0,"Ancient Tea Set":9,"Runic Dome":17,"Anchor":24,"Anvil of the Gods":0,"Bag of Marbles":6,"Black Star":34,"Unceasing Top":26,"Runic Pyramid":0},{"Golden Idol":3,"Hammer of Thor":0,"Pen Nib":4,"Juzu Bracelet":13,"Seething Fire":0,"sneckomod:SneckoSoul":0,"Ancient Tea Set":4,"Runic Dome":7,"Anchor":11,"Anvil of the Gods":0,"Bag of Marbles":4,"Black Star":15,"Unceasing Top":12,"Runic Pyramid":0},{"Golden Idol":9,"Hammer of Thor":0,"Pen Nib":17,"Juzu Bracelet":42,"Seething Fire":0,"sneckomod:SneckoSoul":0,"Ancient Tea Set":17,"Runic Dome":25,"Anchor":36,"Anvil of the Gods":0,"Bag of Marbles":17,"Black Star":50,"Unceasing Top":38,"Runic Pyramid":0}],"Unceasing Top":[2]},"card_choices":[{"not_picked":["sneckomod:UnknownCommonAttack","sneckomod:Nope"],"picked":"sneckomod:SoulDraw","floor":1.0},{"not_picked":["sneckomod:Unknown1Cost","sneckomod:UnknownDexterity"],"picked":"sneckomod:QuickBite","floor":2.0},{"not_picked":["sneckomod:QuickMove","sneckomod:Rotation","sneckomod:Nope"],"picked":"SKIP","floor":3.0},{"not_picked":["sneckomod:UnknownBoss","sneckomod:ImprovisedGuard"],"picked":"sneckomod:DiceBoulder","floor":6.0},{"not_picked":["sneckomod:SerpentIdol","sneckomod:UnknownClassDEFAULT_GRAY_COLOR","sneckomod:UnknownClassSLIMEBOUND"],"picked":"SKIP","floor":10.0},{"not_picked":["sneckomod:Nope","sneckomod:UnknownUncommonAttack","sneckomod:RainOfDice"],"picked":"SKIP","floor":12.0},{"not_picked":["sneckomod:Restock","sneckomod:GlitteringGambit"],"picked":"sneckomod:Cheat","floor":16.0},{"not_picked":["sneckomod:SlitherStrike","sneckomod:WideSting"],"picked":"sneckomod:UnknownBlock","floor":18.0},{"not_picked":["sneckomod:UnknownUncommonSkill","sneckomod:UnknownClassSLIMEBOUND+1","sneckomod:ImprovisedAttack"],"picked":"SKIP","floor":20.0},{"not_picked":["sneckomod:Nope","sneckomod:QuickBite","sneckomod:UnknownCommonSkill"],"picked":"SKIP","floor":21.0},{"not_picked":["sneckomod:UnknownUncommonSkill","sneckomod:UnknownCommonAttack+1","sneckomod:UnknownBlock"],"picked":"SKIP","floor":22.0},{"not_picked":["sneckomod:QuickMove","sneckomod:MasterEye","sneckomod:CheapStock"],"picked":"SKIP","floor":25.0},{"not_picked":["sneckomod:SlitherStrike","sneckomod:Rotation+1","sneckomod:RainOfDice+1"],"picked":"SKIP","floor":28.0},{"not_picked":["sneckomod:SoulRoll","sneckomod:Nope","sneckomod:UnknownClassDEFAULT_GRAY_COLOR"],"picked":"SKIP","floor":30.0},{"not_picked":["sneckomod:Unknown3Cost","sneckomod:Transmogrify"],"picked":"sneckomod:SerpentMind","floor":33},{"not_picked":["sneckomod:Unknown1Cost","sneckomod:UnknownClassTHE_CHAMP_GRAY+1","sneckomod:QuickMove"],"picked":"SKIP","floor":35},{"not_picked":["sneckomod:QuickMove","sneckomod:UnknownStrike"],"picked":"sneckomod:SoulDraw","floor":39}],"player_experience":76323,"relics_obtained":[{"floor":6.0,"key":"Bag of Marbles"},{"floor":9.0,"key":"Ancient Tea Set"},{"floor":26.0,"key":"Unceasing Top"},{"floor":29.0,"key":"Juzu Bracelet"}],"event_choices":[{"damage_healed":0.0,"max_hp_gain":0.0,"max_hp_loss":7.0,"gold_gain":0.0,"event_name":"Golden Idol","player_choice":"Lose Max HP","floor":4.0,"gold_loss":0.0,"damage_taken":0.0,"relics_obtained":["Golden Idol"]},{"damage_healed":0.0,"max_hp_gain":5.0,"max_hp_loss":0.0,"gold_gain":0.0,"event_name":"Big Fish","player_choice":"Donut","floor":5.0,"gold_loss":0.0,"damage_taken":0.0},{"damage_healed":0.0,"max_hp_gain":0.0,"max_hp_loss":0.0,"gold_gain":0.0,"event_name":"WeMeetAgain","player_choice":"Gave Potion","floor":7.0,"gold_loss":0.0,"damage_taken":0.0,"relics_obtained":["Pen Nib"]},{"damage_healed":0.0,"max_hp_gain":0.0,"max_hp_loss":0.0,"gold_gain":0.0,"event_name":"Living Wall","player_choice":"Grow","floor":14.0,"gold_loss":0.0,"damage_taken":0.0,"cards_upgraded":["sneckomod:DiceBoulder"]},{"damage_healed":0.0,"max_hp_gain":0.0,"max_hp_loss":0.0,"gold_gain":75.0,"event_name":"FaceTrader","player_choice":"Touch","floor":19.0,"gold_loss":0.0,"damage_taken":8.0},{"damage_healed":0,"gold_gain":333,"player_choice":"Gave Idol","damage_taken":0,"max_hp_gain":0,"max_hp_loss":0,"event_name":"The Moai Head","floor":36,"relics_lost":["Golden Idol"],"gold_loss":0},{"damage_healed":0,"gold_gain":0,"cards_transformed":["sneckomod:Defend"],"player_choice":"Transformed","damage_taken":0,"max_hp_gain":0,"max_hp_loss":0,"event_name":"Transmorgrifier","floor":37,"gold_loss":0,"cards_obtained":["sneckomod:UnknownExhaust"]},{"damage_healed":0,"gold_gain":0,"player_choice":"Ignored","damage_taken":0,"max_hp_gain":0,"max_hp_loss":0,"event_name":"SecretPortal","floor":38,"gold_loss":0}],"is_beta":false,"boss_relics":[{"not_picked":["Ectoplasm","bronze:MakeshiftBattery"],"picked":"Runic Dome"},{"not_picked":["Philosopher\u0027s Stone","SlaversCollar"],"picked":"Black Star"}],"items_purged_floors":[13,24],"is_endless":false,"potions_floor_spawned":[1,3,10,12,20,21,30],"killed_by":"Reptomancer","ascension_level":0}}