{"host":"x8sop9v6zw8yitbt","time":1613358426,"event":{"mods":["BaseMod","Best Route Mod","Block Reminder","Challenge The Spire","Colored Powertips","Custom Start","Dark Map","DeckTracker","Minty Spire (QoL Compilation)","Permanent Neow","Quick Restart","Rare Cards Sparkle","Reliquary","Spicy Shops","Spikes Relics","StSLib","Virulent Crown"],"gold_per_floor":[117,117,67,67,83,83,108,108,176,176,196,196,212,247,247,344,344,355,371,386,386,131,163,163,180,180,180,215,232,249,262,262,358,358,369,389,389,739,23,56,56,0,54,31,31,48,58,84,84,84],"floor_reached":51,"language":"ENG","playtime":1510,"items_purged":["Strike_G","Strike_G","Defend_G"],"score":842,"play_id":"79e75c28-08e4-41d3-ae22-8160b7540452","local_time":"20210214220706","is_ascension_mode":true,"campfire_choices":[{"data":"Neutralize","floor":6.0,"key":"SMITH"},{"data":"All Out Attack","floor":10.0,"key":"SMITH"},{"data":"Backstab","floor":12.0,"key":"SMITH"},{"data":"Blade Dance","floor":15.0,"key":"SMITH"},{"data":"A Thousand Cuts","floor":24,"key":"SMITH"},{"floor":27,"key":"REST"},{"data":"Cloak And Dagger","floor":32,"key":"SMITH"},{"data":"Burst","floor":41,"key":"SMITH"},{"data":"Blade Dance","floor":45,"key":"SMITH"},{"floor":49,"key":"REST"}],"circlet_count":0,"master_deck":["Strike_G","Strike_G","Strike_G","Defend_G+1","Defend_G","Defend_G","Survivor","Neutralize+1","Malaise+1","Backstab+1","Blade Dance+1","All Out Attack+1","Slice","Blade Dance+1","A Thousand Cuts+1","Flying Knee+1","Infinite Blades","Deflect+1","Cloak And Dagger+1","Accuracy+1","Escape Plan","Burst+1","Slice+1","Infinite Blades","Blade Dance+1"],"relics":["Ring of the Snake","Shuriken","reliquary:Aerogel","Turnip","Philosopher\u0027s Stone","reliquary:Stiletto","GiantMaggot","SpikesRelics:ToyHorsey","SnailShell","Busted Crown","Old Coin","War Paint","Mercury Hourglass","RoseTintedShades","Red Mask","reliquary:PorcupineQuills","VirulentCrownMod:VirulentCrown"],"acts_visited":["Exordium","TheCity","TheBeyond"],"potions_floor_usage":[18,23,31,33,46,50,50,50],"damage_taken":[{"damage":0.0,"enemies":"2 Louse","floor":1.0,"turns":3.0},{"damage":4.0,"enemies":"Small Slimes","floor":5.0,"turns":4.0},{"damage":27.0,"enemies":"3 Sentries","floor":7.0,"turns":11.0},{"damage":0.0,"enemies":"Jaw Worm","floor":11.0,"turns":1.0},{"damage":0.0,"enemies":"Large Slime","floor":13.0,"turns":3.0},{"damage":11.0,"enemies":"Gremlin Nob","floor":14.0,"turns":4.0},{"damage":17.0,"enemies":"Hexaghost","floor":16.0,"turns":7.0},{"damage":7,"enemies":"3 Byrds","floor":18,"turns":3},{"damage":0,"enemies":"Shell Parasite","floor":19,"turns":2},{"damage":0,"enemies":"Snecko","floor":20,"turns":3},{"damage":18,"enemies":"Slavers","floor":23,"turns":4},{"damage":7,"enemies":"Chosen and Byrds","floor":25,"turns":3},{"damage":8,"enemies":"Book of Stabbing","floor":28,"turns":5},{"damage":3,"enemies":"Snake Plant","floor":29,"turns":3},{"damage":0,"enemies":"Snecko","floor":30,"turns":2},{"damage":6,"enemies":"Shelled Parasite and Fungi","floor":31,"turns":3},{"damage":13,"enemies":"Collector","floor":33,"turns":5},{"damage":2,"enemies":"Orb Walker","floor":35,"turns":2},{"damage":15,"enemies":"3 Darklings","floor":36,"turns":3},{"damage":0,"enemies":"Mind Bloom Boss Battle","floor":38,"turns":3},{"damage":16,"enemies":"Nemesis","floor":40,"turns":5},{"damage":3,"enemies":"4 Shapes","floor":46,"turns":3},{"damage":0,"enemies":"Sphere and 2 Shapes","floor":47,"turns":3},{"damage":1,"enemies":"Giant Head","floor":48,"turns":5},{"damage":16,"enemies":"Donu and Deca","floor":50,"turns":5}],"seed_played":"-5205695228439028615","potions_obtained":[{"floor":7.0,"key":"SneckoOil"},{"floor":13.0,"key":"Fire Potion"},{"floor":19,"key":"Poison Potion"},{"floor":25,"key":"SmokeBomb"},{"floor":28,"key":"BlessingOfTheForge"},{"floor":29,"key":"LiquidBronze"},{"floor":38,"key":"LiquidMemories"},{"floor":40,"key":"Swift Potion"},{"floor":47,"key":"Poison Potion"}],"is_trial":false,"path_per_floor":["M","?","?","$","M","R","E","?","T","R","M","R","M","E","R","B",null,"M","M","M","?","$","E","R","M","T","R","E","M","M","M","R","B",null,"M","M","?","?","$","E","R","?","T","$","R","M","M","E","R","B",null],"character_chosen":"THE_SILENT","items_purchased":["Cloak And Dagger","reliquary:Stiletto","Infinite Blades","War Paint","Mercury Hourglass","Fire Potion","Blade Dance"],"campfire_rested":2,"item_purchase_floors":[22,22,39,39,39,39,44],"current_hp_per_floor":[70,70,70,70,66,66,39,39,39,39,39,39,39,28,28,11,70,63,63,63,50,50,32,32,25,25,47,39,36,36,30,30,17,75,73,58,58,58,58,42,42,42,42,42,42,39,39,38,60,44],"gold":84,"neow_bonus":"ONE_RANDOM_RARE_CARD","is_daily":false,"chose_seed":false,"campfire_upgraded":8,"win_rate":0.0,"timestamp":1613358426,"path_taken":["M","?","?","?","M","R","E","?","T","R","M","R","?","E","R","BOSS","M","?","M","?","$","E","R","M","T","R","E","M","M","M","R","BOSS","M","M","?","?","$","E","R","?","T","?","R","M","?","E","R","BOSS"],"items_purchased_type":["Card","Relic","Card","Relic","Relic","Potion","Card"],"build_version":"2020-12-22","purchased_purges":3,"victory":true,"max_hp_per_floor":[70,70,70,70,70,70,70,70,70,70,70,70,70,70,70,70,70,70,70,70,75,75,75,75,75,75,75,75,75,75,75,75,75,75,75,75,75,75,75,75,75,75,75,75,75,75,75,75,75,75],"card_choices":[{"not_picked":["Dodge and Roll","Flechettes"],"picked":"Backstab","floor":1.0},{"not_picked":["Dodge and Roll","Backstab"],"picked":"Blade Dance","floor":5.0},{"not_picked":["Poisoned Stab","Catalyst"],"picked":"All Out Attack","floor":7.0},{"not_picked":["Underhanded Strike","Reflex"],"picked":"Slice","floor":11.0},{"not_picked":["Distraction","Predator","Bane"],"picked":"SKIP","floor":13.0},{"not_picked":["Night Terror","Tactician"],"picked":"Blade Dance","floor":14.0},{"not_picked":["Grand Finale","Envenom"],"picked":"A Thousand Cuts","floor":16.0},{"not_picked":["Bane","Slice"],"picked":"Flying Knee+1","floor":18},{"not_picked":["Blade Dance","Outmaneuver+1"],"picked":"Infinite Blades","floor":19},{"not_picked":["Blade Dance","Tactician"],"picked":"Deflect","floor":20},{"not_picked":["Glass Knife","Blade Dance","InfectiousVector"],"picked":"SKIP","floor":23},{"not_picked":["Setup","Flying Knee","Bane"],"picked":"SKIP","floor":25},{"not_picked":["Outmaneuver","Dash","Cloak And Dagger"],"picked":"SKIP","floor":28},{"not_picked":["Noxious Fumes","Eviscerate","Outmaneuver"],"picked":"SKIP","floor":29},{"not_picked":["Sucker Punch+1","Reflex"],"picked":"Accuracy+1","floor":30},{"not_picked":["Poisoned Stab","Choke"],"picked":"Escape Plan","floor":31},{"not_picked":["Malaise","Unload"],"picked":"Burst","floor":33},{"not_picked":[],"picked":"Slice+1","floor":35},{"not_picked":["Skewer"],"picked":"SKIP","floor":36},{"not_picked":["Poisoned Stab+1"],"picked":"SKIP","floor":40},{"not_picked":["Heel Hook"],"picked":"SKIP","floor":46},{"not_picked":["Bouncing Flask"],"picked":"SKIP","floor":47},{"not_picked":["Masterful Stab+1"],"picked":"SKIP","floor":48}],"player_experience":900935,"relics_obtained":[{"floor":7.0,"key":"reliquary:FerryPass"},{"floor":9.0,"key":"Shuriken"},{"floor":14.0,"key":"reliquary:Aerogel"},{"floor":16.0,"key":"Turnip"},{"floor":23,"key":"GiantMaggot"},{"floor":26,"key":"SpikesRelics:ToyHorsey"},{"floor":28,"key":"SnailShell"},{"floor":38,"key":"Old Coin"},{"floor":40,"key":"RoseTintedShades"},{"floor":43,"key":"reliquary:PorcupineQuills"},{"floor":48,"key":"VirulentCrownMod:VirulentCrown"}],"event_choices":[{"damage_healed":0.0,"max_hp_gain":0.0,"max_hp_loss":0.0,"gold_gain":0.0,"event_name":"Living Wall","player_choice":"Grow","floor":2.0,"gold_loss":0.0,"damage_taken":0.0,"cards_upgraded":["Malaise"]},{"cards_removed":["Defend_G"],"damage_healed":0.0,"max_hp_gain":0.0,"max_hp_loss":0.0,"gold_gain":0.0,"event_name":"The Cleric","player_choice":"Card Removal","floor":3.0,"gold_loss":50.0,"damage_taken":0.0},{"damage_healed":0.0,"max_hp_gain":0.0,"max_hp_loss":0.0,"gold_gain":0.0,"event_name":"Accursed Blacksmith","player_choice":"Forge","floor":8.0,"gold_loss":0.0,"damage_taken":0.0,"cards_upgraded":["Blade Dance"]},{"damage_healed":0,"gold_gain":0,"player_choice":"Shed Blood","damage_taken":18,"max_hp_gain":5,"max_hp_loss":0,"event_name":"Forgotten Altar","floor":21,"gold_loss":0},{"damage_healed":0,"gold_gain":0,"player_choice":"Memory 1","damage_taken":0,"max_hp_gain":0,"max_hp_loss":0,"event_name":"SensoryStone","floor":37,"gold_loss":0},{"damage_healed":0,"gold_gain":0,"player_choice":"Fight","damage_taken":0,"max_hp_gain":0,"max_hp_loss":0,"event_name":"MindBloom","floor":38,"gold_loss":0},{"damage_healed":0,"gold_gain":0,"player_choice":"Paid","damage_taken":0,"relics_obtained":["Red Mask"],"max_hp_gain":0,"max_hp_loss":0,"event_name":"Tomb of Lord Red Mask","floor":42,"gold_loss":56}],"is_beta":false,"boss_relics":[{"not_picked":["HoveringKite","Velvet Choker"],"picked":"Philosopher\u0027s Stone"},{"not_picked":["Pandora\u0027s Box","reliquary:KinkedSpring"],"picked":"Busted Crown"}],"items_purged_floors":[22,39,39],"is_endless":false,"potions_floor_spawned":[7,13,19,25,28,29,38,40,47],"ascension_level":1}}