{"host":"mulvwr6fzlda1d2f","time":1613379323,"event":{"mods":["BaseMod","BetterRewards","Hermit","Marisa????????","Minty Spire (QoL Compilation)","Quick Restart","Remove Card Discount Mod","Replay The Spire","StSLib","The Bladedancer","The Runesmith","egg"],"gold_per_floor":[117,79,90,90,107,107,135,155,155,173,201,201,216,234,234,333,333,258,258,274,285,127,127,162,162,237,237,237,55,55,55,55],"floor_reached":31,"language":"ENG","playtime":1269,"items_purged":["Strike_B","Strike_B","Gash","Strike_B","Strike_B","Beam Cell"],"score":288,"play_id":"6286a637-f8f0-47c6-9b48-65c81f06cdea","local_time":"20210215005523","is_ascension_mode":false,"campfire_choices":[{"data":"Zap","floor":6,"key":"SMITH"},{"data":"Redo","floor":12,"key":"SMITH"},{"data":"Dualcast","floor":15,"key":"SMITH"},{"data":"Creative AI","floor":23,"key":"SMITH"},{"floor":25,"key":"RECALL"},{"data":"Go for the Eyes","floor":27,"key":"SMITH"}],"circlet_count":0,"master_deck":["Defend_B","Defend_B","Defend_B","Defend_B","Zap+1","Dualcast+1","Go for the Eyes+1","Redo+1","Darkness","Self Repair","Defragment","Capacitor","Buffer","Panic Button","Creative AI+1","Glacier","Coolheaded+1","Reboot"],"relics":["Cracked Core","Bird Faced Urn","Orichalcum","ReplayTheSpireMod:Shallot","Blood Vial","Singing Bowl","ReplayTheSpireMod:DimensionalGlitch","Replay:Frozen Program","Regal Pillow","Meat on the Bone","Nloth\u0027s Gift"],"acts_visited":["Exordium","TheCity"],"potions_floor_usage":[10,10,11,14,21],"damage_taken":[{"damage":2,"enemies":"Small Slimes","floor":1,"turns":3},{"damage":0,"enemies":"Cultist","floor":3,"turns":3},{"damage":0,"enemies":"Jaw Worm","floor":5,"turns":3},{"damage":24,"enemies":"Lagavulin","floor":7,"turns":6},{"damage":7,"enemies":"Large Slime","floor":8,"turns":4},{"damage":0,"enemies":"Gremlin Gang","floor":10,"turns":2},{"damage":14,"enemies":"3 Sentries","floor":11,"turns":6},{"damage":3,"enemies":"3 Louse","floor":13,"turns":2},{"damage":9,"enemies":"Exordium Thugs","floor":14,"turns":5},{"damage":27,"enemies":"Fading Forest","floor":16,"turns":11},{"damage":18,"enemies":"2 Thieves","floor":18,"turns":5},{"damage":6,"enemies":"Shell Parasite","floor":20,"turns":8},{"damage":42,"enemies":"Sentry and Sphere","floor":21,"turns":8},{"damage":3,"enemies":"Book of Stabbing","floor":24,"turns":7},{"damage":9,"enemies":"3 Cultists","floor":31,"turns":4}],"seed_played":"6333440292677698295","potions_obtained":[{"floor":1,"key":"Explosive Potion"},{"floor":7,"key":"DistilledChaos"},{"floor":8,"key":"BlessingOfTheForge"},{"floor":13,"key":"ColorlessPotion"},{"floor":14,"key":"BlessingOfTheForge"},{"floor":21,"key":"Dexterity Potion"}],"is_trial":false,"path_per_floor":["M","$","M","?","M","R","E","M","T","M","E","R","M","M","R","B",null,"M","?","M","M","$","R","E","R","T","R","?","$","?","M"],"character_chosen":"DEFECT","items_purchased":["Akabeko","Go for the Eyes","Redo","Self Repair","Replay:Frozen Program","Coolheaded+1","Reboot"],"campfire_rested":0,"item_purchase_floors":[0,0,0,2,22,29,29],"current_hp_per_floor":[57,57,66,66,75,75,58,66,66,75,74,74,79,72,72,61,79,71,71,80,49,49,49,64,64,64,64,48,48,48,46,46],"gold":55,"neow_bonus":"","is_daily":false,"chose_seed":false,"campfire_upgraded":5,"win_rate":0.0,"timestamp":1613379323,"path_taken":["M","$","M","?","?","R","E","M","T","M","E","R","?","M","R","BOSS","M","?","M","?","$","R","E","R","T","R","?","$","?","M"],"items_purchased_type":["Relic","Card","Card","Card","Relic","Card","Card"],"build_version":"2020-12-22","purchased_purges":6,"victory":false,"max_hp_per_floor":[75,75,75,75,75,75,75,75,75,75,77,77,79,79,79,79,79,81,81,83,83,83,83,85,85,85,85,90,90,90,90,90],"card_choices":[{"not_picked":["BasicCrystalCard","Cold Snap"],"picked":"Darkness","floor":1},{"not_picked":["BasicCrystalCard","ReplayTheSpireMod:System Scan"],"picked":"Defragment","floor":3},{"not_picked":["Heatsinks","Panic Button"],"picked":"Capacitor","floor":5},{"not_picked":["Hologram","Capacitor"],"picked":"Buffer","floor":7},{"not_picked":["Turbo","Conserve Battery"],"picked":"Beam Cell","floor":8},{"not_picked":["Go for the Eyes","Hologram"],"picked":"Panic Button","floor":10},{"not_picked":["ReplayTheSpireMod:Omega Cannon","FIFO Queue","Leap"],"picked":"Singing Bowl","floor":11},{"not_picked":["Leap","Tempest","Aggregate"],"picked":"Singing Bowl","floor":13},{"not_picked":["Turbo","Redo"],"picked":"Gash","floor":14},{"not_picked":["Reboot","ReplayRNGCard"],"picked":"Creative AI","floor":16},{"not_picked":["Aggregate","Conserve Battery+1","Ball Lightning"],"picked":"Singing Bowl","floor":18},{"not_picked":["Darkness","Turbo","Streamline+1"],"picked":"Singing Bowl","floor":20},{"not_picked":["Gash","FTL+1"],"picked":"Glacier","floor":21},{"not_picked":["Compile Driver+1","Steam","ReplayGash"],"picked":"Singing Bowl","floor":24}],"player_experience":256077,"relics_obtained":[{"floor":4,"key":"ReplayTheSpireMod:Shallot"},{"floor":7,"key":"Blood Vial"},{"floor":11,"key":"Singing Bowl"},{"floor":24,"key":"Regal Pillow"},{"floor":26,"key":"Meat on the Bone"}],"event_choices":[{"damage_healed":0,"gold_gain":0,"player_choice":"Relic","damage_taken":0,"max_hp_gain":0,"max_hp_loss":0,"event_name":"Wheel of Change","floor":4,"gold_loss":0},{"damage_healed":0,"gold_gain":0,"player_choice":"Ignored","damage_taken":0,"max_hp_gain":0,"max_hp_loss":0,"event_name":"The Mausoleum","floor":19,"gold_loss":0},{"damage_healed":0,"gold_gain":0,"player_choice":"Shed Blood","damage_taken":21,"max_hp_gain":5,"max_hp_loss":0,"event_name":"Forgotten Altar","floor":28,"gold_loss":0},{"damage_healed":0,"gold_gain":0,"player_choice":"Traded Relic","damage_taken":0,"relics_obtained":["Nloth\u0027s Gift"],"max_hp_gain":0,"max_hp_loss":0,"event_name":"N\u0027loth","floor":30,"relics_lost":["Akabeko"],"gold_loss":0}],"is_beta":false,"boss_relics":[{"not_picked":["Pandora\u0027s Box","Ectoplasm"],"picked":"ReplayTheSpireMod:DimensionalGlitch"}],"items_purged_floors":[0,0,22,22,22,29],"is_endless":false,"potions_floor_spawned":[1,7,8,13,14,21],"killed_by":"3 Cultists","ascension_level":0}}