{"host":"8d3fefv2347kqkpz","time":1613393181,"event":{"mods":["AchievementEnabler","BaseMod","Better Vampires","Colored Map","Colored Powertips","Downfall","Highlight Path","Minty Spire (QoL Compilation)","Quick Restart","Rare Cards Sparkle","Relic Stats","Spicy Shops","StSLib","Waifu the Spire"],"gold_per_floor":[99,111,127,143,143,171,171,71,85,100,119,138,150,19,38,133,133,133,147,164,180,198,11,11,42,27,27,37,37,37,37,55,55,55,55],"floor_reached":33,"language":"ZHS","playtime":1844,"items_purged":["hexamod:Sear","hexamod:Strike"],"score":302,"play_id":"e89caf03-90dc-4929-a5e5-c43769526e96","local_time":"20210215204621","is_ascension_mode":false,"campfire_choices":[{"data":"hexamod:ForkedFlame","floor":1.0,"key":"SMITH"},{"data":"hexamod:Float","floor":8.0,"key":"SMITH"},{"data":"hexamod:TurnItUp","floor":18.0,"key":"SMITH"},{"floor":29,"key":"REST"}],"circlet_count":0,"master_deck":["hexamod:Strike","hexamod:Strike","hexamod:Strike","hexamod:Defend","hexamod:Defend","hexamod:Defend","hexamod:Defend","hexamod:Float+1","hexamod:ForkedFlame+1","hexamod:GhostOfSpireFuture","hexamod:CatchUp+1","hexamod:HauntingEcho","hexamod:PhantomCloak","hexamod:GhostOfSpirePast","hexamod:TurnItUp+1","hexamod:FastForward+1","hexamod:AdvancingGuard"],"relics":["hexamod:SpiritBrand","Girya","Pocketwatch","downfall:HeartBlessingGreen","Runic Pyramid","Toy Ornithopter","sneckomod:BlankCard","Guardian:GemstoneGun"],"acts_visited":["Exordium","TheCity"],"potions_floor_usage":[25,25,31,32],"damage_taken":[{"damage":0.0,"enemies":"Jaw Worm","floor":2.0,"turns":2.0},{"damage":0.0,"enemies":"Cultist","floor":3.0,"turns":3.0},{"damage":0.0,"enemies":"2 Louse","floor":4.0,"turns":2.0},{"damage":11.0,"enemies":"Gremlin Nob","floor":6.0,"turns":4.0},{"damage":8.0,"enemies":"Lots of Slimes","floor":9.0,"turns":4.0},{"damage":0.0,"enemies":"Exordium Thugs","floor":10.0,"turns":4.0},{"damage":0.0,"enemies":"downfall:LooterAlt","floor":11.0,"turns":3.0},{"damage":1.0,"enemies":"Large Slime","floor":12.0,"turns":5.0},{"damage":6.0,"enemies":"Lots of Slimes","floor":13.0,"turns":5.0},{"damage":0.0,"enemies":"downfall:FleeingMerchant","floor":14.0,"turns":4.0},{"damage":0.0,"enemies":"2 Fungi Beasts","floor":15.0,"turns":1.0},{"damage":8.0,"enemies":"WA_ARCHETYPE_RETAIN","floor":16.0,"turns":6.0},{"damage":1.0,"enemies":"Shell Parasite","floor":19.0,"turns":6.0},{"damage":18.0,"enemies":"downfall:LooterAlt2","floor":20.0,"turns":4.0},{"damage":11.0,"enemies":"Snecko","floor":21.0,"turns":6.0},{"damage":13,"enemies":"Snake Plant","floor":22,"turns":5},{"damage":0,"enemies":"downfall:FleeingMerchant","floor":23,"turns":4},{"damage":0,"enemies":"Book of Stabbing","floor":25,"turns":5},{"damage":3,"enemies":"downfall:FleeingMerchant","floor":26,"turns":4},{"damage":8,"enemies":"Chosen and Byrds","floor":28,"turns":5},{"damage":0,"enemies":"Shelled Parasite and Fungi","floor":31,"turns":1},{"damage":3,"enemies":"3 Cultists","floor":32,"turns":6},{"damage":45,"enemies":"SI_MIRROR_ARCHETYPE","floor":33,"turns":12}],"seed_played":"-1521245831920573317","potions_obtained":[{"floor":3.0,"key":"hexamod:EctoCoolerPotion"},{"floor":5.0,"key":"SpeedPotion"},{"floor":5.0,"key":"SmokeBomb"},{"floor":6.0,"key":"Guardian:BlockOnCardUsePotion"},{"floor":11.0,"key":"hexamod:EctoCoolerPotion"},{"floor":12.0,"key":"AttackPotion"},{"floor":15.0,"key":"Fire Potion"},{"floor":25,"key":"Fire Potion"}],"is_trial":false,"path_per_floor":["R","M","M","M","?","E","T","R","M","M","M","M","M","$","M","B",null,"R","M","M","M","M","$","T","E","$","?","M","R","?","M","M","B"],"character_chosen":"THE_SPIRIT","items_purchased":["hexamod:PhantomCloak","Toy Ornithopter"],"campfire_rested":1,"item_purchase_floors":[14,23],"current_hp_per_floor":[63,63,63,63,63,52,52,52,44,44,44,43,37,37,37,29,63,63,62,44,33,20,20,20,30,27,27,19,37,37,42,44,0,0,0],"gold":55,"neow_bonus":"THREE_RARE_CARDS","is_daily":false,"chose_seed":false,"campfire_upgraded":3,"win_rate":0.0,"timestamp":1613393181,"path_taken":["R","M","M","M","?","E","T","R","M","?","?","M","M","?","M","BOSS","R","M","M","M","M","$","T","E","$","?","M","R","?","?","M","BOSS"],"items_purchased_type":["Card","Relic"],"build_version":"2020-12-22","purchased_purges":2,"victory":false,"max_hp_per_floor":[63,63,63,63,63,63,63,63,63,63,63,63,63,63,63,63,63,63,63,63,63,63,63,63,63,63,63,63,63,63,63,63,63,63,63],"relic_stats":{"counters":[23,101],"obtain_stats":[{"Girya":6,"sneckomod:BlankCard":24,"Guardian:GemstoneGun":25,"downfall:HeartBlessingGreen":8,"hexamod:SpiritBrand":0,"Toy Ornithopter":23,"Pocketwatch":7,"Runic Pyramid":17},{"Girya":4,"sneckomod:BlankCard":17,"Guardian:GemstoneGun":18,"downfall:HeartBlessingGreen":4,"hexamod:SpiritBrand":0,"Toy Ornithopter":17,"Pocketwatch":4,"Runic Pyramid":12},{"Girya":11,"sneckomod:BlankCard":68,"Guardian:GemstoneGun":73,"downfall:HeartBlessingGreen":11,"hexamod:SpiritBrand":0,"Toy Ornithopter":68,"Pocketwatch":11,"Runic Pyramid":43}],"Toy Ornithopter":20,"Pocketwatch":[44]},"card_choices":[{"not_picked":["hexamod:GiftsFromTheDead","hexamod:GhostflameInferno"],"picked":"hexamod:ForkedFlame","floor":0.0},{"not_picked":["hexamod:HeatMetal","hexamod:ShieldOfDarkness","hexamod:GhostLash"],"picked":"SKIP","floor":2.0},{"not_picked":["hexamod:SpectersWail","hexamod:HeatMetal","hexamod:GiftsFromTheDead"],"picked":"SKIP","floor":3.0},{"not_picked":["hexamod:GhostShield","hexamod:Firestarter","hexamod:SpectersWail"],"picked":"SKIP","floor":4.0},{"not_picked":["hexamod:SoulSteal","hexamod:WildfireWeapon"],"picked":"hexamod:GhostOfSpireFuture","floor":6.0},{"not_picked":["hexamod:InspiringFlames","hexamod:Firestarter"],"picked":"hexamod:CatchUp","floor":9.0},{"not_picked":["hexamod:Incineration","hexamod:FlamesFromBeyond","hexamod:GhostLash"],"picked":"SKIP","floor":10.0},{"not_picked":["hexamod:BurningTouch","hexamod:RetreatToShadows","hexamod:HeatMetal"],"picked":"SKIP","floor":11.0},{"not_picked":["hexamod:Incineration","hexamod:AdvancingGuard"],"picked":"hexamod:HauntingEcho","floor":12.0},{"not_picked":["hexamod:Incineration","hexamod:PowerFromBeyond","hexamod:FlamesFromBeyond"],"picked":"SKIP","floor":13.0},{"not_picked":["hexamod:ParanormalForm","hexamod:SuperheatedStrike","hexamod:FourthSeal"],"picked":"SKIP","floor":14.0},{"not_picked":["hexamod:SoulSteal","hexamod:ThermalTransfer"],"picked":"hexamod:GhostOfSpirePast","floor":15.0},{"not_picked":["hexamod:UnleashSpirits","hexamod:GhostOfSpirePresent"],"picked":"hexamod:TurnItUp","floor":16.0},{"not_picked":["hexamod:SpectersWail","hexamod:HauntingEcho","hexamod:GhostLash"],"picked":"SKIP","floor":19.0},{"not_picked":["hexamod:Toasty","hexamod:BurningTouch"],"picked":"hexamod:FastForward+1","floor":20.0},{"not_picked":["hexamod:GhostShield","hexamod:SwordOfDarkness","hexamod:ShieldOfDarkness"],"picked":"SKIP","floor":21.0},{"not_picked":["hexamod:HauntingEcho","hexamod:HeatShield","hexamod:HeatMetal+1"],"picked":"SKIP","floor":22},{"not_picked":["hexamod:HexaLevel","hexamod:HeatMetal","hexamod:FlamesFromBeyond"],"picked":"SKIP","floor":23},{"not_picked":["hexamod:GhostOfSpirePast","hexamod:RetreatToShadows","hexamod:HeatMetal"],"picked":"SKIP","floor":25},{"not_picked":["hexamod:PowerFromBeyond+1","hexamod:CatchUp"],"picked":"hexamod:AdvancingGuard","floor":26},{"not_picked":["hexamod:RetreatToShadows","hexamod:PhantomFireball+1","hexamod:ThermalTransfer"],"picked":"SKIP","floor":28},{"not_picked":["hexamod:FastForward","hexamod:FourthSeal","hexamod:FlamesFromBeyond"],"picked":"SKIP","floor":32}],"player_experience":388035,"relics_obtained":[{"floor":6.0,"key":"Girya"},{"floor":7.0,"key":"Pocketwatch"},{"floor":24,"key":"sneckomod:BlankCard"},{"floor":25,"key":"Guardian:GemstoneGun"}],"event_choices":[{"damage_healed":0.0,"max_hp_gain":0.0,"max_hp_loss":0.0,"gold_gain":0.0,"event_name":"Lab","player_choice":"Got Potions","floor":5.0,"gold_loss":0.0,"damage_taken":0.0},{"damage_healed":0,"gold_gain":0,"player_choice":"Forge","damage_taken":0,"max_hp_gain":0,"max_hp_loss":0,"event_name":"Accursed Blacksmith","floor":30,"gold_loss":0,"cards_upgraded":["hexamod:CatchUp"]}],"is_beta":false,"boss_relics":[{"not_picked":["Calling Bell","Fusion Hammer"],"picked":"Runic Pyramid"}],"items_purged_floors":[14,23],"is_endless":false,"potions_floor_spawned":[3,6,11,12,13,15,19,25,31],"killed_by":"SI_MIRROR_ARCHETYPE","ascension_level":0}}