{"host":"yf9uv1vgok0dao2o","time":1613349803,"event":{"mods":["BaseMod","Highlight Path","Minty Spire (QoL Compilation)","Relic Stats","StSLib"],"gold_per_floor":[116,116,266,278,243,243,243,254,254,287,300,300,317,352,352,429,429,449,449,449,297,308,346,346,22,22,22,49,49,49],"floor_reached":29,"language":"ENG","playtime":1553,"items_purged":["Doubt","Zap"],"score":502,"play_id":"2973a0ca-d392-4c9a-a2ce-488e819dc338","local_time":"20210214184323","is_ascension_mode":true,"campfire_choices":[{"data":"Beam Cell","floor":7,"key":"SMITH"},{"data":"Chill","floor":12,"key":"SMITH"},{"data":"Darkness","floor":15,"key":"SMITH"},{"data":"Aggregate","floor":24,"key":"SMITH"}],"circlet_count":0,"master_deck":["AscendersBane","Dualcast","Beam Cell+1","Ball Lightning","Ball Lightning+1","Coolheaded","Chill+1","Capacitor","Darkness+1","Echo Form","Self Repair","Creative AI","Aggregate+1","Static Discharge","Melter","Echo Form","Redo","Ball Lightning","Heatsinks","Heatsinks","Consume","Cold Snap","Coolheaded+1"],"relics":["Cracked Core","Potion Belt","Eternal Feather","Whetstone","Happy Flower","Vajra","Pandora\u0027s Box","Enchiridion","CeramicFish","Membership Card","Art of War"],"acts_visited":["Exordium","TheCity"],"potions_floor_usage":[14,16,16,22,28,28,29,29],"damage_taken":[{"damage":9,"enemies":"Jaw Worm","floor":1,"turns":4},{"damage":3,"enemies":"Small Slimes","floor":4,"turns":3},{"damage":3,"enemies":"2 Louse","floor":8,"turns":2},{"damage":30,"enemies":"Lagavulin","floor":10,"turns":5},{"damage":4,"enemies":"Red Slaver","floor":11,"turns":4},{"damage":10,"enemies":"Exordium Thugs","floor":13,"turns":3},{"damage":6,"enemies":"Gremlin Nob","floor":14,"turns":3},{"damage":23,"enemies":"The Guardian","floor":16,"turns":8},{"damage":4,"enemies":"Spheric Guardian","floor":18,"turns":3},{"damage":8,"enemies":"3 Byrds","floor":22,"turns":4},{"damage":54,"enemies":"Slavers","floor":23,"turns":5},{"damage":24,"enemies":"Sentry and Sphere","floor":28,"turns":5},{"damage":20,"enemies":"Book of Stabbing","floor":29,"turns":1}],"seed_played":"4377520935255227970","potions_obtained":[{"floor":4,"key":"LiquidMemories"},{"floor":6,"key":"DuplicationPotion"},{"floor":6,"key":"FairyPotion"},{"floor":10,"key":"Dexterity Potion"},{"floor":14,"key":"Block Potion"},{"floor":16,"key":"FearPotion"},{"floor":18,"key":"Explosive Potion"},{"floor":23,"key":"EssenceOfSteel"}],"is_trial":false,"path_per_floor":["M","?","?","M","?","?","R","M","T","E","M","R","M","E","R","B",null,"M","?","?","$","M","E","R","$","T","?","M","E"],"character_chosen":"DEFECT","items_purchased":["Heatsinks","Membership Card","Art of War","Cold Snap","BlessingOfTheForge"],"campfire_rested":0,"item_purchase_floors":[21,25,25,25,25],"current_hp_per_floor":[55,44,44,41,58,58,64,61,61,31,27,36,26,20,29,6,55,58,37,37,37,36,10,22,22,22,36,12,0,0],"gold":49,"neow_bonus":"RANDOM_COMMON_RELIC","is_daily":false,"chose_seed":false,"campfire_upgraded":4,"win_rate":0.0,"timestamp":1613349803,"path_taken":["M","?","?","M","?","?","R","?","T","E","M","R","M","E","R","BOSS","M","?","?","$","M","E","R","$","T","?","M","E"],"items_purchased_type":["Card","Relic","Relic","Card","Potion"],"build_version":"2020-12-22","purchased_purges":2,"victory":false,"max_hp_per_floor":[71,71,71,71,71,71,71,71,71,71,71,71,71,71,71,71,71,71,71,71,71,71,71,71,71,71,71,71,71,71],"relic_stats":{"Happy Flower":[12],"counters":[13,50],"CeramicFish":27,"Eternal Feather":36,"Pandora\u0027s Box":["Self Repair","Creative AI","Aggregate","Static Discharge","Melter","Echo Form","Redo","Ball Lightning"],"Art of War":[1],"Whetstone":["Strike_B","Ball Lightning"],"obtain_stats":[{"Potion Belt":0,"Happy Flower":10,"CeramicFish":23,"Vajra":14,"Enchiridion":19,"Eternal Feather":2,"Pandora\u0027s Box":17,"Art of War":25,"Whetstone":9,"Membership Card":25,"Cracked Core":0},{"Potion Belt":0,"Happy Flower":4,"CeramicFish":11,"Vajra":7,"Enchiridion":9,"Eternal Feather":1,"Pandora\u0027s Box":8,"Art of War":11,"Whetstone":3,"Membership Card":11,"Cracked Core":0},{"Potion Belt":0,"Happy Flower":14,"CeramicFish":44,"Vajra":24,"Enchiridion":35,"Eternal Feather":4,"Pandora\u0027s Box":32,"Art of War":44,"Whetstone":9,"Membership Card":44,"Cracked Core":0}]},"card_choices":[{"not_picked":["Barrage","Leap"],"picked":"Beam Cell","floor":1},{"not_picked":["Streamline","Leap"],"picked":"Ball Lightning","floor":4},{"not_picked":["Hello World","Sweeping Beam"],"picked":"Ball Lightning","floor":8},{"not_picked":["Heatsinks","Ball Lightning"],"picked":"Coolheaded","floor":10},{"not_picked":["White Noise","Storm"],"picked":"Chill","floor":11},{"not_picked":["Ball Lightning","Redo"],"picked":"Capacitor","floor":13},{"not_picked":["Barrage","Beam Cell"],"picked":"Darkness","floor":14},{"not_picked":["Reboot","Thunder Strike"],"picked":"Echo Form","floor":16},{"not_picked":["Lockon","Streamline"],"picked":"Heatsinks","floor":18},{"not_picked":["Ball Lightning","Tempest","Sweeping Beam"],"picked":"SKIP","floor":22},{"not_picked":["Compile Driver","Hello World"],"picked":"Consume","floor":23},{"not_picked":["Streamline","Rebound"],"picked":"Coolheaded+1","floor":28}],"player_experience":1638259,"relics_obtained":[{"floor":9,"key":"Whetstone"},{"floor":10,"key":"Happy Flower"},{"floor":14,"key":"Vajra"},{"floor":19,"key":"Enchiridion"},{"floor":23,"key":"CeramicFish"}],"event_choices":[{"damage_healed":0,"gold_gain":0,"player_choice":"Success","damage_taken":11,"relics_obtained":["Eternal Feather"],"max_hp_gain":0,"max_hp_loss":0,"event_name":"Scrap Ooze","floor":2,"gold_loss":0},{"damage_healed":0,"gold_gain":150,"player_choice":"AGREE","damage_taken":0,"max_hp_gain":0,"max_hp_loss":0,"event_name":"Liars Game","floor":3,"gold_loss":0,"cards_obtained":["Doubt"]},{"damage_healed":17,"gold_gain":0,"player_choice":"Healed","damage_taken":0,"max_hp_gain":0,"max_hp_loss":0,"event_name":"The Cleric","floor":5,"gold_loss":35},{"damage_healed":0,"gold_gain":0,"player_choice":"Got Potions","damage_taken":0,"max_hp_gain":0,"max_hp_loss":0,"event_name":"Lab","floor":6,"gold_loss":0},{"damage_healed":0,"gold_gain":0,"player_choice":"Obtained Book","damage_taken":21,"max_hp_gain":0,"max_hp_loss":0,"event_name":"Cursed Tome","floor":19,"gold_loss":0},{"damage_healed":0,"gold_gain":0,"player_choice":"Ignored","damage_taken":0,"max_hp_gain":0,"max_hp_loss":0,"event_name":"Vampires","floor":20,"gold_loss":0},{"damage_healed":14,"gold_gain":0,"player_choice":"Heal","damage_taken":0,"max_hp_gain":0,"max_hp_loss":0,"event_name":"The Library","floor":27,"gold_loss":0}],"is_beta":false,"boss_relics":[{"not_picked":["Busted Crown","SlaversCollar"],"picked":"Pandora\u0027s Box"}],"items_purged_floors":[21,25],"is_endless":false,"potions_floor_spawned":[4,10,14,16,18,23],"killed_by":"Book of Stabbing","ascension_level":20}}