{"host":"r0h3ysx70cq9cujv","time":1613385998,"event":{"mods":["Act Like it!","Aspiration","BaseMod","Minty Spire (QoL Compilation)","Pale of the Ancients","Red Circlet Mod","Reliquary","Replay The Spire","RumiaBox-露米娅的神秘盒子","StSLib","【功能Mod】混沌之环修复补丁"],"gold_per_floor":[111,111,128,177,192,221,72,110,110,142,178,27,27,57,57,162,162,186,111,111,133,159,159,184,206,232,273,273,295,340,363,363,477,477,477],"floor_reached":34,"language":"ZHS","playtime":1370,"items_purged":["Strike_R"],"score":618,"play_id":"30d22db9-f85f-451c-99b2-70729b651890","local_time":"20210215184638","is_ascension_mode":true,"campfire_choices":[{"data":"Armaments","floor":13,"key":"SMITH"},{"data":"Searing Blow+1","floor":15,"key":"SMITH"},{"data":"Armaments","floor":23,"key":"SMITH"},{"floor":28,"key":"REST"},{"floor":32,"key":"REST"}],"circlet_count":0,"master_deck":["Strike_R","Strike_R+1","Strike_R","Strike_R","Defend_R","Defend_R","Defend_R","Defend_R","Bash","Searing Blow+3","Shrug It Off","Armaments+1","Hemogenesis+1","Armaments+1"],"relics":["Burning Blood","aspiration:Nostalgia","Ring of the Snake","Red Skull","Replay:Bandana","Whetstone","aspiration:ChemicalBlood","reliquary:Sideboard","Lantern","Nunchaku","Philosopher\u0027s Stone","reliquary:Buckler","StoneCalendar","aspiration:StickyExplosives_weak","Runic Cube"],"acts_visited":["Exordium","TheCity","TheBeyond"],"potions_floor_usage":[6,16,20,21,27,27,30,33,33,33,33],"damage_taken":[{"damage":0,"enemies":"2 Louse","floor":1,"turns":2},{"damage":5,"enemies":"Jaw Worm","floor":3,"turns":5},{"damage":0,"enemies":"Cultist","floor":5,"turns":3},{"damage":13,"enemies":"Gremlin Nob","floor":6,"turns":4},{"damage":6,"enemies":"Replay:BlueRogue","floor":8,"turns":6},{"damage":21,"enemies":"Lots of Slimes","floor":10,"turns":5},{"damage":15,"enemies":"Gremlin Nob","floor":11,"turns":4},{"damage":0,"enemies":"Large Slime","floor":14,"turns":4},{"damage":32,"enemies":"Hexaghost","floor":16,"turns":8},{"damage":23,"enemies":"Shell Parasite","floor":18,"turns":6},{"damage":13,"enemies":"Spheric Guardian","floor":21,"turns":5},{"damage":9,"enemies":"3 Cultists","floor":22,"turns":6},{"damage":7,"enemies":"Snecko","floor":24,"turns":4},{"damage":27,"enemies":"Snake Plant","floor":25,"turns":5},{"damage":57,"enemies":"Book of Stabbing","floor":27,"turns":7},{"damage":9,"enemies":"3 Cultists","floor":29,"turns":5},{"damage":22,"enemies":"Replay:Snechameleon","floor":30,"turns":4},{"damage":9,"enemies":"Cultist and Chosen","floor":31,"turns":5},{"damage":51,"enemies":"Pondfish","floor":33,"turns":16}],"seed_played":"3860248390557850816","potions_obtained":[{"floor":4,"key":"GamblersBrew"},{"floor":4,"key":"DistilledChaos"},{"floor":8,"key":"GamblersBrew"},{"floor":11,"key":"SkillPotion"},{"floor":16,"key":"ColorlessPotion"},{"floor":18,"key":"BloodPotion"},{"floor":20,"key":"Fruit Juice"},{"floor":20,"key":"DistilledChaos"},{"floor":21,"key":"Doom Potion"},{"floor":25,"key":"Elixir"},{"floor":25,"key":"Dexterity Potion"},{"floor":27,"key":"Elixir"},{"floor":27,"key":"AttackPotion"},{"floor":33,"key":"EssenceOfSteel"},{"floor":33,"key":"Explosive Potion"}],"is_trial":false,"path_per_floor":["M","?","M","?","M","E","$","E","T","M","E","$","R","M","R","B",null,"M","$","?","M","M","R","M","M","T","E","R","M","E","M","R","B",null],"character_chosen":"IRONCLAD","items_purchased":["Whetstone","Nunchaku"],"campfire_rested":2,"item_purchase_floors":[7,12],"current_hp_per_floor":[80,80,80,60,66,59,59,59,59,44,35,35,35,41,41,15,80,63,63,68,78,75,75,74,53,53,9,34,40,24,21,46,10,85,85],"gold":477,"neow_bonus":"NOSTALGIA","is_daily":false,"chose_seed":false,"campfire_upgraded":3,"win_rate":0.0,"timestamp":1613385998,"path_taken":["M","?","M","?","?","E","$","E","T","M","E","?","R","M","R","BOSS","M","$","?","M","M","R","M","M","T","E","R","M","E","?","R","BOSS"],"items_purchased_type":["Relic","Relic"],"build_version":"2020-12-22","purchased_purges":1,"victory":false,"max_hp_per_floor":[80,80,80,80,80,80,80,80,80,80,80,80,80,80,80,80,80,80,80,85,85,85,85,85,85,85,85,85,85,85,85,85,85,85,85],"card_choices":[{"not_picked":["Replay:Undeath\u0027s Touch","Heavy Blade"],"picked":"Searing Blow","floor":1},{"not_picked":["Searing Blow","ReplayTheSpireMod:Corrosion Curse","Defy Death"],"picked":"SKIP","floor":3},{"not_picked":["Body Slam","Clash"],"picked":"Shrug It Off","floor":4},{"not_picked":["Searing Blow","Hemokinesis"],"picked":"Armaments","floor":5},{"not_picked":["Blood for Blood","ReplayReversal","Abandon"],"picked":"SKIP","floor":6},{"not_picked":["Rupture","ReplayTheSpireMod:Strike From Hell","Reckless Charge"],"picked":"SKIP","floor":8},{"not_picked":["Warcry","Body Slam"],"picked":"Hemogenesis","floor":10},{"not_picked":["Anger","Life Link"],"picked":"Sword Boomerang","floor":11},{"not_picked":["Seeing Red","ReplayTheSpireMod:Limb From Limb","Heavy Blade"],"picked":"SKIP","floor":14},{"not_picked":["Run Through","Heavy Blade"],"picked":"Intimidate+1","floor":18},{"not_picked":["Replay:Undeath\u0027s Touch","Entrench","ReplayTheSpireMod:Strike From Hell"],"picked":"SKIP","floor":21},{"not_picked":["Feel No Pain","Heavy Blade"],"picked":"Armaments","floor":22},{"not_picked":["Cleave","Twin Strike"],"picked":"Double Tap","floor":24},{"not_picked":["Rage","Uppercut","Anger+1"],"picked":"SKIP","floor":25},{"not_picked":["Armaments","Perfected Strike"],"picked":"True Grit+1","floor":27},{"not_picked":["Iron Wave","Clash","Whirlwind"],"picked":"SKIP","floor":29},{"not_picked":["Limit Break","Headbutt","Dark Embrace"],"picked":"SKIP","floor":30},{"not_picked":["Metallicize","Dropkick+1","Twin Strike+1"],"picked":"SKIP","floor":31},{"not_picked":["Reaper","Berserk"],"picked":"Feed","floor":33}],"player_experience":7476,"relics_obtained":[{"floor":4,"key":"Red Skull"},{"floor":6,"key":"Replay:Bandana"},{"floor":8,"key":"aspiration:ChemicalBlood"},{"floor":9,"key":"reliquary:Sideboard"},{"floor":11,"key":"Lantern"},{"floor":26,"key":"reliquary:Buckler"},{"floor":27,"key":"StoneCalendar"},{"floor":30,"key":"aspiration:StickyExplosives_weak"}],"event_choices":[{"damage_healed":0,"gold_gain":0,"player_choice":"Got Potions","damage_taken":0,"max_hp_gain":0,"max_hp_loss":0,"event_name":"Lab","floor":20,"gold_loss":0}],"is_beta":false,"boss_relics":[{"not_picked":["Fusion Hammer","aspiration:RitualDagger"],"picked":"Philosopher\u0027s Stone"},{"not_picked":["Tiny House","SacredBark"],"picked":"Runic Cube"}],"items_purged_floors":[19],"is_endless":false,"potions_floor_spawned":[8,10,11,14,16,18,22,27,33],"ascension_level":1}}