{"host":"uhvd1ejkkpomttgz","time":1613380634,"event":{"mods":["AYAYA","BaseMod","Downfall","Duelist Mod","Friendly Minions","Googly Eyes","Gremlin Mod","Hero for Fun","LagranYue(???·?)","Marisa????????","Minty Spire (QoL Compilation)","Quick Restart","Remilia??????","Shop Mod","StSLib","Td1madao Mod","The Cursed","[IsaacMod]????","slay the spire mod where everything is the same but ironclad has a cowboy hat","thorton"],"gold_per_floor":[111,26,26,40,58,58,58,58,105,105,105,105,123,48,48,167,167,182,107,107,132,2,40,40,40,40,59,59,59,59],"floor_reached":29,"language":"ENG","playtime":2148,"items_purged":["Strike_R"],"score":252,"play_id":"6ab11205-acf5-48ab-a67c-4a1ec343602a","local_time":"20210215011714","is_ascension_mode":true,"campfire_choices":[{"data":"Seeing Red","floor":6.0,"key":"SMITH"},{"data":"Iron Wave","floor":10.0,"key":"SMITH"},{"floor":12.0,"key":"RECALL"},{"data":"Bash","floor":15.0,"key":"SMITH"},{"data":"Spot Weakness","floor":25.0,"key":"SMITH"}],"circlet_count":0,"master_deck":["Strike_R","Strike_R","Strike_R","Strike_R","Defend_R","Defend_R","Defend_R","Bash+1","Iron Wave+1","Bandage Up","Spot Weakness+1","Seeing Red+1","Disarm","Juggernaut+1","Shrug It Off","Shrug It Off+1","Inflame+1","Inflame+1","Clash+1"],"relics":["Burning Blood","Bloody Idol","Frozen Egg 2","Black Star","Omamori","Mummified Hand","Molten Egg 2"],"acts_visited":[],"potions_floor_usage":[],"damage_taken":[{"damage":3.0,"enemies":"Small Slimes","floor":1.0,"turns":4.0},{"damage":8.0,"enemies":"2 Louse","floor":4.0,"turns":3.0},{"damage":7.0,"enemies":"Jaw Worm","floor":5.0,"turns":3.0},{"damage":6.0,"enemies":"Looter","floor":13.0,"turns":3.0},{"damage":32.0,"enemies":"Hexaghost","floor":16.0,"turns":10.0},{"damage":30.0,"enemies":"Shell Parasite","floor":18.0,"turns":6.0},{"damage":35.0,"enemies":"3 Byrds","floor":21.0,"turns":6.0},{"damage":52.0,"enemies":"Gremlin Leader","floor":23.0,"turns":9.0},{"damage":24.0,"enemies":"Snake Plant","floor":27.0,"turns":5.0},{"damage":34,"enemies":"Shelled Parasite and Fungi","floor":29,"turns":3}],"seed_played":"-9124141984661184617","potions_obtained":[{"floor":0.0,"key":"FairyPotion"},{"floor":0.0,"key":"BloodPotion"},{"floor":0.0,"key":"SteroidPotion"},{"floor":4.0,"key":"Fruit Juice"},{"floor":21.0,"key":"BlessingOfTheForge"}],"is_trial":false,"path_per_floor":["M","$","?","M","M","R","?","?","T","R","T","R","M","$","R","B",null,"M","?","?","M","$","E","?","R","T","M","$","M"],"character_chosen":"IRONCLAD","items_purchased":["Bandage Up","Inflame+1","Dexterity Potion"],"campfire_rested":0,"item_purchase_floors":[2,22,22],"current_hp_per_floor":[80,80,80,85,84,84,89,67,67,67,67,67,71,71,71,49,90,70,70,54,29,47,33,33,33,33,24,24,0,0],"gold":59,"neow_bonus":"THREE_SMALL_POTIONS","is_daily":false,"chose_seed":false,"campfire_upgraded":4,"win_rate":0.0,"timestamp":1613380634,"path_taken":["M","$","?","M","M","R","?","?","T","R","?","R","?","?","R","BOSS","M","?","?","M","$","E","?","R","T","M","$","M"],"items_purchased_type":["Card","Card","Potion"],"build_version":"2020-12-22","purchased_purges":1,"victory":false,"max_hp_per_floor":[80,80,80,85,85,85,90,90,90,90,90,90,90,90,90,90,90,90,90,90,90,90,90,90,90,90,90,90,90,90],"card_choices":[{"not_picked":["Armaments","Twin Strike"],"picked":"Iron Wave","floor":1.0},{"not_picked":["Headbutt","Evolve"],"picked":"Spot Weakness","floor":4.0},{"not_picked":["Heavy Blade","Wild Strike"],"picked":"Seeing Red","floor":5.0},{"not_picked":["Pommel Strike","Dropkick"],"picked":"Disarm","floor":13.0},{"not_picked":["Corruption+1","Impervious"],"picked":"Juggernaut+1","floor":16.0},{"not_picked":["Feel No Pain+1","Clothesline"],"picked":"Shrug It Off","floor":18.0},{"not_picked":["Thunderclap+1","Armaments"],"picked":"Shrug It Off+1","floor":21.0},{"not_picked":["Body Slam","Cleave"],"picked":"Inflame+1","floor":23.0},{"not_picked":["Dual Wield","Spot Weakness"],"picked":"Clash+1","floor":27.0}],"player_experience":292890,"relics_obtained":[{"floor":11.0,"key":"Frozen Egg 2"},{"floor":23.0,"key":"Omamori"},{"floor":23.0,"key":"Mummified Hand"},{"floor":26.0,"key":"Molten Egg 2"}],"event_choices":[{"damage_healed":0.0,"max_hp_gain":0.0,"max_hp_loss":0.0,"gold_gain":0.0,"event_name":"Liars Game","player_choice":"Ignored","floor":3.0,"gold_loss":0.0,"damage_taken":0.0},{"damage_healed":0.0,"max_hp_gain":5.0,"max_hp_loss":0.0,"gold_gain":0.0,"event_name":"Big Fish","player_choice":"Donut","floor":7.0,"gold_loss":0.0,"damage_taken":0.0},{"damage_healed":0.0,"max_hp_gain":0.0,"max_hp_loss":0.0,"gold_gain":0.0,"event_name":"Golden Idol","player_choice":"Take Damage","floor":8.0,"gold_loss":0.0,"damage_taken":22.0,"relics_obtained":["Golden Idol"]},{"cards_removed":["Defend_R"],"damage_healed":0.0,"max_hp_gain":0.0,"max_hp_loss":0.0,"gold_gain":0.0,"event_name":"Beggar","player_choice":"Gave Gold","floor":19.0,"gold_loss":75.0,"damage_taken":0.0},{"damage_healed":0.0,"max_hp_gain":0.0,"max_hp_loss":0.0,"gold_gain":0.0,"event_name":"Cursed Tome","player_choice":"Obtained Book","floor":20.0,"gold_loss":0.0,"damage_taken":16.0},{"damage_healed":0.0,"max_hp_gain":0.0,"max_hp_loss":0.0,"gold_gain":0.0,"event_name":"Forgotten Altar","player_choice":"Gave Idol","floor":24.0,"relics_lost":["Golden Idol"],"gold_loss":0.0,"damage_taken":0.0,"relics_obtained":["Bloody Idol"]}],"is_beta":false,"boss_relics":[{"not_picked":["Runic Pyramid","Mark of Pain"],"picked":"Black Star"}],"items_purged_floors":[14],"is_endless":false,"potions_floor_spawned":[4,21],"killed_by":"Shelled Parasite and Fungi","ascension_level":2}}