{"host":"xgo7i0560n9mwvr8","time":1613423875,"event":{"mods":["BaseMod","Colored Map","Downfall","Minty Spire (QoL Compilation)","Permanent Neow","StSLib"],"gold_per_floor":[0,10,10,10,25,25,25,25,45,45,62,80,80,113,130,130,130,130],"floor_reached":16,"language":"ENG","playtime":1211,"items_purged":[],"score":111,"play_id":"270a7867-3b29-468e-8303-8b24a28f2d2a","local_time":"20210215161755","is_ascension_mode":true,"campfire_choices":[{"data":"Guardian:CurlUp","floor":1,"key":"SMITH"},{"data":"Guardian:TwinSlam","floor":6,"key":"SMITH"},{"floor":10,"key":"REST"}],"circlet_count":0,"master_deck":["Guardian:Strike_Guardian","Guardian:Strike_Guardian","Guardian:Strike_Guardian","Guardian:Defend_Guardian+1","Guardian:Defend_Guardian","Guardian:Defend_Guardian","Guardian:Defend_Guardian","Guardian:CurlUp+1","Guardian:TwinSlam+1","Guardian:TemporalStrike+1","Guardian:ArmoredProtocol+1","Guardian:VentSteam","Guardian:PiercingHide","Guardian:ShieldCharger","Guardian:ShieldSpikes","Guardian:Gem_Green"],"relics":["Guardian:ModeShifter","Ginger","Guardian:PickAxe","Spirit Poop","Omamori"],"acts_visited":["Exordium"],"potions_floor_usage":[14,15,16],"damage_taken":[{"damage":7,"enemies":"Jaw Worm","floor":2,"turns":5},{"damage":14,"enemies":"Jaw Worm","floor":4,"turns":7},{"damage":7,"enemies":"2 Louse","floor":5,"turns":3},{"damage":3,"enemies":"Small Slimes","floor":9,"turns":4},{"damage":3,"enemies":"Blue Slaver","floor":11,"turns":3},{"damage":0,"enemies":"2 Fungi Beasts","floor":12,"turns":4},{"damage":3,"enemies":"Lagavulin","floor":14,"turns":9},{"damage":0,"enemies":"Gremlin Gang","floor":15,"turns":5},{"damage":106,"enemies":"DF_ARCHETYPE_STREAMLINE","floor":16,"turns":17}],"seed_played":"-6452067282859376900","potions_obtained":[{"floor":2,"key":"Block Potion"},{"floor":9,"key":"Fruit Juice"},{"floor":11,"key":"Guardian:DefensiveModePotion"}],"is_trial":false,"path_per_floor":["R","M","?","?","M","R","T","?","M","R","M","M","?","E","M","B"],"character_chosen":"GUARDIAN","items_purchased":[],"campfire_rested":1,"item_purchase_floors":[],"current_hp_per_floor":[80,73,73,59,52,52,52,52,49,73,70,70,70,67,67,0,0,0],"gold":130,"neow_bonus":"ONE_RARE_RELIC","is_daily":false,"chose_seed":false,"campfire_upgraded":2,"win_rate":0.0,"timestamp":1613423875,"path_taken":["R","M","?","?","M","R","T","?","M","R","M","?","?","E","M","BOSS"],"items_purchased_type":[],"build_version":"2020-12-22","purchased_purges":0,"victory":false,"max_hp_per_floor":[80,80,80,80,80,80,80,80,80,80,80,80,80,80,80,85,85,85],"card_choices":[{"not_picked":["Guardian:GuardianWhirl","Guardian:CrystalBeam"],"picked":"Guardian:TemporalStrike","floor":2},{"not_picked":["Guardian:DecasProtection","Guardian:ChargeCore"],"picked":"Guardian:ArmoredProtocol","floor":5},{"not_picked":["Guardian:Harden","Guardian:Gem_Cyan"],"picked":"Guardian:VentSteam","floor":9},{"not_picked":["Guardian:Gem_Crimson","Guardian:ArmoredProtocol"],"picked":"Guardian:PiercingHide","floor":11},{"not_picked":["Guardian:Planning","Guardian:Gem_Red"],"picked":"Guardian:ShieldCharger","floor":12},{"not_picked":["Guardian:Gem_Cyan","Guardian:TemporalShield"],"picked":"Guardian:ShieldSpikes","floor":14},{"not_picked":["Guardian:PrismaticBarrier","Guardian:TimeCapacitor"],"picked":"Guardian:Gem_Green","floor":15}],"player_experience":1049087,"relics_obtained":[{"floor":14,"key":"Omamori"}],"event_choices":[{"cards_removed":["downfall:Malfunctioning"],"damage_healed":0,"gold_gain":0,"player_choice":"Offered Curse","damage_taken":0,"relics_obtained":["Spirit Poop"],"max_hp_gain":0,"max_hp_loss":0,"event_name":"Bonfire Elementals","floor":13,"gold_loss":0}],"is_beta":false,"boss_relics":[],"items_purged_floors":[],"is_endless":false,"potions_floor_spawned":[2,9,11],"killed_by":"DF_ARCHETYPE_STREAMLINE","ascension_level":2}}