{"host":"ypzb5vvnu9f3ii1t","time":1613366170,"event":{"mods":["AchievementEnabler","BaseMod","Colored Map","DeckTracker","Keyboard Shortcuts","Minty Spire (QoL Compilation)","Permanent Neow","Quick Restart","SuperFastMode"],"gold_per_floor":[113,113,43,43,43,43,62,74,74,74,93,113,35,54,54,54,54],"floor_reached":16,"language":"KOR","playtime":579,"items_purged":[],"score":120,"play_id":"f013d229-04ac-47a1-adcb-d0b337692f3a","local_time":"20210215141610","is_ascension_mode":true,"campfire_choices":[{"data":"TalkToTheHand","floor":6.0,"key":"SMITH"},{"floor":10.0,"key":"REST"},{"floor":15,"key":"REST"}],"circlet_count":0,"master_deck":["Strike_P","Strike_P","Strike_P","Strike_P","Defend_P","Defend_P","Defend_P","Eruption","Vigilance","TalkToTheHand+1","Adaptation","MentalFortress","Adaptation"],"relics":["PureWater","Prayer Wheel","Ornamental Fan"],"acts_visited":["Exordium"],"potions_floor_usage":[16],"damage_taken":[{"damage":0.0,"enemies":"Cultist","floor":1.0,"turns":2.0},{"damage":6.0,"enemies":"2 Louse","floor":7.0,"turns":2.0},{"damage":0.0,"enemies":"Small Slimes","floor":8.0,"turns":2.0},{"damage":18.0,"enemies":"Exordium Thugs","floor":11.0,"turns":5.0},{"damage":6.0,"enemies":"Red Slaver","floor":12.0,"turns":3.0},{"damage":21.0,"enemies":"Blue Slaver","floor":14.0,"turns":5.0},{"damage":67,"enemies":"Hexaghost","floor":16,"turns":5}],"seed_played":"-202500635116095628","potions_obtained":[{"floor":1.0,"key":"DuplicationPotion"},{"floor":7.0,"key":"ColorlessPotion"},{"floor":8.0,"key":"FairyPotion"}],"is_trial":false,"path_per_floor":["M","?","$","?","?","R","M","M","T","R","M","M","$","M","R","B"],"character_chosen":"WATCHER","items_purchased":["Adaptation","Adaptation"],"campfire_rested":2,"item_purchase_floors":[3,13],"current_hp_per_floor":[47,52,52,52,52,52,46,46,46,69,51,45,45,24,47,5,5],"gold":54,"neow_bonus":"ONE_RARE_RELIC","is_daily":false,"chose_seed":false,"campfire_upgraded":1,"win_rate":0.0,"timestamp":1613366170,"path_taken":["M","?","$","?","?","R","M","M","T","R","M","?","?","?","R","BOSS"],"items_purchased_type":["Card","Card"],"build_version":"2020-12-22","purchased_purges":0,"victory":false,"max_hp_per_floor":[72,77,77,77,77,77,77,77,77,77,77,77,77,77,77,77,77],"card_choices":[{"not_picked":["CarveReality","CutThroughFate"],"picked":"TalkToTheHand","floor":1.0},{"not_picked":["Perseverance","BowlingBash","Prostrate"],"picked":"SKIP","floor":1.0},{"not_picked":["Protect","WheelKick","PathToVictory"],"picked":"SKIP","floor":7.0},{"not_picked":["Protect","Sanctity","PathToVictory"],"picked":"SKIP","floor":7.0},{"not_picked":["EmptyFist","Vengeance"],"picked":"MentalFortress","floor":8.0},{"not_picked":["JustLucky","FlurryOfBlows","Halt"],"picked":"SKIP","floor":8.0},{"not_picked":["Study","CarveReality","Crescendo"],"picked":"SKIP","floor":11.0},{"not_picked":["Protect","WreathOfFlame","FlurryOfBlows"],"picked":"SKIP","floor":11.0},{"not_picked":["SignatureMove","SashWhip","CrushJoints"],"picked":"SKIP","floor":12.0},{"not_picked":["FollowUp","FlyingSleeves","Consecrate"],"picked":"SKIP","floor":12.0},{"not_picked":["Evaluate","Brilliance","CutThroughFate"],"picked":"SKIP","floor":14.0},{"not_picked":["PathToVictory","ReachHeaven","WaveOfTheHand"],"picked":"SKIP","floor":14.0}],"player_experience":223858,"relics_obtained":[{"floor":9.0,"key":"Ornamental Fan"}],"event_choices":[{"damage_healed":0.0,"max_hp_gain":5.0,"max_hp_loss":0.0,"gold_gain":0.0,"event_name":"Big Fish","player_choice":"Donut","floor":2.0,"gold_loss":0.0,"damage_taken":0.0},{"damage_healed":0.0,"max_hp_gain":0.0,"max_hp_loss":0.0,"gold_gain":0.0,"event_name":"Shining Light","player_choice":"Ignored","floor":4.0,"gold_loss":0.0,"damage_taken":0.0},{"cards_removed":["Defend_P"],"damage_healed":0.0,"max_hp_gain":0.0,"max_hp_loss":0.0,"gold_gain":0.0,"event_name":"Wheel of Change","player_choice":"Card Removal","floor":5.0,"gold_loss":0.0,"damage_taken":0.0}],"is_beta":false,"boss_relics":[],"items_purged_floors":[],"is_endless":false,"potions_floor_spawned":[1,7,8],"killed_by":"Hexaghost","ascension_level":6}}