{"host":"h5fgmkg3q5qe8ocv","time":1613425019,"event":{"mods":["AchievementEnabler","BaseMod","Colored Map","Minty Spire (QoL Compilation)"],"gold_per_floor":[116,135,153,72,82,113,113,123,147,147,174,193,213,213,213,311,311,236,255,91,6,21,21,21],"floor_reached":23,"language":"ENG","playtime":2718,"items_purged":[],"score":253,"play_id":"463ff610-2687-4943-bf36-6cb8f0874836","local_time":"20210215223659","is_ascension_mode":false,"campfire_choices":[{"data":"Noxious Fumes","floor":7,"key":"SMITH"},{"data":"Well Laid Plans","floor":10,"key":"SMITH"},{"data":"Footwork","floor":15,"key":"SMITH"}],"circlet_count":0,"master_deck":["Strike_G","Strike_G","Strike_G","Strike_G","Strike_G","Defend_G","Defend_G","Defend_G","Defend_G","Defend_G","Survivor+1","Neutralize","Poisoned Stab","Blade Dance","Well Laid Plans+1","Noxious Fumes+1","Infinite Blades","Footwork+1","Dodge and Roll","Backflip","Dodge and Roll","Venomology","Deadly Poison+1","Tools of the Trade","Deflect"],"relics":["Ring of the Snake","Orichalcum","Ancient Tea Set","PreservedInsect","Lantern"],"acts_visited":["Exordium","TheCity"],"potions_floor_usage":[6,16,16,18,22,22,23],"damage_taken":[{"damage":1,"enemies":"Cultist","floor":1,"turns":5},{"damage":0,"enemies":"Small Slimes","floor":2,"turns":4},{"damage":0,"enemies":"2 Louse","floor":3,"turns":3},{"damage":5,"enemies":"2 Fungi Beasts","floor":5,"turns":4},{"damage":16,"enemies":"3 Sentries","floor":6,"turns":8},{"damage":5,"enemies":"Looter","floor":8,"turns":3},{"damage":8,"enemies":"Gremlin Nob","floor":11,"turns":5},{"damage":5,"enemies":"Gremlin Gang","floor":12,"turns":4},{"damage":3,"enemies":"Exordium Thugs","floor":13,"turns":5},{"damage":0,"enemies":"Hexaghost","floor":16,"turns":11},{"damage":14,"enemies":"2 Thieves","floor":18,"turns":5},{"damage":14,"enemies":"Spheric Guardian","floor":19,"turns":6},{"damage":11,"enemies":"Cultist and Chosen","floor":22,"turns":9},{"damage":43,"enemies":"Gremlin Leader","floor":23,"turns":6}],"seed_played":"-7127321415560823586","potions_obtained":[{"floor":2,"key":"Poison Potion"},{"floor":5,"key":"Dexterity Potion"},{"floor":6,"key":"SteroidPotion"},{"floor":8,"key":"SpeedPotion"},{"floor":19,"key":"Swift Potion"}],"is_trial":false,"path_per_floor":["M","M","M","$","M","E","R","M","T","R","E","M","M","?","R","B",null,"M","M","$","?","M","E"],"character_chosen":"THE_SILENT","items_purchased":["Noxious Fumes","Tools of the Trade"],"campfire_rested":0,"item_purchase_floors":[4,20],"current_hp_per_floor":[69,69,69,69,64,48,48,43,43,43,35,30,27,50,50,50,70,56,42,42,42,31,0,0],"gold":21,"neow_bonus":"UPGRADE_CARD","is_daily":false,"chose_seed":false,"campfire_upgraded":3,"win_rate":0.0,"timestamp":1613425019,"path_taken":["M","M","M","$","M","E","R","M","T","R","E","M","?","?","R","BOSS","M","M","$","?","M","E"],"items_purchased_type":["Card","Card"],"build_version":"2020-12-22","purchased_purges":0,"victory":false,"max_hp_per_floor":[70,70,70,70,70,70,70,70,70,70,70,70,70,70,70,70,70,70,70,70,70,70,70,70],"card_choices":[{"not_picked":["Dagger Throw","Well Laid Plans"],"picked":"Poisoned Stab","floor":1},{"not_picked":["PiercingWail","All Out Attack"],"picked":"Blade Dance","floor":2},{"not_picked":["Sucker Punch","Backflip"],"picked":"Well Laid Plans","floor":3},{"not_picked":["Dagger Spray","Underhanded Strike","Dagger Throw"],"picked":"SKIP","floor":5},{"not_picked":["Wraith Form v2","Well Laid Plans"],"picked":"Infinite Blades","floor":6},{"not_picked":["Backstab","PiercingWail"],"picked":"Footwork","floor":8},{"not_picked":["Quick Slash","Dagger Throw"],"picked":"Dodge and Roll","floor":11},{"not_picked":["Dagger Spray","PiercingWail"],"picked":"Backflip","floor":12},{"not_picked":["Quick Slash","Poisoned Stab"],"picked":"Dodge and Roll","floor":13},{"not_picked":["Phantasmal Killer","Doppelganger"],"picked":"Venomology","floor":16},{"not_picked":["Dodge and Roll","Acrobatics"],"picked":"Deadly Poison+1","floor":18},{"not_picked":["Acrobatics","Distraction","Flying Knee"],"picked":"SKIP","floor":19},{"not_picked":["Prepared","Dagger Spray+1"],"picked":"Deflect","floor":22}],"player_experience":26815,"relics_obtained":[{"floor":6,"key":"Orichalcum"},{"floor":9,"key":"Ancient Tea Set"},{"floor":11,"key":"PreservedInsect"}],"event_choices":[{"damage_healed":23,"gold_gain":0,"player_choice":"Banana","damage_taken":0,"max_hp_gain":0,"max_hp_loss":0,"event_name":"Big Fish","floor":14,"gold_loss":0},{"damage_healed":0,"gold_gain":0,"player_choice":"Obtained Relic","damage_taken":0,"relics_obtained":["Lantern"],"max_hp_gain":0,"max_hp_loss":0,"event_name":"Addict","floor":21,"gold_loss":85}],"is_beta":false,"boss_relics":[{"not_picked":["Velvet Choker","Ectoplasm","Snecko Eye"]}],"items_purged_floors":[],"is_endless":false,"potions_floor_spawned":[2,5,6,8,13,19],"killed_by":"Gremlin Leader","ascension_level":0}}