{"host":"clcuy39u5sybassp","time":1613400330,"event":{"mods":["AchievementEnabler","BaseMod","Challenge The Spire","Lobotomy","LobotomyExtend","Minty Spire (QoL Compilation)","Quick Restart","Replay The Spire","StSLib"],"gold_per_floor":[115,72,90,107,123,123,155,174,198,198,123,123,138,166,166,264,264,279,296,296,646,666,666,320,320,320,349,363,363,397,497,497,598,598,598,615,228,228,228],"floor_reached":21,"language":"ZHS","playtime":1541,"items_purged":["Defend_R","Looming Evil","Defend_R"],"score":376,"play_id":"b6b35280-2d13-4375-b70b-8227318fe600","local_time":"20210215224530","is_ascension_mode":true,"campfire_choices":[{"floor":6,"key":"REST"},{"floor":12,"key":"REST"},{"floor":15,"key":"REST"},{"floor":6,"key":"RECALL"},{"data":"Perfected Strike","floor":8,"key":"SMITH"},{"data":"Heavy Blade","floor":12,"key":"SMITH"},{"data":"Thunderclap","floor":15,"key":"SMITH"}],"circlet_count":0,"master_deck":["Strike_R+1","Strike_R","Strike_R","Strike_R","Strike_R","Defend_R","Defend_R","Bash","CherryBlossoms","Thunderclap+1","UniverseFragment","Headbutt+1","Bloodbath","Anger+1","Heavy Blade+1","Twin Strike","CrumblingArmor","Pommel Strike","DreamingCurrent","OldLady","Scorched","Sickly","Writhe","Wellcheers","Perfected Strike+1","Twin Strike","Wild Strike","GreedKing","Hallucinations","Twin Strike","Cleave","Mind Blast","Mind Blast"],"relics":["Black Blood","CogitoBucket","RabbitCall","Pear","BackwardClock","ReplayTheSpireMod:Lightbulb","Oddly Smooth Stone","Heaven_r","LetterFromLob","HellTrain","Ring of Greed","Old Coin","Blue Doll","ReplayTheSpireMod:Ring of Collecting","White Beast Statue","ReplayTheSpireMod:Ring of Exchange","FossilizedHelix","Charon\u0027s Ashes","Potion Belt","Guide Book","LaetitiaHeart","Pen Nib"],"acts_visited":["Exordium","TheCity","TheCity"],"potions_floor_usage":[14,14,18],"damage_taken":[{"damage":12,"enemies":"Jaw Worm","floor":1,"turns":3},{"damage":7,"enemies":"2 Louse","floor":3,"turns":2},{"damage":15,"enemies":"Small Slimes","floor":4,"turns":4},{"damage":21,"enemies":"Blue Slaver","floor":5,"turns":3},{"damage":51,"enemies":"Lagavulin","floor":7,"turns":7},{"damage":37,"enemies":"Large Slime","floor":8,"turns":5},{"damage":26,"enemies":"Lots of Slimes","floor":13,"turns":4},{"damage":0,"enemies":"Gremlin Nob","floor":14,"turns":2},{"damage":27,"enemies":"The Guardian","floor":16,"turns":7},{"damage":99,"enemies":"Chosen","floor":18,"turns":5},{"damage":0,"enemies":"Small Slimes","floor":1,"turns":3},{"damage":61,"enemies":"Jaw Worm","floor":2,"turns":6},{"damage":27,"enemies":"Cultist","floor":5,"turns":3},{"damage":18,"enemies":"Lagavulin","floor":10,"turns":4},{"damage":16,"enemies":"Exordium Wildlife","floor":11,"turns":3},{"damage":18,"enemies":"Gremlin Nob","floor":13,"turns":4},{"damage":100,"enemies":"Fading Forest","floor":16,"turns":11},{"damage":0,"enemies":"Spheric Guardian","floor":18,"turns":2},{"damage":0,"enemies":"Spheric Guardian","floor":18,"turns":1},{"damage":49,"enemies":"Spheric Guardian","floor":18,"turns":3},{"damage":22,"enemies":"Spheric Guardian","floor":19,"turns":4},{"damage":282,"enemies":"Chosen","floor":21,"turns":11}],"seed_played":"-1722529347671438377","potions_obtained":[{"floor":1,"key":"DistilledChaos"},{"floor":4,"key":"Energy Potion"},{"floor":5,"key":"Block Potion"},{"floor":16,"key":"SteroidPotion"},{"floor":1,"key":"Adrenaline Potion"},{"floor":10,"key":"AttackPotion"},{"floor":13,"key":"Ancient Potion"},{"floor":16,"key":"LiquidMemories"},{"floor":19,"key":"EntropicBrew"}],"is_trial":false,"path_per_floor":["M","?","M","M","M","R","E","M","T","?","$","R","M","E","R","B",null,"M","M","M","?","?","M","R","$","R","T","E","M","R","E","?","R","B",null,"M","M","$","M"],"character_chosen":"IRONCLAD","items_purchased":["White Beast Statue","Pen Nib","Cleave","Mind Blast"],"campfire_rested":3,"item_purchase_floors":[7,20,20,20],"current_hp_per_floor":[74,74,73,64,49,73,38,7,7,7,7,34,15,21,48,27,90,90,71,71,71,74,74,74,74,74,90,90,90,90,90,90,41,90,65,79,79,0,0],"gold":228,"neow_bonus":"","is_daily":false,"chose_seed":false,"campfire_upgraded":3,"win_rate":0.0,"timestamp":1613400330,"path_taken":["M","?","M","M","M","R","E","M","T","?","$","R","M","E","R","BOSS","M","M","M","?","?","M","R","$","R","T","E","M","R","E","?","R","BOSS","M","?","$","M"],"items_purchased_type":["Relic","Relic","Card","Card"],"build_version":"2020-12-22","purchased_purges":3,"victory":false,"max_hp_per_floor":[80,80,80,80,80,80,90,90,90,90,90,90,90,90,90,90,90,90,90,90,90,90,90,90,90,90,90,90,90,90,90,90,90,90,90,90,90,90,90],"card_choices":[{"not_picked":["PunishingBird","Wellcheers","Alriune"],"picked":"Singing Bowl","floor":1},{"not_picked":["Life Link","Flame Barrier","Iron Wave"],"picked":"SKIP","floor":1},{"not_picked":["Murderer","FairyFestival"],"picked":"CherryBlossoms","floor":3},{"not_picked":["Whirlwind","Spot Weakness","Body Slam"],"picked":"SKIP","floor":3},{"not_picked":["Whirlwind","Spot Weakness","Body Slam"],"picked":"SKIP","floor":3},{"not_picked":["HeroicMonk","Funeral","Rudolta"],"picked":"Singing Bowl","floor":4},{"not_picked":["Replay:Undeath\u0027s Touch","Wild Strike"],"picked":"Thunderclap","floor":4},{"not_picked":["BeautyBeast","PunishingBird"],"picked":"UniverseFragment","floor":5},{"not_picked":["Clash","Pommel Strike"],"picked":"Headbutt","floor":5},{"not_picked":["Freischutz","FieryBird","Murderer"],"picked":"Singing Bowl","floor":7},{"not_picked":["MHz","Wellcheers"],"picked":"Bloodbath","floor":7},{"not_picked":["Ghostly Armor","Clash"],"picked":"Anger","floor":7},{"not_picked":["MeatLantern","Murderer","Yin"],"picked":"Singing Bowl","floor":8},{"not_picked":["Thunderclap","True Grit"],"picked":"Heavy Blade","floor":8},{"not_picked":["LaLuna","NakedNest","RedShoes"],"picked":"Singing Bowl","floor":13},{"not_picked":["Clothesline","Heavy Blade"],"picked":"Twin Strike","floor":13},{"not_picked":["VoidDream","Porccubus","Rudolta"],"picked":"Singing Bowl","floor":14},{"not_picked":["Murderer","PunishingBird"],"picked":"CrumblingArmor","floor":14},{"not_picked":["Flame Barrier","Offering"],"picked":"Pommel Strike","floor":14},{"not_picked":["OSAHOGD","PunishingBird"],"picked":"DreamingCurrent","floor":16},{"not_picked":["HappyTeddy","BlackSwan","OSAHOGD"],"picked":"Singing Bowl","floor":1},{"not_picked":["GreedKing","BeautyBeast"],"picked":"OldLady","floor":1},{"not_picked":["ReplayTheSpireMod:Limb From Limb","Run Through","Sentinel"],"picked":"SKIP","floor":1},{"not_picked":["MHz","OSAHOGD","BigBird"],"picked":"Singing Bowl","floor":2},{"not_picked":["WallGazer","HeroicMonk"],"picked":"Scorched","floor":2},{"not_picked":["Havoc","Sword Boomerang","Evolve"],"picked":"SKIP","floor":2},{"not_picked":["Mercenary","ShyLook","WallGazer"],"picked":"Singing Bowl","floor":5},{"not_picked":["VoidDream","PunishingBird"],"picked":"Wellcheers","floor":5},{"not_picked":["Abandon","Sword Boomerang"],"picked":"Perfected Strike","floor":5},{"not_picked":["Variant","FairyFestival","Funeral"],"picked":"Singing Bowl","floor":10},{"not_picked":["Replay:Undeath\u0027s Touch","Ghostly Armor"],"picked":"Twin Strike","floor":10},{"not_picked":["BeautyBeast","FairyFestival","OSAHOGD"],"picked":"Singing Bowl","floor":11},{"not_picked":["Disarm","Havoc"],"picked":"Wild Strike","floor":11},{"not_picked":["MeatLantern","VoidDream"],"picked":"GreedKing","floor":13},{"not_picked":["Shrug It Off","Juggernaut","Metallicize"],"picked":"SKIP","floor":13},{"not_picked":["WallGazer","Yin","Mercenary"],"picked":"Singing Bowl","floor":16},{"not_picked":["WallGazer","Variant","FairyFestival"],"picked":"Singing Bowl","floor":19},{"not_picked":["Brutality","Defy Death+1"],"picked":"Twin Strike","floor":19}],"player_experience":184493,"relics_obtained":[{"floor":1,"key":"LetterFromLob"},{"floor":7,"key":"Pear"},{"floor":9,"key":"ReplayTheSpireMod:Lightbulb"},{"floor":14,"key":"Oddly Smooth Stone"},{"floor":1,"key":"LetterFromLob"},{"floor":4,"key":"Ring of Greed"},{"floor":4,"key":"Old Coin"},{"floor":4,"key":"Blue Doll"},{"floor":4,"key":"ReplayTheSpireMod:Ring of Collecting"},{"floor":9,"key":"ReplayTheSpireMod:Ring of Exchange"},{"floor":9,"key":"FossilizedHelix"},{"floor":10,"key":"Charon\u0027s Ashes"},{"floor":13,"key":"Potion Belt"}],"event_choices":[{"damage_healed":0,"gold_gain":0,"player_choice":"Left Gold","damage_taken":0,"max_hp_gain":0,"max_hp_loss":0,"event_name":"World of Goop","floor":2,"gold_loss":43},{"damage_healed":0,"gold_gain":0,"player_choice":"Ignored","damage_taken":0,"max_hp_gain":0,"max_hp_loss":0,"event_name":"Liars Game","floor":3,"gold_loss":0},{"damage_healed":0,"gold_gain":100,"player_choice":"Pray","damage_taken":0,"max_hp_gain":0,"max_hp_loss":0,"event_name":"Golden Shrine","floor":14,"gold_loss":0}],"is_beta":false,"boss_relics":[{"not_picked":["Ring of Chaos","Busted Crown"],"picked":"Black Blood"},{"not_picked":["ReplayTheSpireMod:CursedCoin","Medical Kit"],"picked":"Guide Book"}],"items_purged_floors":[11,7,20],"is_endless":false,"potions_floor_spawned":[1,4,5,16,1,10,11,13,16,18,18,18,19],"killed_by":"Chosen","ascension_level":2}}