{"host":"hgkb2zpbo2dcws21","time":1613394864,"event":{"mods":["AchievementEnabler","BaseMod","Colored Map","Colored Powertips","Custom Start","DeckTracker","KOR Keyword Fix","Keyboard Shortcuts","Minty Spire (QoL Compilation)","Relic Stats","StSLib","SuperFastMode"],"gold_per_floor":[112,125,50,50,50,50,88,88,88,111,261,261,282,352,352,352,352],"floor_reached":16,"language":"KOR","playtime":456,"items_purged":["Strike_R"],"score":246,"play_id":"f58df8f8-a96b-4d54-9c36-d0cff6e9bc19","local_time":"20210215221424","is_ascension_mode":true,"campfire_choices":[{"floor":6,"key":"REST"},{"data":"Shockwave","floor":8,"key":"SMITH"},{"data":"Dropkick","floor":12,"key":"SMITH"},{"data":"Second Wind","floor":15,"key":"SMITH"}],"circlet_count":0,"master_deck":["AscendersBane","Strike_R","Strike_R","Strike_R+1","Strike_R","Defend_R","Defend_R+1","Defend_R","Defend_R","Bash","Dropkick+1","Second Wind+1","Shockwave+1","Thunderclap","Doubt","Shrug It Off"],"relics":["Burning Blood","NeowsBlessing","Golden Idol","Blood Vial","Mummified Hand","Mercury Hourglass"],"acts_visited":["Exordium"],"potions_floor_usage":[16,16],"damage_taken":[{"damage":0,"enemies":"2 Louse","floor":1,"turns":1},{"damage":0,"enemies":"Jaw Worm","floor":2,"turns":1},{"damage":0,"enemies":"Gremlin Nob","floor":7,"turns":1},{"damage":10,"enemies":"Small Slimes","floor":10,"turns":4},{"damage":15,"enemies":"3 Louse","floor":13,"turns":4},{"damage":21,"enemies":"3 Sentries","floor":14,"turns":10},{"damage":15,"enemies":"Hexaghost","floor":16,"turns":9}],"seed_played":"6166654323126563117","potions_obtained":[{"floor":2,"key":"Weak Potion"},{"floor":10,"key":"SkillPotion"},{"floor":14,"key":"FearPotion"}],"is_trial":false,"path_per_floor":["M","M","$","?","?","R","E","R","T","M","?","R","M","?","R","B"],"character_chosen":"IRONCLAD","items_purchased":[],"campfire_rested":1,"item_purchase_floors":[],"current_hp_per_floor":[74,75,75,49,26,48,54,54,54,52,52,52,45,32,32,19,19],"gold":352,"neow_bonus":"THREE_ENEMY_KILL","is_daily":false,"chose_seed":false,"campfire_upgraded":3,"win_rate":0.0,"timestamp":1613394864,"path_taken":["M","M","$","?","?","R","E","R","T","M","?","R","M","?","R","BOSS"],"items_purchased_type":[],"build_version":"2020-12-22","purchased_purges":1,"victory":false,"max_hp_per_floor":[75,75,75,75,75,75,75,75,75,75,75,75,75,75,75,75,75],"relic_stats":{"Blood Vial":8,"counters":[7,30],"Golden Idol":25,"Mummified Hand":[0],"obtain_stats":[{"Blood Vial":7,"NeowsBlessing":0,"Golden Idol":4,"Mummified Hand":9,"Burning Blood":0,"Mercury Hourglass":14},{"Blood Vial":3,"NeowsBlessing":0,"Golden Idol":2,"Mummified Hand":3,"Burning Blood":0,"Mercury Hourglass":6},{"Blood Vial":3,"NeowsBlessing":0,"Golden Idol":2,"Mummified Hand":3,"Burning Blood":0,"Mercury Hourglass":21}],"Burning Blood":31,"Mercury Hourglass":[24]},"card_choices":[{"not_picked":["Sword Boomerang","True Grit"],"picked":"Dropkick","floor":1},{"not_picked":["Sword Boomerang","Seeing Red"],"picked":"Second Wind","floor":2},{"not_picked":["Headbutt","Anger"],"picked":"Shockwave","floor":7},{"not_picked":["Twin Strike","Clash"],"picked":"Thunderclap","floor":10},{"not_picked":["Rampage","True Grit"],"picked":"Shrug It Off","floor":13}],"player_experience":1146794,"relics_obtained":[{"floor":7,"key":"Blood Vial"},{"floor":9,"key":"Mummified Hand"},{"floor":14,"key":"Mercury Hourglass"}],"event_choices":[{"damage_healed":0,"gold_gain":0,"player_choice":"Take Damage","damage_taken":26,"relics_obtained":["Golden Idol"],"max_hp_gain":0,"max_hp_loss":0,"event_name":"Golden Idol","floor":4,"gold_loss":0},{"damage_healed":0,"gold_gain":0,"player_choice":"Entered Light","damage_taken":23,"max_hp_gain":0,"max_hp_loss":0,"event_name":"Shining Light","floor":5,"gold_loss":0,"cards_upgraded":["Defend_R","Strike_R"]},{"damage_healed":0,"gold_gain":150,"player_choice":"AGREE","damage_taken":0,"max_hp_gain":0,"max_hp_loss":0,"event_name":"Liars Game","floor":11,"gold_loss":0,"cards_obtained":["Doubt"]},{"damage_healed":0,"gold_gain":30,"player_choice":"Searched \u00272\u0027 times","damage_taken":0,"max_hp_gain":0,"max_hp_loss":0,"event_name":"Dead Adventurer","floor":14,"gold_loss":0}],"is_beta":false,"boss_relics":[],"items_purged_floors":[3],"is_endless":false,"potions_floor_spawned":[2,10,14],"killed_by":"Hexaghost","ascension_level":20}}