{"host":"8anmd7ibyxevnonj","time":1613384884,"event":{"mods":["BaseMod","Curses Come First","Downfall","Minty Spire (QoL Compilation)","Reliquary","StSLib"],"gold_per_floor":[99,116,131,131,142,142,189,189,217,217,317,317,349,364,383,481,481,481,499,499,510,527,66,66,66,51,51,51,51],"floor_reached":27,"language":"ENG","playtime":2002,"items_purged":["Pain"],"score":243,"play_id":"e6bfb11f-0174-47a7-a86e-2f199594525d","local_time":"20210215112804","is_ascension_mode":true,"campfire_choices":[{"data":"Slimebound:CorrosiveSpit","floor":1,"key":"SMITH"},{"data":"Slimebound:PressTheAttack","floor":6,"key":"SMITH"},{"floor":8,"key":"RECALL"},{"data":"Slimebound:MinionMaster","floor":10,"key":"SMITH"},{"floor":12,"key":"REST"},{"data":"Slimebound:Teamwork","floor":18,"key":"SMITH"},{"data":"Slimebound:Equalize","floor":25,"key":"SMITH"}],"circlet_count":0,"master_deck":["Slimebound:Strike_Slimebound","Slimebound:Strike_Slimebound","Slimebound:Strike_Slimebound","Slimebound:Tackle","Slimebound:Defend_Slimebound","Slimebound:Defend_Slimebound","Slimebound:Defend_Slimebound","Slimebound:Defend_Slimebound","Slimebound:Split+1","Slimebound:CorrosiveSpit+1","Slimebound:Replication","Slimebound:LevelUp+1","Slimebound:PressTheAttack+1","Slimebound:MinionMaster+1","Slimebound:LivingWall","Slimebound:ForwardTackle","Slimebound:GrowthPunch","Slimebound:SamplingLick","Slimebound:Teamwork+1","Slimebound:ForwardTackle","Slimebound:Schlurp+1","Slimebound:LeechEnergy+1","Slimebound:MegaLick+1","Slimebound:Equalize+1","Slimebound:Gluttony","Slimebound:SplitSpecialist"],"relics":["Slimebound:AbsorbEndCombat","reliquary:Boomerang","Slimebound:SlimedTailRelic","Toy Ornithopter","Question Card","Black Star","WarpedTongs","reliquary:Stiletto","Letter Opener"],"acts_visited":["Exordium","TheCity"],"potions_floor_usage":[11,11,14,16,22,22,27],"damage_taken":[{"damage":3,"enemies":"Jaw Worm","floor":2,"turns":4},{"damage":3,"enemies":"Cultist","floor":3,"turns":4},{"damage":14,"enemies":"Small Slimes","floor":5,"turns":4},{"damage":33,"enemies":"Gremlin Nob","floor":9,"turns":4},{"damage":19,"enemies":"downfall:LadyInBlue","floor":11,"turns":9},{"damage":5,"enemies":"Lagavulin","floor":13,"turns":7},{"damage":8,"enemies":"Gremlin Gang","floor":14,"turns":4},{"damage":9,"enemies":"Large Slime","floor":15,"turns":6},{"damage":18,"enemies":"SI_SHIV_ARCHETYPE","floor":16,"turns":7},{"damage":21,"enemies":"Shell Parasite","floor":19,"turns":5},{"damage":26,"enemies":"Snecko","floor":21,"turns":9},{"damage":34,"enemies":"3 Cultists","floor":22,"turns":5},{"damage":0,"enemies":"downfall:FleeingMerchant","floor":23,"turns":4},{"damage":0,"enemies":"downfall:FleeingMerchant","floor":26,"turns":4},{"damage":37,"enemies":"Slavers","floor":27,"turns":2}],"seed_played":"9198675752764346772","potions_obtained":[{"floor":2,"key":"ColorlessPotion"},{"floor":3,"key":"DistilledChaos"},{"floor":11,"key":"SteroidPotion"},{"floor":11,"key":"SmokeBomb"},{"floor":11,"key":"LiquidMemories"},{"floor":14,"key":"Energy Potion"},{"floor":16,"key":"BlessingOfTheForge"},{"floor":19,"key":"AttackPotion"}],"is_trial":false,"path_per_floor":["R","M","M","?","M","R","T","R","E","R","?","R","E","M","M","B",null,"R","M","?","M","M","$","T","R","$","E"],"character_chosen":"SLIMEBOUND","items_purchased":["Slimebound:Equalize","reliquary:Stiletto","Slimebound:Gluttony","Guardian:BlockOnCardUsePotion"],"campfire_rested":1,"item_purchase_floors":[23,23,23,23],"current_hp_per_floor":[65,64,64,64,53,53,53,53,26,26,15,34,35,36,35,30,65,65,50,50,30,10,14,14,14,30,0,0,0],"gold":51,"neow_bonus":"UPGRADE_CARD","is_daily":false,"chose_seed":false,"campfire_upgraded":5,"win_rate":0.0,"timestamp":1613384884,"path_taken":["R","M","M","?","?","R","T","R","E","R","?","R","E","M","M","BOSS","R","?","?","M","M","$","T","R","$","E"],"items_purchased_type":["Card","Relic","Card","Potion"],"build_version":"2020-12-13","purchased_purges":1,"victory":false,"max_hp_per_floor":[65,65,65,65,65,65,65,65,65,65,65,65,65,65,65,65,65,65,65,65,65,65,65,65,65,65,65,65,65],"card_choices":[{"not_picked":["Slimebound:Recollect","Slimebound:SamplingLick"],"picked":"Slimebound:Replication","floor":2},{"not_picked":["Slimebound:Prepare","Slimebound:SamplingLick"],"picked":"Slimebound:LevelUp","floor":3},{"not_picked":["Slimebound:LeechingTouch","Slimebound:SlimeBrawl"],"picked":"Slimebound:PressTheAttack","floor":5},{"not_picked":["Slimebound:Dissolve","Slimebound:Chomp"],"picked":"Slimebound:MinionMaster","floor":9},{"not_picked":["Slimebound:SamplingLick","Slimebound:ItLooksTasty"],"picked":"Slimebound:LivingWall","floor":11},{"not_picked":["Slimebound:TongueLash","Slimebound:LeechEnergy"],"picked":"Slimebound:ForwardTackle","floor":13},{"not_picked":["Slimebound:GoopSpray","Slimebound:LivingWall","Slimebound:Dissolve"],"picked":"Slimebound:GrowthPunch","floor":14},{"not_picked":["Slimebound:FlameTackle","Slimebound:Chomp","Slimebound:LeechEnergy"],"picked":"Slimebound:SamplingLick","floor":15},{"not_picked":["Slimebound:OneTwoCombo","Slimebound:MinionMaster","Slimebound:FirmFortitude"],"picked":"Slimebound:Teamwork","floor":16},{"not_picked":["Slimebound:Nibble","Slimebound:FinishingTackle","Slimebound:LivingWall"],"picked":"Slimebound:ForwardTackle","floor":19},{"not_picked":["Slimebound:RollThrough","Slimebound:ItLooksTasty","Slimebound:GoopSpray"],"picked":"Slimebound:Schlurp+1","floor":21},{"not_picked":["Slimebound:ItLooksTasty+1","Slimebound:AcidTongue+1","Slimebound:SplitMire"],"picked":"Slimebound:LeechEnergy+1","floor":22},{"not_picked":["Slimebound:FormOfPuddle+1","Slimebound:ForwardTackle","Slimebound:DuplicatedForm"],"picked":"Slimebound:MegaLick+1","floor":23},{"not_picked":["Slimebound:MegaLick","Slimebound:TongueLash","Slimebound:LivingWall"],"picked":"Slimebound:SplitSpecialist","floor":26}],"player_experience":138618,"relics_obtained":[{"floor":7,"key":"reliquary:Boomerang"},{"floor":9,"key":"Slimebound:SlimedTailRelic"},{"floor":11,"key":"Toy Ornithopter"},{"floor":13,"key":"Question Card"},{"floor":24,"key":"Letter Opener"}],"event_choices":[{"damage_healed":0,"gold_gain":0,"player_choice":"Rummage","damage_taken":0,"relics_obtained":["WarpedTongs"],"max_hp_gain":0,"max_hp_loss":0,"event_name":"Accursed Blacksmith","floor":20,"gold_loss":0,"cards_obtained":["Pain"]}],"is_beta":false,"boss_relics":[{"not_picked":["reliquary:Ember","Velvet Choker"],"picked":"Black Star"}],"items_purged_floors":[23],"is_endless":false,"potions_floor_spawned":[2,3,14,16,19,21],"killed_by":"Slavers","ascension_level":2}}