{"host":"5wwct7e0z3l0f094","time":1613354388,"event":{"mods":["AchievementEnabler","BaseMod","Downfall","Highlight Path","Minty Spire (QoL Compilation)","StSLib","SuperFastMode"],"gold_per_floor":[111,111,111,42,55,90,90,133,183,183,34,54,54,67,67,186,186,207,25,25,25,25,25,56,56,104,104,104,29,29,29],"floor_reached":30,"language":"ENG","playtime":812,"items_purged":["Strike_B"],"score":426,"play_id":"6201a51d-20f3-4363-9c4e-68840e8006b6","local_time":"20210214205948","is_ascension_mode":true,"campfire_choices":[{"data":"Zap","floor":7.0,"key":"SMITH"},{"floor":10.0,"key":"REST"},{"floor":13.0,"key":"REST"},{"data":"Capacitor","floor":15.0,"key":"SMITH"},{"data":"Defragment","floor":23.0,"key":"SMITH"},{"data":"Defragment","floor":25,"key":"SMITH"},{"floor":27,"key":"REST"}],"circlet_count":0,"master_deck":["AscendersBane","Strike_B","Defend_B","Defend_B","Defend_B+1","Defend_B","Zap+1","Dualcast","Tempest+1","Chaos","Chaos","Capacitor+1","Genetic Algorithm","Amplify","Defragment+1","Defragment+1","downfall:Bewildered"],"relics":["Cracked Core","NeowsBlessing","Golden Idol","Dream Catcher","DataDisk","Anchor","Velvet Choker","War Paint","Nilry\u0027s Codex","Pear","StoneCalendar","Bronze Scales","sneckomod:BabySnecko"],"acts_visited":["Exordium","TheCity"],"potions_floor_usage":[30],"damage_taken":[{"damage":0.0,"enemies":"2 Louse","floor":1.0,"turns":1.0},{"damage":0.0,"enemies":"Small Slimes","floor":5.0,"turns":1.0},{"damage":0.0,"enemies":"Gremlin Nob","floor":6.0,"turns":1.0},{"damage":45.0,"enemies":"3 Sentries","floor":8.0,"turns":7.0},{"damage":0.0,"enemies":"Cultist","floor":12.0,"turns":3.0},{"damage":9.0,"enemies":"Red Slaver","floor":14.0,"turns":4.0},{"damage":23.0,"enemies":"The Guardian","floor":16.0,"turns":11.0},{"damage":0.0,"enemies":"Chosen","floor":18.0,"turns":4.0},{"damage":46,"enemies":"Book of Stabbing","floor":24,"turns":5},{"damage":34,"enemies":"Slavers","floor":30,"turns":3}],"seed_played":"7241180184633731971","potions_obtained":[{"floor":8.0,"key":"Guardian:BlockOnCardUsePotion"},{"floor":16.0,"key":"Strength Potion"}],"is_trial":false,"path_per_floor":["M","?","?","$","M","E","R","E","T","R","$","M","R","M","R","B",null,"M","$","?","?","?","R","E","R","T","R","?","?","E"],"character_chosen":"DEFECT","items_purchased":["Tempest","Capacitor","Defragment","War Paint"],"campfire_rested":3,"item_purchase_floors":[4,11,19,19],"current_hp_per_floor":[68,50,50,50,50,50,50,5,5,27,27,27,49,40,40,17,61,61,61,61,45,55,55,9,9,9,34,34,34,0,0],"gold":29,"neow_bonus":"THREE_ENEMY_KILL","is_daily":false,"chose_seed":false,"campfire_upgraded":4,"win_rate":0.0,"timestamp":1613354388,"path_taken":["M","?","?","$","?","E","R","E","T","R","?","M","R","M","R","BOSS","M","$","?","?","?","R","E","R","T","R","?","?","E"],"items_purchased_type":["Card","Card","Card","Relic"],"build_version":"2020-12-22","purchased_purges":1,"victory":false,"max_hp_per_floor":[75,75,75,75,75,75,75,75,75,75,75,75,75,75,75,75,75,75,75,75,75,85,85,85,85,85,85,85,85,85,85],"card_choices":[{"not_picked":["Rebound","Hologram","Barrage"],"picked":"SKIP","floor":1.0},{"not_picked":["Aggregate","Sunder"],"picked":"Chaos","floor":5.0},{"not_picked":["Redo","Gash","Steam"],"picked":"SKIP","floor":6.0},{"not_picked":["Blizzard","Rip and Tear","FTL"],"picked":"SKIP","floor":8.0},{"not_picked":["Chill","Consume"],"picked":"Chaos","floor":10.0},{"not_picked":["Darkness","Turbo"],"picked":"Genetic Algorithm","floor":12.0},{"not_picked":["Conserve Battery","Aggregate","Scrape"],"picked":"SKIP","floor":14.0},{"not_picked":["Buffer","All For One"],"picked":"Amplify","floor":16.0},{"not_picked":["Reinforced Body+1","Tempest"],"picked":"Defragment","floor":18.0},{"not_picked":["Leap","Redo","Melter"],"picked":"SKIP","floor":24}],"player_experience":308804,"relics_obtained":[{"floor":6.0,"key":"Dream Catcher"},{"floor":8.0,"key":"DataDisk"},{"floor":9.0,"key":"Anchor"},{"floor":21.0,"key":"Nilry\u0027s Codex"},{"floor":24,"key":"StoneCalendar"},{"floor":26,"key":"Bronze Scales"}],"event_choices":[{"damage_healed":0.0,"max_hp_gain":0.0,"max_hp_loss":0.0,"gold_gain":0.0,"event_name":"Golden Idol","player_choice":"Take Damage","floor":2.0,"gold_loss":0.0,"damage_taken":18.0,"relics_obtained":["Golden Idol"]},{"cards_removed":["Strike_B"],"damage_healed":0.0,"max_hp_gain":0.0,"max_hp_loss":0.0,"gold_gain":0.0,"event_name":"Bonfire Elementals","player_choice":"Offered Basic","floor":3.0,"gold_loss":0.0,"damage_taken":0.0},{"cards_removed":["Strike_B"],"damage_healed":0.0,"max_hp_gain":0.0,"max_hp_loss":0.0,"gold_gain":0.0,"event_name":"Back to Basics","player_choice":"Elegance","floor":20.0,"gold_loss":0.0,"damage_taken":0.0},{"damage_healed":0.0,"max_hp_gain":0.0,"max_hp_loss":0.0,"gold_gain":0.0,"event_name":"Cursed Tome","player_choice":"Obtained Book","floor":21.0,"gold_loss":0.0,"damage_taken":16.0},{"damage_healed":0.0,"max_hp_gain":0.0,"max_hp_loss":0.0,"gold_gain":0.0,"event_name":"Addict","player_choice":"Stole Relic","floor":22.0,"gold_loss":0.0,"damage_taken":0.0,"relics_obtained":["Pear"],"cards_obtained":["Shame"]},{"cards_removed":["Shame"],"damage_healed":0,"gold_gain":0,"player_choice":"Gave Gold","damage_taken":0,"max_hp_gain":0,"max_hp_loss":0,"event_name":"Beggar","floor":29,"gold_loss":75}],"is_beta":false,"boss_relics":[{"not_picked":["Runic Pyramid","Fusion Hammer"],"picked":"Velvet Choker"}],"items_purged_floors":[11],"is_endless":false,"potions_floor_spawned":[8,16],"killed_by":"Slavers","ascension_level":11}}