{"host":"7sni158j623xchr2","time":1613375868,"event":{"mods":["BaseMod","Colored Map","Highlight Path","Minty Spire (QoL Compilation)","Permanent Neow","Potion Indicator Mod","Rare Cards Sparkle","Relic Sorter","Relic Stats","StSLib","everything is the same but u backflip on backflip"],"gold_per_floor":[112,112,132,149,164,164,180,180,180,196,196,225,100,119,119,218,218,234,248,248,260,271,303,303,316,341,341,374,384,384,412,412,515,515,528,803,817,837,857,857,857,857],"floor_reached":41,"language":"ENG","playtime":1920,"items_purged":["Strike_B"],"score":610,"play_id":"ed4222eb-ff59-4d34-b562-dccbe989345a","local_time":"20210215015748","is_ascension_mode":true,"campfire_choices":[{"data":"Zap","floor":6,"key":"SMITH"},{"floor":8,"key":"REST"},{"data":"Loop","floor":15,"key":"SMITH"},{"data":"Biased Cognition","floor":24,"key":"SMITH"},{"floor":27,"key":"RECALL"},{"data":"Buffer","floor":32,"key":"SMITH"},{"data":"Buffer","floor":40,"key":"SMITH"}],"circlet_count":0,"master_deck":["Strike_B+1","Strike_B+1","Strike_B+1","Defend_B+1","Defend_B+1","Defend_B+1","Defend_B+1","Zap+1","Dualcast+1","Coolheaded","Loop+1","Biased Cognition+1","Conserve Battery+1","Ball Lightning","Glacier","Go for the Eyes+1","Cold Snap","FTL","Coolheaded+1","Self Repair","Core Surge","Static Discharge+1","Storm","Tempest","Defragment+1","BootSequence","Capacitor+1","Lockon","Barrage","Buffer+1","Compile Driver+1","Echo Form","Coolheaded+1","Regret","Buffer+1","Defragment","Glacier+1","Heatsinks"],"relics":["FrozenCore","Prayer Wheel","Question Card","Orichalcum","Kunai","Lizard Tail","The Courier","War Paint","Snecko Eye"],"acts_visited":["Exordium","TheCity","TheBeyond"],"potions_floor_usage":[5,7,21,38,38],"damage_taken":[{"damage":0,"enemies":"Cultist","floor":1,"turns":3},{"damage":5,"enemies":"Jaw Worm","floor":3,"turns":3},{"damage":4,"enemies":"Small Slimes","floor":4,"turns":2},{"damage":15,"enemies":"Exordium Wildlife","floor":5,"turns":4},{"damage":0,"enemies":"2 Fungi Beasts","floor":7,"turns":3},{"damage":5,"enemies":"Lots of Slimes","floor":10,"turns":4},{"damage":4,"enemies":"Gremlin Nob","floor":12,"turns":4},{"damage":0,"enemies":"Blue Slaver","floor":14,"turns":3},{"damage":4,"enemies":"Hexaghost","floor":16,"turns":11},{"damage":3,"enemies":"3 Byrds","floor":18,"turns":6},{"damage":9,"enemies":"Spheric Guardian","floor":19,"turns":6},{"damage":4,"enemies":"3 Cultists","floor":21,"turns":4},{"damage":14,"enemies":"Snecko","floor":22,"turns":7},{"damage":27,"enemies":"Slavers","floor":23,"turns":4},{"damage":0,"enemies":"Shelled Parasite and Fungi","floor":25,"turns":7},{"damage":8,"enemies":"Book of Stabbing","floor":28,"turns":6},{"damage":0,"enemies":"Centurion and Healer","floor":29,"turns":7},{"damage":4,"enemies":"Gremlin Leader","floor":31,"turns":6},{"damage":0,"enemies":"Collector","floor":33,"turns":11},{"damage":14,"enemies":"3 Shapes","floor":35,"turns":5},{"damage":20,"enemies":"3 Darklings","floor":37,"turns":5},{"damage":67,"enemies":"Jaw Worm Horde","floor":38,"turns":8},{"damage":0,"enemies":"Sphere and 2 Shapes","floor":39,"turns":9},{"damage":106,"enemies":"Giant Head","floor":41,"turns":11}],"seed_played":"5588221542109421355","potions_obtained":[{"floor":3,"key":"Energy Potion"},{"floor":4,"key":"SpeedPotion"},{"floor":7,"key":"Dexterity Potion"},{"floor":10,"key":"LiquidMemories"},{"floor":14,"key":"Ancient Potion"},{"floor":22,"key":"SpeedPotion"},{"floor":38,"key":"PowerPotion"},{"floor":39,"key":"SpeedPotion"}],"is_trial":false,"path_per_floor":["M","?","M","M","M","R","M","R","T","M","?","E","$","M","R","B",null,"M","M","?","M","M","E","R","M","T","R","E","M","T","E","R","B",null,"M","?","M","M","M","R","E"],"character_chosen":"DEFECT","items_purchased":["Block Potion"],"campfire_rested":1,"item_purchase_floors":[13],"current_hp_per_floor":[54,39,34,30,15,15,15,37,37,32,32,28,28,28,28,31,75,75,73,73,69,62,42,42,49,49,49,48,55,55,58,58,65,75,61,61,48,44,51,51,0,0],"gold":857,"neow_bonus":"ONE_RARE_RELIC","is_daily":false,"chose_seed":false,"campfire_upgraded":5,"win_rate":0.0,"timestamp":1613375868,"path_taken":["M","?","M","M","M","R","M","R","T","M","?","E","$","M","R","BOSS","M","?","?","M","M","E","R","M","T","R","E","M","?","E","R","BOSS","M","?","M","?","M","R","E"],"items_purchased_type":["Potion"],"build_version":"2020-12-22","purchased_purges":1,"victory":false,"max_hp_per_floor":[75,75,75,75,75,75,75,75,75,75,75,75,75,75,75,75,75,75,75,75,75,75,75,75,75,75,75,75,75,75,75,75,75,75,75,75,75,75,75,75,75,75],"relic_stats":{"Lizard Tail":37,"counters":[24,139],"Snecko Eye":[77,63,87,74],"Prayer Wheel":17,"Kunai":[11],"Orichalcum":[162],"War Paint":["Conserve Battery","Coolheaded"],"Question Card":30,"obtain_stats":[{"Lizard Tail":28,"Snecko Eye":34,"Prayer Wheel":0,"The Courier":30,"Kunai":23,"Orichalcum":12,"War Paint":31,"Cracked Core":0,"Question Card":9,"FrozenCore":17},{"Lizard Tail":16,"Snecko Eye":19,"Prayer Wheel":0,"The Courier":17,"Kunai":14,"Orichalcum":7,"War Paint":18,"Cracked Core":0,"Question Card":5,"FrozenCore":9},{"Lizard Tail":77,"Snecko Eye":101,"Prayer Wheel":0,"The Courier":84,"Kunai":64,"Orichalcum":23,"War Paint":90,"Cracked Core":0,"Question Card":15,"FrozenCore":37}],"FrozenCore":[29]},"card_choices":[{"not_picked":["Tempest","Redo"],"picked":"Coolheaded","floor":1},{"not_picked":["Turbo","Barrage"],"picked":"Loop","floor":1},{"not_picked":["Coolheaded","Streamline"],"picked":"Biased Cognition","floor":3},{"not_picked":["Coolheaded","Loop"],"picked":"Conserve Battery","floor":3},{"not_picked":["Hologram","Loop"],"picked":"Ball Lightning","floor":4},{"not_picked":["Gash","Redo","Aggregate"],"picked":"SKIP","floor":4},{"not_picked":["Ball Lightning","Hyperbeam"],"picked":"Glacier","floor":5},{"not_picked":["Barrage","Streamline"],"picked":"Go for the Eyes","floor":5},{"not_picked":["Steam","Static Discharge"],"picked":"Cold Snap","floor":7},{"not_picked":["Rip and Tear","Cold Snap","Turbo"],"picked":"SKIP","floor":7},{"not_picked":["Streamline","Hologram","Hyperbeam"],"picked":"FTL","floor":10},{"not_picked":["Undo","Auto Shields","Steam Power","Steam"],"picked":"SKIP","floor":10},{"not_picked":["Rip and Tear","Double Energy","Streamline","Conserve Battery"],"picked":"SKIP","floor":12},{"not_picked":["Redo","Auto Shields","Rebound"],"picked":"Coolheaded","floor":14},{"not_picked":["Blizzard","Glacier","Go for the Eyes"],"picked":"Self Repair","floor":14},{"not_picked":["Echo Form","All For One","Amplify"],"picked":"Core Surge","floor":16},{"not_picked":["Reinforced Body","Hologram","BootSequence"],"picked":"Static Discharge+1","floor":18},{"not_picked":["Rebound+1","Auto Shields","Streamline+1","Genetic Algorithm"],"picked":"SKIP","floor":18},{"not_picked":["Stack","Darkness","Machine Learning"],"picked":"Storm","floor":19},{"not_picked":["Steam Power","Rebound","Undo"],"picked":"Tempest","floor":19},{"not_picked":["Hologram","Gash","Skim+1"],"picked":"Defragment+1","floor":21},{"not_picked":["Go for the Eyes","Leap","Doom and Gloom"],"picked":"BootSequence","floor":21},{"not_picked":["Leap","Rebound","Beam Cell"],"picked":"Capacitor+1","floor":22},{"not_picked":["Stack","Darkness","Amplify","Beam Cell"],"picked":"SKIP","floor":22},{"not_picked":["Compile Driver","Turbo","Beam Cell"],"picked":"Lockon","floor":23},{"not_picked":["Stack","Go for the Eyes","Capacitor"],"picked":"Barrage","floor":25},{"not_picked":["Leap","Sweeping Beam+1","Cold Snap","Beam Cell"],"picked":"SKIP","floor":25},{"not_picked":["Chaos","Steam","Melter"],"picked":"Buffer","floor":28},{"not_picked":["Scrape","Cold Snap","Darkness","Chill"],"picked":"SKIP","floor":29},{"not_picked":["Aggregate","Genetic Algorithm","Leap","Lockon"],"picked":"SKIP","floor":29},{"not_picked":["Rebound","Barrage+1","Defragment"],"picked":"Compile Driver+1","floor":31},{"not_picked":["Amplify","Creative AI","Buffer"],"picked":"Echo Form","floor":33},{"not_picked":["Doom and Gloom","Redo+1","Sweeping Beam"],"picked":"Coolheaded+1","floor":35},{"not_picked":["Conserve Battery+1","Rebound+1","Chill+1","Go for the Eyes+1"],"picked":"SKIP","floor":35},{"not_picked":["Go for the Eyes","Compile Driver","Conserve Battery"],"picked":"Buffer","floor":37},{"not_picked":["Rebound+1","Barrage+1","Streamline","Genetic Algorithm+1"],"picked":"SKIP","floor":37},{"not_picked":["Go for the Eyes+1","Turbo+1","BootSequence+1"],"picked":"Defragment","floor":38},{"not_picked":["Auto Shields+1","Tempest+1","Go for the Eyes"],"picked":"Glacier+1","floor":38},{"not_picked":["Turbo+1","Gash+1","Sweeping Beam"],"picked":"Heatsinks","floor":39},{"not_picked":["Stack","Beam Cell+1","Steam+1","Sweeping Beam"],"picked":"SKIP","floor":39}],"player_experience":1802903,"relics_obtained":[{"floor":9,"key":"Question Card"},{"floor":12,"key":"Orichalcum"},{"floor":23,"key":"Kunai"},{"floor":28,"key":"Lizard Tail"},{"floor":30,"key":"The Courier"},{"floor":31,"key":"War Paint"}],"event_choices":[{"damage_healed":0,"gold_gain":0,"player_choice":"Entered Light","damage_taken":15,"max_hp_gain":0,"max_hp_loss":0,"event_name":"Shining Light","floor":2,"gold_loss":0,"cards_upgraded":["Dualcast","Strike_B"]},{"damage_healed":0,"gold_gain":0,"player_choice":"Forge","damage_taken":0,"max_hp_gain":0,"max_hp_loss":0,"event_name":"Accursed Blacksmith","floor":11,"gold_loss":0,"cards_upgraded":["Go for the Eyes"]},{"damage_healed":0,"gold_gain":0,"player_choice":"Simplicity","damage_taken":0,"max_hp_gain":0,"max_hp_loss":0,"event_name":"Back to Basics","floor":20,"gold_loss":0,"cards_upgraded":["Strike_B","Strike_B","Defend_B","Defend_B","Defend_B","Defend_B"]},{"damage_healed":0,"gold_gain":275,"player_choice":"Desecrate","damage_taken":0,"max_hp_gain":0,"max_hp_loss":0,"event_name":"Golden Shrine","floor":36,"gold_loss":0,"cards_obtained":["Regret"]}],"is_beta":false,"boss_relics":[{"not_picked":["Pandora\u0027s Box","Runic Pyramid"],"picked":"FrozenCore"},{"not_picked":["Sozu","Black Star"],"picked":"Snecko Eye"}],"items_purged_floors":[13],"is_endless":false,"potions_floor_spawned":[3,4,7,10,14,18,22,25,29,31,38,39],"killed_by":"Giant Head","ascension_level":3}}