{"host":"f8toxsj3bk02pkeu","time":1613354029,"event":{"mods":["BaseMod","Minty Spire (QoL Compilation)","Permanent Neow","Quick Restart","StSLib","SuperFastMode"],"gold_per_floor":[117,167,183,183,203,232,243,272,341,341,306,326,326,336,336,409,409,429,449,459,459,216,216,244,244,244],"floor_reached":25,"language":"ENG","playtime":912,"items_purged":["Strike_G"],"score":466,"play_id":"2801e9a5-da68-4f8d-bc52-35b6921f13ae","local_time":"20210214185349","is_ascension_mode":true,"campfire_choices":[{"floor":10.0,"key":"REST"},{"floor":13,"key":"REST"},{"floor":15,"key":"REST"},{"floor":23,"key":"REST"}],"circlet_count":0,"master_deck":["AscendersBane","Strike_G","Strike_G","Strike_G","Strike_G","Defend_G","Defend_G","Defend_G","Defend_G","Defend_G","Survivor","Neutralize","Underhanded Strike","Sucker Punch+1","Dagger Throw+1","Dagger Throw+1","Heel Hook+1","Underhanded Strike+1","Slice+1","PiercingWail+1","Heel Hook+1","Concentrate"],"relics":["Runic Pyramid","Molten Egg 2","Ancient Tea Set","Prayer Wheel","Sozu","Dream Catcher","Mercury Hourglass"],"acts_visited":["Exordium","TheCity"],"potions_floor_usage":[16],"damage_taken":[{"damage":0.0,"enemies":"2 Louse","floor":1.0,"turns":3.0},{"damage":0.0,"enemies":"Cultist","floor":3.0,"turns":3.0},{"damage":0.0,"enemies":"Small Slimes","floor":5.0,"turns":3.0},{"damage":19.0,"enemies":"Gremlin Nob","floor":6.0,"turns":4.0},{"damage":4.0,"enemies":"Blue Slaver","floor":7.0,"turns":4.0},{"damage":19.0,"enemies":"Lagavulin","floor":8.0,"turns":9.0},{"damage":33,"enemies":"Gremlin Gang","floor":12,"turns":4},{"damage":6,"enemies":"Lots of Slimes","floor":14,"turns":4},{"damage":1,"enemies":"Slime Boss","floor":16,"turns":6},{"damage":17,"enemies":"Shell Parasite","floor":18,"turns":6},{"damage":0,"enemies":"Chosen","floor":19,"turns":5},{"damage":22,"enemies":"Snake Plant","floor":20,"turns":5},{"damage":34,"enemies":"Book of Stabbing","floor":24,"turns":5},{"damage":8,"enemies":"Centurion and Healer","floor":25,"turns":3}],"seed_played":"6583137054421564190","potions_obtained":[{"floor":5.0,"key":"ColorlessPotion"},{"floor":12,"key":"Poison Potion"},{"floor":16,"key":"EssenceOfSteel"}],"is_trial":false,"path_per_floor":["M","?","M","T","M","E","M","E","T","R","?","M","R","M","R","B",null,"M","M","M","?","$","R","E","M"],"character_chosen":"THE_SILENT","items_purchased":["Dream Catcher"],"campfire_rested":4,"item_purchase_floors":[22],"current_hp_per_floor":[59,53,53,53,53,34,30,11,11,30,46,13,32,26,45,44,61,44,44,22,22,22,41,7,0,0],"gold":244,"neow_bonus":"BOSS_RELIC","is_daily":false,"chose_seed":false,"campfire_upgraded":0,"win_rate":0.0,"timestamp":1613354029,"path_taken":["M","?","?","?","M","E","?","E","T","R","?","M","R","M","R","BOSS","M","M","M","?","$","R","E","M"],"items_purchased_type":["Relic"],"build_version":"2020-12-22","purchased_purges":1,"victory":false,"max_hp_per_floor":[66,66,66,66,66,66,66,66,66,66,66,66,66,66,66,66,66,66,66,66,66,66,66,66,66,66],"card_choices":[{"not_picked":["Flying Knee","Well Laid Plans"],"picked":"Underhanded Strike","floor":1.0},{"not_picked":["Distraction","Quick Slash","Eviscerate"],"picked":"SKIP","floor":3.0},{"not_picked":["Blade Dance","Endless Agony+1"],"picked":"Sucker Punch+1","floor":5.0},{"not_picked":["Dodge and Roll","Expertise","Deadly Poison"],"picked":"SKIP","floor":6.0},{"not_picked":["Accuracy","PiercingWail"],"picked":"Dagger Throw+1","floor":7.0},{"not_picked":["Predator+1","Deadly Poison","Terror"],"picked":"SKIP","floor":8.0},{"not_picked":["Backflip","Calculated Gamble"],"picked":"Dagger Throw+1","floor":12},{"not_picked":["Dodge and Roll","Riddle With Holes+1"],"picked":"Heel Hook+1","floor":12},{"not_picked":["Dagger Spray+1","A Thousand Cuts"],"picked":"Underhanded Strike+1","floor":14},{"not_picked":["Sucker Punch+1","Infinite Blades"],"picked":"Slice+1","floor":14},{"not_picked":["Prepared","Tactician"],"picked":"PiercingWail+1","floor":18},{"not_picked":["Acrobatics","Dagger Throw+1","Bane+1"],"picked":"SKIP","floor":18},{"not_picked":["Underhanded Strike+1","Dagger Throw+1","Endless Agony+1"],"picked":"SKIP","floor":19},{"not_picked":["Bouncing Flask","Escape Plan","Riddle With Holes+1"],"picked":"SKIP","floor":19},{"not_picked":["Dash+1","Sucker Punch+1"],"picked":"Heel Hook+1","floor":20},{"not_picked":["Quick Slash+1","Malaise","Dash+1"],"picked":"SKIP","floor":20},{"not_picked":["Bane+1","Well Laid Plans"],"picked":"Concentrate","floor":24}],"player_experience":990947,"relics_obtained":[{"floor":4.0,"key":"Molten Egg 2"},{"floor":6.0,"key":"Ancient Tea Set"},{"floor":8.0,"key":"Prayer Wheel"},{"floor":24,"key":"Mercury Hourglass"}],"event_choices":[{"damage_healed":0.0,"max_hp_gain":0.0,"max_hp_loss":0.0,"gold_gain":50.0,"event_name":"FaceTrader","player_choice":"Touch","floor":2.0,"gold_loss":0.0,"damage_taken":6.0},{"damage_healed":16.0,"max_hp_gain":0.0,"max_hp_loss":0.0,"gold_gain":0.0,"event_name":"The Cleric","player_choice":"Healed","floor":11.0,"gold_loss":35.0,"damage_taken":0.0},{"damage_healed":0,"gold_gain":0,"player_choice":"0 cards matched","damage_taken":0,"max_hp_gain":0,"max_hp_loss":0,"event_name":"Match and Keep!","floor":21,"gold_loss":0,"cards_obtained":[]}],"is_beta":false,"boss_relics":[{"not_picked":["Black Star","Velvet Choker"],"picked":"Sozu"}],"items_purged_floors":[22],"is_endless":false,"potions_floor_spawned":[5,12,16,19,20],"killed_by":"Centurion and Healer","ascension_level":20}}