{"host":"qrt7o4dq2qslzw13","time":1613408797,"event":{"mods":["AchievementEnabler","BaseMod","Colored Map","Colored Powertips","Minty Spire (QoL Compilation)","Quick Restart","StSLib","SuperFastMode"],"gold_per_floor":[110,124,124,274,274,303,303,303,303,303,322,343,343,369,381,393,393],"floor_reached":16,"language":"ENG","playtime":148,"items_purged":[],"score":250,"play_id":"d954f5d3-3b8b-4a06-8df2-cb39adef78f3","local_time":"20210215120637","is_ascension_mode":true,"campfire_choices":[{"data":"Bash","floor":8.0,"key":"SMITH"},{"data":"Spot Weakness","floor":10.0,"key":"SMITH"},{"floor":15.0,"key":"REST"}],"circlet_count":0,"master_deck":["AscendersBane","Strike_R","Strike_R","Strike_R","Strike_R","Defend_R","Defend_R","Defend_R","Defend_R+1","Bash+1","Anger+1","Spot Weakness+1","Doubt","Spot Weakness","Injury","Flex+1","Iron Wave"],"relics":["Burning Blood","NeowsBlessing","Blood Vial","Golden Idol","Toxic Egg 2","MawBank"],"acts_visited":["Exordium"],"potions_floor_usage":[16],"damage_taken":[{"damage":0.0,"enemies":"Small Slimes","floor":1.0,"turns":1.0},{"damage":0.0,"enemies":"Jaw Worm","floor":2.0,"turns":1.0},{"damage":0.0,"enemies":"Lagavulin","floor":6.0,"turns":1.0},{"damage":1.0,"enemies":"2 Louse","floor":11.0,"turns":2.0},{"damage":6.0,"enemies":"Looter","floor":12.0,"turns":2.0},{"damage":21.0,"enemies":"Exordium Thugs","floor":14.0,"turns":4.0},{"damage":54,"enemies":"The Guardian","floor":16,"turns":9}],"seed_played":"4970540298008820582","potions_obtained":[{"floor":6.0,"key":"Energy Potion"},{"floor":11.0,"key":"Fire Potion"},{"floor":14.0,"key":"SneckoOil"}],"is_trial":false,"path_per_floor":["M","M","?","?","?","E","?","R","T","R","M","M","?","M","R","B"],"character_chosen":"IRONCLAD","items_purchased":[],"campfire_rested":1,"item_purchase_floors":[],"current_hp_per_floor":[74,75,68,68,45,51,51,51,51,51,58,60,42,29,51,0,0],"gold":393,"neow_bonus":"THREE_ENEMY_KILL","is_daily":false,"chose_seed":false,"campfire_upgraded":2,"win_rate":0.0,"timestamp":1613408797,"path_taken":["M","M","?","?","?","E","?","R","T","R","M","?","?","M","R","BOSS"],"items_purchased_type":[],"build_version":"2020-12-22","purchased_purges":0,"victory":false,"max_hp_per_floor":[75,75,75,75,75,75,75,75,75,75,75,75,75,75,75,75,75],"card_choices":[{"not_picked":["Warcry","Combust"],"picked":"Anger","floor":1.0},{"not_picked":["Fire Breathing","Clothesline"],"picked":"Spot Weakness","floor":2.0},{"not_picked":["Clash","Iron Wave"],"picked":"Spot Weakness","floor":6.0},{"not_picked":["Perfected Strike","Clothesline","Sword Boomerang"],"picked":"SKIP","floor":11.0},{"not_picked":["Anger","Armaments+1"],"picked":"Flex+1","floor":12.0},{"not_picked":["Flex+1","Cleave"],"picked":"Iron Wave","floor":14.0}],"player_experience":639594,"relics_obtained":[{"floor":6.0,"key":"Blood Vial"},{"floor":9.0,"key":"Toxic Egg 2"}],"event_choices":[{"cards_removed":["Strike_R"],"damage_healed":0.0,"max_hp_gain":0.0,"max_hp_loss":0.0,"gold_gain":0.0,"event_name":"Golden Wing","player_choice":"Card Removal","floor":3.0,"gold_loss":0.0,"damage_taken":7.0},{"damage_healed":0.0,"max_hp_gain":0.0,"max_hp_loss":0.0,"gold_gain":150.0,"event_name":"Liars Game","player_choice":"AGREE","floor":4.0,"gold_loss":0.0,"damage_taken":0.0,"cards_obtained":["Doubt"]},{"damage_healed":0.0,"max_hp_gain":0.0,"max_hp_loss":0.0,"gold_gain":0.0,"event_name":"Shining Light","player_choice":"Entered Light","floor":5.0,"gold_loss":0.0,"damage_taken":23.0,"cards_upgraded":["Defend_R","Anger"]},{"damage_healed":0.0,"max_hp_gain":0.0,"max_hp_loss":0.0,"gold_gain":0.0,"event_name":"Golden Idol","player_choice":"Take Wound","floor":7.0,"gold_loss":0.0,"damage_taken":0.0,"relics_obtained":["Golden Idol"],"cards_obtained":["Injury"]},{"damage_healed":0.0,"max_hp_gain":0.0,"max_hp_loss":0.0,"gold_gain":0.0,"event_name":"Scrap Ooze","player_choice":"Success","floor":13.0,"gold_loss":0.0,"damage_taken":18.0,"relics_obtained":["MawBank"]}],"is_beta":false,"boss_relics":[],"items_purged_floors":[],"is_endless":false,"potions_floor_spawned":[6,11,14],"killed_by":"The Guardian","ascension_level":20}}