{"host":"e8hwgc5hwysw32tq","time":1613362909,"event":{"mods":["BaseMod","Downfall","Minty Spire (QoL Compilation)","Shop Mod","StSLib"],"gold_per_floor":[99,110,110,20,20,34,34,47,47,61,79,112,129,14,31,31,31,31],"floor_reached":16,"language":"ENG","playtime":842,"items_purged":["bronze:Defend","bronze:Defend"],"score":104,"play_id":"139c2b8e-47ed-46da-98bc-24283ceb1a8c","local_time":"20210214202149","is_ascension_mode":false,"campfire_choices":[{"data":"bronze:Goto","floor":1,"key":"SMITH"}],"circlet_count":0,"master_deck":["bronze:Strike","bronze:Strike","bronze:Strike","bronze:Defend","bronze:Defend","bronze:Replicate","bronze:Goto+1","bronze:Repulsor","bronze:Frontload","bronze:WhirlingStrike","bronze:Repair+1","bronze:Optimize","bronze:WildBeam","bronze:MaxOutput","bronze:DelayedGuard+1"],"relics":["bronze:BronzeCore","Toxic Egg 2","TungstenRod"],"acts_visited":["Exordium"],"potions_floor_usage":[16],"damage_taken":[{"damage":2,"enemies":"Small Slimes","floor":2,"turns":4},{"damage":0,"enemies":"downfall:FleeingMerchant","floor":4,"turns":4},{"damage":2,"enemies":"2 Louse","floor":6,"turns":4},{"damage":0,"enemies":"Cultist","floor":8,"turns":4},{"damage":0,"enemies":"Exordium Thugs","floor":10,"turns":5},{"damage":14,"enemies":"downfall:LooterAlt","floor":11,"turns":4},{"damage":44,"enemies":"Gremlin Nob","floor":12,"turns":5},{"damage":0,"enemies":"Red Slaver","floor":13,"turns":3},{"damage":6,"enemies":"downfall:FleeingMerchant","floor":14,"turns":4},{"damage":0,"enemies":"2 Fungi Beasts","floor":15,"turns":2},{"damage":74,"enemies":"DF_ARCHETYPE_STREAMLINE","floor":16,"turns":14}],"seed_played":"-2932035207374811117","potions_obtained":[{"floor":6,"key":"SmokeBomb"},{"floor":11,"key":"bronze:FreeFunctionsPotion"},{"floor":13,"key":"bronze:FreeFunctionsPotion"}],"is_trial":false,"path_per_floor":["R","M","?","$","?","M","T","M","?","M","M","E","M","$","M","B"],"character_chosen":"THE_AUTOMATON","items_purchased":[],"campfire_rested":0,"item_purchase_floors":[],"current_hp_per_floor":[77,75,80,80,80,78,78,78,78,82,74,40,50,44,44,0,0,0],"gold":31,"neow_bonus":"TEN_PERCENT_HP_BONUS","is_daily":false,"chose_seed":false,"campfire_upgraded":1,"win_rate":0.0,"timestamp":1613362909,"path_taken":["R","M","?","$","?","M","T","M","?","?","M","E","M","?","M","BOSS"],"items_purchased_type":[],"build_version":"2020-12-22","purchased_purges":2,"victory":false,"max_hp_per_floor":[77,77,82,82,82,82,82,82,82,82,82,82,82,82,82,82,82,82],"card_choices":[{"not_picked":["bronze:WildBeam","bronze:Turbo"],"picked":"bronze:Repulsor","floor":2},{"not_picked":["bronze:Shell","bronze:CloningBeam"],"picked":"bronze:Frontload","floor":4},{"not_picked":["bronze:Repulsor","bronze:Turbo"],"picked":"bronze:WhirlingStrike","floor":6},{"not_picked":["bronze:WildBeam","bronze:DarkDash"],"picked":"bronze:Repair+1","floor":8},{"not_picked":["bronze:WildBeam","bronze:WhirlingStrike","bronze:Invalidate+1"],"picked":"SKIP","floor":10},{"not_picked":["bronze:Return+1","bronze:DigitalCarnage"],"picked":"bronze:Optimize","floor":11},{"not_picked":["bronze:ChosenStrike","bronze:Mutator"],"picked":"bronze:WildBeam","floor":12},{"not_picked":["bronze:Turbo+1","bronze:WildBeam"],"picked":"bronze:MaxOutput","floor":13},{"not_picked":["bronze:OilSpill","bronze:Safeguard+1"],"picked":"bronze:DelayedGuard+1","floor":14},{"not_picked":["bronze:BuggyMess+1","bronze:ChosenStrike","bronze:BronzeArmor+1"],"picked":"SKIP","floor":15}],"player_experience":435755,"relics_obtained":[{"floor":7,"key":"Toxic Egg 2"},{"floor":12,"key":"TungstenRod"}],"event_choices":[{"damage_healed":0,"gold_gain":0,"player_choice":"Donut","damage_taken":0,"max_hp_gain":5,"max_hp_loss":0,"event_name":"Big Fish","floor":3,"gold_loss":0},{"cards_removed":["bronze:Strike"],"damage_healed":0,"gold_gain":0,"player_choice":"Card Removal","damage_taken":0,"max_hp_gain":0,"max_hp_loss":0,"event_name":"The Cleric","floor":5,"gold_loss":0},{"damage_healed":0,"gold_gain":0,"player_choice":"Ignored","damage_taken":0,"max_hp_gain":0,"max_hp_loss":0,"event_name":"NoteForYourself","floor":9,"gold_loss":0}],"is_beta":false,"boss_relics":[],"items_purged_floors":[4,14],"is_endless":false,"potions_floor_spawned":[6,11,13,15],"killed_by":"DF_ARCHETYPE_STREAMLINE","ascension_level":0}}