{"host":"suw5tyb7z6zbnnfs","time":1613356427,"event":{"mods":["AchievementEnabler","BaseMod","Colored Map","Minty Spire (QoL Compilation)"],"gold_per_floor":[111,131,148,166,177,203,203,218,218,248,248,248,280,296,296,397,397,416,426,439,439,399,431,431,464,464,74,74,86,86,99,99,203,203,221,221,235,155,173,173,200,200,270,11,21,46,58,58,58,58],"floor_reached":51,"language":"ENG","playtime":10720,"items_purged":["Strike_G","Defend_G","Pain"],"score":1441,"play_id":"fec481be-022d-4468-ba20-c0ea0a26b0f5","local_time":"20210214213347","is_ascension_mode":true,"campfire_choices":[{"data":"Neutralize","floor":11.0,"key":"SMITH"},{"data":"Burst","floor":15.0,"key":"SMITH"},{"data":"Well Laid Plans","floor":24.0,"key":"SMITH"},{"data":"Dagger Spray","floor":28.0,"key":"SMITH"},{"data":"Noxious Fumes","floor":32.0,"key":"SMITH"},{"data":"Noxious Fumes","floor":40,"key":"SMITH"},{"data":"Backflip","floor":49,"key":"SMITH"}],"circlet_count":0,"master_deck":["Strike_G","Strike_G","Defend_G","Defend_G","Defend_G","Survivor","Neutralize+1","Dagger Throw","Noxious Fumes+1","Dagger Spray+1","Deadly Poison","Dash","Adrenaline+1","Burst+1","PiercingWail+1","Noxious Fumes+1","Well Laid Plans+1","Backflip+1","Die Die Die","Bouncing Flask+1","Master of Strategy","Catalyst+1","Crippling Poison+1","Sucker Punch+1","Leg Sweep+1"],"relics":["SlaversCollar","Tingsha","Meat on the Bone","The Specimen","The Courier","Coffee Dripper","MutagenicStrength","Sundial","Vajra","StrikeDummy","Paper Crane","OrangePellets","Empty Cage","Molten Egg 2","WarpedTongs","Toxic Egg 2","Ancient Tea Set","Potion Belt"],"acts_visited":["TheCity","TheBeyond"],"potions_floor_usage":[45,46,50,50],"damage_taken":[{"damage":0.0,"enemies":"Small Slimes","floor":1.0,"turns":3.0},{"damage":0.0,"enemies":"2 Louse","floor":2.0,"turns":3.0},{"damage":0.0,"enemies":"Jaw Worm","floor":3.0,"turns":5.0},{"damage":0.0,"enemies":"Gremlin Gang","floor":4.0,"turns":4.0},{"damage":5.0,"enemies":"Large Slime","floor":5.0,"turns":7.0},{"damage":22.0,"enemies":"Gremlin Nob","floor":6.0,"turns":5.0},{"damage":4.0,"enemies":"3 Louse","floor":8.0,"turns":3.0},{"damage":3.0,"enemies":"3 Sentries","floor":10.0,"turns":7.0},{"damage":25.0,"enemies":"Lagavulin","floor":13.0,"turns":6.0},{"damage":0.0,"enemies":"Blue Slaver","floor":14.0,"turns":3.0},{"damage":8.0,"enemies":"Hexaghost","floor":16.0,"turns":8.0},{"damage":22.0,"enemies":"Spheric Guardian","floor":18.0,"turns":4.0},{"damage":10.0,"enemies":"Shell Parasite","floor":19.0,"turns":3.0},{"damage":20.0,"enemies":"Snake Plant","floor":20.0,"turns":6.0},{"damage":31.0,"enemies":"Book of Stabbing","floor":23.0,"turns":6.0},{"damage":2.0,"enemies":"Slavers","floor":25.0,"turns":5.0},{"damage":8.0,"enemies":"Centurion and Healer","floor":29.0,"turns":4.0},{"damage":0.0,"enemies":"Snecko","floor":31.0,"turns":4.0},{"damage":34.0,"enemies":"Collector","floor":33.0,"turns":8.0},{"damage":7,"enemies":"Orb Walker","floor":35,"turns":4},{"damage":18,"enemies":"3 Darklings","floor":37,"turns":3},{"damage":6,"enemies":"Sphere and 2 Shapes","floor":39,"turns":4},{"damage":0,"enemies":"Giant Head","floor":41,"turns":4},{"damage":0,"enemies":"Maw","floor":45,"turns":5},{"damage":0,"enemies":"Reptomancer","floor":46,"turns":2},{"damage":4,"enemies":"4 Shapes","floor":47,"turns":4},{"damage":8,"enemies":"Donu and Deca","floor":50,"turns":7}],"seed_played":"3938793255334479723","potions_obtained":[{"floor":1.0,"key":"Fire Potion"},{"floor":6.0,"key":"Ancient Potion"},{"floor":8.0,"key":"BlessingOfTheForge"},{"floor":10.0,"key":"DuplicationPotion"},{"floor":13.0,"key":"ColorlessPotion"},{"floor":14.0,"key":"Strength Potion"},{"floor":18.0,"key":"FearPotion"},{"floor":22.0,"key":"EntropicBrew"},{"floor":22.0,"key":"SpeedPotion"},{"floor":22.0,"key":"SkillPotion"},{"floor":25.0,"key":"DuplicationPotion"},{"floor":31.0,"key":"BlessingOfTheForge"},{"floor":33.0,"key":"Regen Potion"},{"floor":37,"key":"SkillPotion"},{"floor":41,"key":"Poison Potion"},{"floor":45,"key":"Dexterity Potion"}],"is_trial":false,"path_per_floor":["M","M","M","M","M","E","?","M","T","E","R","?","E","M","R","B",null,"M","M","M","?","?","E","R","E","T","$","R","M","?","M","R","B",null,"M","?","M","$","M","R","E","?","T","$","M","E","M","?","R","B",null],"character_chosen":"THE_SILENT","items_purchased":["Paper Crane","OrangePellets","Sucker Punch+1","Ancient Tea Set"],"campfire_rested":0,"item_purchase_floors":[27,27,44,44],"current_hp_per_floor":[63,63,63,63,58,36,36,32,32,41,41,34,21,33,33,37,62,40,42,34,34,34,15,15,39,39,39,39,43,66,66,66,44,64,57,57,39,39,45,45,45,45,45,45,45,45,41,80,80,80],"gold":58,"neow_bonus":"BOSS_RELIC","is_daily":false,"chose_seed":false,"campfire_upgraded":7,"win_rate":0.0,"timestamp":1613356427,"path_taken":["M","M","M","M","M","E","?","M","T","E","R","?","E","M","R","BOSS","M","M","M","?","?","E","R","E","T","$","R","?","?","M","R","BOSS","M","?","M","$","M","R","E","?","T","$","M","E","?","?","R","BOSS"],"items_purchased_type":["Relic","Relic","Card","Relic"],"build_version":"2020-12-22","purchased_purges":3,"victory":true,"max_hp_per_floor":[70,70,70,70,70,70,70,70,70,70,70,70,70,70,70,70,70,70,70,70,70,70,70,70,70,70,70,70,70,70,70,70,70,70,70,70,70,70,70,70,70,70,70,70,70,70,70,80,80,80],"card_choices":[{"not_picked":["Riddle With Holes","Distraction"],"picked":"Dagger Throw","floor":1.0},{"not_picked":["Reflex","Finisher"],"picked":"Noxious Fumes","floor":2.0},{"not_picked":["Deflect","Setup"],"picked":"Dagger Spray","floor":3.0},{"not_picked":["Skewer","Heel Hook"],"picked":"Deadly Poison","floor":4.0},{"not_picked":["Dodge and Roll","Infinite Blades"],"picked":"Dash","floor":5.0},{"not_picked":["Prepared","Bane"],"picked":"Adrenaline","floor":6.0},{"not_picked":["Bouncing Flask","Backflip"],"picked":"Burst","floor":8.0},{"not_picked":["Slice","Concentrate","Underhanded Strike"],"picked":"SKIP","floor":10.0},{"not_picked":["Underhanded Strike","Flying Knee","Prepared"],"picked":"SKIP","floor":13.0},{"not_picked":["Flechettes","Deflect","Slice"],"picked":"SKIP","floor":14.0},{"not_picked":["Doppelganger","Phantasmal Killer"],"picked":"Unload","floor":16.0},{"not_picked":["Deadly Poison","Heel Hook"],"picked":"PiercingWail+1","floor":18.0},{"not_picked":["Tactician","Deadly Poison+1"],"picked":"Noxious Fumes","floor":19.0},{"not_picked":["Masterful Stab","Choke","Riddle With Holes+1"],"picked":"SKIP","floor":20.0},{"not_picked":["Sucker Punch+1","PiercingWail"],"picked":"Well Laid Plans","floor":23.0},{"not_picked":["Bane","Poisoned Stab+1","Doppelganger"],"picked":"SKIP","floor":25.0},{"not_picked":["Blur","Prepared","Flechettes+1"],"picked":"SKIP","floor":29.0},{"not_picked":["Slice","Dagger Throw+1"],"picked":"Backflip","floor":31.0},{"not_picked":["Burst","A Thousand Cuts"],"picked":"Die Die Die","floor":33.0},{"not_picked":["Prepared+1","Crippling Poison"],"picked":"Bouncing Flask+1","floor":35},{"not_picked":["Dramatic Entrance","Purity"],"picked":"Master of Strategy","floor":36},{"not_picked":["Dagger Throw","Slice+1"],"picked":"Catalyst+1","floor":37},{"not_picked":["Riddle With Holes","Noxious Fumes"],"picked":"Crippling Poison+1","floor":39},{"not_picked":["Glass Knife+1","Blur+1","Bane+1"],"picked":"SKIP","floor":41},{"not_picked":["Reflex+1","Outmaneuver+1","Deadly Poison+1"],"picked":"SKIP","floor":45},{"not_picked":["Reflex+1","Outmaneuver+1","Deadly Poison+1"],"picked":"SKIP","floor":45},{"not_picked":["Underhanded Strike+1","Well Laid Plans"],"picked":"Leg Sweep+1","floor":46},{"not_picked":["Backstab+1","Reflex+1","Outmaneuver+1"],"picked":"SKIP","floor":47}],"player_experience":908767,"relics_obtained":[{"floor":6.0,"key":"Tingsha"},{"floor":9.0,"key":"Meat on the Bone"},{"floor":10.0,"key":"The Specimen"},{"floor":13.0,"key":"The Courier"},{"floor":23.0,"key":"Sundial"},{"floor":25.0,"key":"Vajra"},{"floor":26.0,"key":"StrikeDummy"},{"floor":41,"key":"Molten Egg 2"},{"floor":43,"key":"Toxic Egg 2"},{"floor":46,"key":"Potion Belt"}],"event_choices":[{"damage_healed":0.0,"max_hp_gain":0.0,"max_hp_loss":0.0,"gold_gain":0.0,"event_name":"Living Wall","player_choice":"Grow","floor":7.0,"gold_loss":0.0,"damage_taken":0.0,"cards_upgraded":["Adrenaline"]},{"cards_removed":["Strike_G"],"damage_healed":0.0,"max_hp_gain":0.0,"max_hp_loss":0.0,"gold_gain":0.0,"event_name":"Golden Wing","player_choice":"Card Removal","floor":12.0,"gold_loss":0.0,"damage_taken":7.0},{"damage_healed":0.0,"max_hp_gain":0.0,"max_hp_loss":0.0,"gold_gain":0.0,"event_name":"Drug Dealer","player_choice":"Inject Mutagens","floor":21.0,"gold_loss":0.0,"damage_taken":0.0,"relics_obtained":["MutagenicStrength"]},{"damage_healed":0.0,"max_hp_gain":0.0,"max_hp_loss":0.0,"gold_gain":0.0,"event_name":"The Woman in Blue","player_choice":"Bought 3 Potions","floor":22.0,"gold_loss":0.0,"damage_taken":0.0},{"damage_healed":23.0,"max_hp_gain":0.0,"max_hp_loss":0.0,"gold_gain":0.0,"event_name":"The Library","player_choice":"Heal","floor":30.0,"gold_loss":0.0,"damage_taken":0.0},{"damage_healed":0,"gold_gain":0,"player_choice":"Memory 1","damage_taken":0,"max_hp_gain":0,"max_hp_loss":0,"event_name":"SensoryStone","floor":36,"gold_loss":0},{"damage_healed":0,"gold_gain":0,"player_choice":"Rummage","damage_taken":0,"relics_obtained":["WarpedTongs"],"max_hp_gain":0,"max_hp_loss":0,"event_name":"Accursed Blacksmith","floor":42,"gold_loss":0,"cards_obtained":["Pain"]},{"cards_removed":["Unload"],"damage_healed":29,"gold_gain":0,"player_choice":"Offered Rare","damage_taken":0,"max_hp_gain":10,"max_hp_loss":0,"event_name":"Bonfire Elementals","floor":48,"gold_loss":0}],"is_beta":false,"boss_relics":[{"not_picked":["HoveringKite","Tiny House"],"picked":"Coffee Dripper"},{"not_picked":["Velvet Choker","Snecko Eye"],"picked":"Empty Cage"}],"items_purged_floors":[27,38,44],"is_endless":false,"potions_floor_spawned":[1,6,8,10,13,14,18,25,31,33,37,41,45],"ascension_level":9}}