{"host":"uv5ws9rdk87e8i5k","time":1613366557,"event":{"mods":["AchievementEnabler","BaseMod","Colored Map","Minty Spire (QoL Compilation)","Permanent Neow","Quick Restart","StSLib","SuperFastMode","The Necromancer"],"gold_per_floor":[116,127,143,218,231,261,261,288,288,288,301,3,21,39,39,138,138,138],"floor_reached":17,"language":"ENG","playtime":474,"items_purged":[],"score":194,"play_id":"50752e37-faf1-41c6-89e0-9136a14432b2","local_time":"20210214232237","is_ascension_mode":false,"campfire_choices":[{"floor":10,"key":"REST"},{"data":"ThirdEye","floor":15,"key":"SMITH"}],"circlet_count":0,"master_deck":["Strike_P+1","Strike_P","Strike_P","Defend_P+1","Defend_P+1","Defend_P+1","Eruption","Vigilance","Establishment","BowlingBash","CrushJoints","FollowUp","Swivel","LessonLearned","FlyingSleeves","EmptyFist","ThirdEye+1","Wallop","ReachHeaven","Blasphemy"],"relics":["PureWater","Bottled Flame","MealTicket","Smiling Mask","Meat on the Bone","Empty Cage"],"acts_visited":["Exordium","TheCity"],"potions_floor_usage":[8,16,16,16],"damage_taken":[{"damage":0.0,"enemies":"Small Slimes","floor":1.0,"turns":3.0},{"damage":0.0,"enemies":"Cultist","floor":2.0,"turns":3.0},{"damage":1.0,"enemies":"Jaw Worm","floor":3.0,"turns":2.0},{"damage":0.0,"enemies":"Exordium Thugs","floor":5.0,"turns":3.0},{"damage":0.0,"enemies":"Gremlin Nob","floor":6.0,"turns":2.0},{"damage":47,"enemies":"Lagavulin","floor":8,"turns":8},{"damage":0,"enemies":"Large Slime","floor":11,"turns":4},{"damage":0,"enemies":"Looter","floor":13,"turns":2},{"damage":11,"enemies":"Blue Slaver","floor":14,"turns":7},{"damage":11,"enemies":"The Guardian","floor":16,"turns":8}],"seed_played":"-3477857323873276073","potions_obtained":[{"floor":1.0,"key":"Block Potion"},{"floor":5.0,"key":"DistilledChaos"},{"floor":11,"key":"LiquidBronze"},{"floor":13,"key":"Strength Potion"},{"floor":14,"key":"Dexterity Potion"}],"is_trial":false,"path_per_floor":["M","M","M","?","M","E","?","E","T","R","M","$","M","M","R","B",null],"character_chosen":"WATCHER","items_purchased":["Wallop","Meat on the Bone"],"campfire_rested":1,"item_purchase_floors":[12,12],"current_hp_per_floor":[72,72,71,60,60,60,60,13,13,34,34,49,49,38,38,39,72,72],"gold":138,"neow_bonus":"ONE_RANDOM_RARE_CARD","is_daily":false,"chose_seed":false,"campfire_upgraded":1,"win_rate":0.0,"timestamp":1613366557,"path_taken":["M","M","M","?","M","E","?","E","T","R","M","$","?","M","R","BOSS"],"items_purchased_type":["Card","Relic"],"build_version":"2020-12-22","purchased_purges":0,"victory":false,"max_hp_per_floor":[72,72,72,72,72,72,72,72,72,72,72,72,72,72,72,72,72,72],"card_choices":[{"not_picked":["TalkToTheHand","PathToVictory"],"picked":"BowlingBash","floor":1.0},{"not_picked":["Weave","Pray"],"picked":"CrushJoints","floor":2.0},{"not_picked":["Consecrate","Wallop"],"picked":"FollowUp","floor":3.0},{"not_picked":["Indignation","CutThroughFate"],"picked":"Swivel","floor":5.0},{"not_picked":["PathToVictory","EmptyBody","Weave"],"picked":"SKIP","floor":6.0},{"not_picked":["Meditate","Evaluate"],"picked":"EmptyFist","floor":8},{"not_picked":["FlurryOfBlows","Meditate"],"picked":"ThirdEye","floor":11},{"not_picked":["Halt","EmptyFist","PathToVictory"],"picked":"SKIP","floor":13},{"not_picked":["MentalFortress","PathToVictory"],"picked":"ReachHeaven","floor":14},{"not_picked":["MasterReality","Establishment"],"picked":"Blasphemy","floor":16}],"player_experience":186098,"relics_obtained":[{"floor":6.0,"key":"Bottled Flame"},{"floor":8,"key":"MealTicket"},{"floor":9,"key":"Smiling Mask"}],"event_choices":[{"damage_healed":0.0,"max_hp_gain":0.0,"max_hp_loss":0.0,"gold_gain":75.0,"event_name":"World of Goop","player_choice":"Gather Gold","floor":4.0,"gold_loss":0.0,"damage_taken":11.0},{"damage_healed":0,"gold_gain":0,"player_choice":"2 cards matched","damage_taken":0,"max_hp_gain":0,"max_hp_loss":0,"event_name":"Match and Keep!","floor":7,"gold_loss":0,"cards_obtained":["LessonLearned","FlyingSleeves"]}],"is_beta":false,"boss_relics":[{"not_picked":["Busted Crown","Black Star"],"picked":"Empty Cage"}],"items_purged_floors":[],"is_endless":false,"potions_floor_spawned":[1,5,11,13,14],"ascension_level":0}}