{"host":"nhhqxetgwwd7qseb","time":1613397899,"event":{"mods":["Act Like it!","BaseMod","Chen","Dota2Spire","Gensokyo","Hallownest","Hermit","Koishi","LagranYue(¿≠∏Ò¿ °§‘¬)","Marisa£®ÏF”Í°°ƒß¿Ì…≥£©","Minty Spire (QoL Compilation)","Quick Restart","Reimu£®≤©¿ˆ¡È√Œ£©","Remilia£®¿Ÿ√◊¿Ú—«£©","Replay The Spire","StSLib","The Alterego","The Bug Knight","The Senshi","The Servant 0.9.4","UnlockEverythingMod","WarShipGirlsR/’ΩΩ¢…Ÿ≈ÆR mod","Warlord Emblem","Yakumo Yukari mod","Youmu£®ªÍ∆«—˝√Œ£©","°æπ¶ƒ‹Mod°øªÏ„Á÷Æª∑–ﬁ∏¥≤π∂°"],"gold_per_floor":[118,78,89,102,102,122,122,142,169,188,188,198,233,252,252,252,252],"floor_reached":16,"language":"ZHS","playtime":2256,"items_purged":[],"score":106,"play_id":"4a5bbef7-8346-49bd-8384-5aac468bd8b5","local_time":"20210215220459","is_ascension_mode":false,"campfire_choices":[{"data":"Chen:Barrier","floor":7,"key":"SMITH"},{"floor":15,"key":"REST"}],"circlet_count":0,"master_deck":["Chen:Strike","Chen:Strike","Chen:Strike","Chen:Strike","Chen:Strike","Chen:Defend","Chen:Defend","Chen:Defend","Chen:Defend","Chen:PounceTurnTail","Chen:GlitterPoke","Chen:StudySharpen","Chen:Scratch+1","Chen:RecklessLeap","Chen:Barrier+1","Chen:Sneak","Chen:TauntHiss","Chen:ResistTemptation","Chen:Sweep","Chen:Tear"],"relics":["Chen:Catnip","NeowsBlessing","PaintedHorse:ReiMu","Dota2Spire:MaskOfMadness","Dota2Spire:ArmletOfMordiggian"],"acts_visited":["Exordium"],"potions_floor_usage":[16,16],"damage_taken":[{"damage":0,"enemies":"Small Slimes","floor":1,"turns":2},{"damage":0,"enemies":"Cultist","floor":3,"turns":1},{"damage":0,"enemies":"2 Louse","floor":4,"turns":1},{"damage":6,"enemies":"Large Slime","floor":6,"turns":6},{"damage":12,"enemies":"Exordium Thugs","floor":8,"turns":5},{"damage":3,"enemies":"Looter","floor":10,"turns":2},{"damage":0,"enemies":"3 Louse","floor":12,"turns":4},{"damage":22,"enemies":"Gremlin Nob","floor":13,"turns":5},{"damage":3,"enemies":"Blue Slaver","floor":14,"turns":3},{"damage":75,"enemies":"Slime Boss","floor":16,"turns":14}],"seed_played":"7423924342137819288","potions_obtained":[{"floor":6,"key":"BlessingOfTheForge"},{"floor":8,"key":"Adrenaline Potion"},{"floor":12,"key":"FairyPotion"}],"is_trial":false,"path_per_floor":["M","?","M","M","?","M","R","M","T","M","$","M","E","M","R","B"],"character_chosen":"CHEN","items_purchased":[],"campfire_rested":1,"item_purchase_floors":[],"current_hp_per_floor":[70,70,70,70,70,64,64,52,52,49,49,50,28,27,48,0,0],"gold":252,"neow_bonus":"THREE_ENEMY_KILL","is_daily":false,"chose_seed":false,"campfire_upgraded":1,"win_rate":0.0,"timestamp":1613397899,"path_taken":["M","?","M","M","?","M","R","M","T","M","$","M","E","M","R","BOSS"],"items_purchased_type":[],"build_version":"2020-12-22","purchased_purges":0,"victory":false,"max_hp_per_floor":[70,70,70,70,70,70,70,70,70,70,70,70,70,70,70,70,70],"card_choices":[{"not_picked":["Chen:Panic","Chen:PentagramFlight"],"picked":"Chen:StudySharpen","floor":1},{"not_picked":["Chen:Instinct","Chen:Shot"],"picked":"Chen:Scratch","floor":3},{"not_picked":["Chen:Sweep","Chen:Spray"],"picked":"Chen:RecklessLeap","floor":4},{"not_picked":["Chen:Shot","Chen:Nimbleness"],"picked":"Chen:Barrier","floor":6},{"not_picked":["Chen:Exploit","Chen:Panic"],"picked":"Chen:Sneak","floor":8},{"not_picked":["Chen:Barrier","Chen:EvasiveFireShift"],"picked":"Chen:TauntHiss","floor":10},{"not_picked":["Chen:Clarity","Chen:Adaptability"],"picked":"Chen:ResistTemptation","floor":12},{"not_picked":["Chen:PentagramFlight","Chen:Knockout"],"picked":"Chen:Sweep","floor":13},{"not_picked":["Chen:Barrier","Chen:MisdirectSwipe"],"picked":"Chen:Tear","floor":14}],"player_experience":44589,"relics_obtained":[{"floor":9,"key":"Dota2Spire:MaskOfMadness"},{"floor":13,"key":"Dota2Spire:ArmletOfMordiggian"}],"event_choices":[{"damage_healed":0,"gold_gain":0,"player_choice":"»˚«Æ","damage_taken":0,"relics_obtained":["PaintedHorse:ReiMu"],"max_hp_gain":0,"max_hp_loss":0,"event_name":"yidonshenshe","floor":2,"gold_loss":40},{"damage_healed":0,"gold_gain":0,"player_choice":"Upgraded","damage_taken":0,"max_hp_gain":0,"max_hp_loss":0,"event_name":"Upgrade Shrine","floor":5,"gold_loss":0,"cards_upgraded":["Chen:Scratch"]}],"is_beta":false,"boss_relics":[],"items_purged_floors":[],"is_endless":false,"potions_floor_spawned":[6,8,12,14],"killed_by":"Slime Boss","ascension_level":0}}