{"host":"eft627g0ddukeijo","time":1613398508,"event":{"mods":["AchievementEnabler","BaseMod","Bestiary","Better Note","Block Reminder","Colored Powertips","Filter the Spire","Highlight Path","Minty Spire (QoL Compilation)","Permanent Neow","Quick Restart","Rare Cards Sparkle","Relic Stats","Slay-I","StSLib","Weighted Paths"],"gold_per_floor":[113,113,113,131,131,131,157,12,35,35,35,35],"floor_reached":11,"language":"ENG","playtime":204,"items_purged":[],"score":74,"play_id":"e634dbab-7fb7-4c05-888d-f459faeccb2a","local_time":"20210215231508","is_ascension_mode":true,"campfire_choices":[{"floor":6,"key":"REST"},{"floor":10,"key":"REST"}],"circlet_count":0,"master_deck":["Strike_B","Strike_B","Strike_B","Strike_B","Defend_B+1","Defend_B","Defend_B","Defend_B","Zap+1","Dualcast","Creative AI","Cold Snap","Conserve Battery"],"relics":["Cracked Core","Singing Bowl","Odd Mushroom","Membership Card"],"acts_visited":["Exordium"],"potions_floor_usage":[7],"damage_taken":[{"damage":15,"enemies":"Cultist","floor":1,"turns":5},{"damage":12,"enemies":"Jaw Worm","floor":4,"turns":3},{"damage":24,"enemies":"The Mushroom Lair","floor":7,"turns":5},{"damage":64,"enemies":"Gremlin Nob","floor":11,"turns":5}],"seed_played":"5600601719035497252","potions_obtained":[{"floor":1,"key":"EssenceOfSteel"}],"is_trial":false,"path_per_floor":["M","?","T","M","?","R","?","$","T","R","E"],"character_chosen":"DEFECT","items_purchased":["Membership Card"],"campfire_rested":2,"item_purchase_floors":[8],"current_hp_per_floor":[53,53,53,41,27,47,23,23,23,43,0,0],"gold":35,"neow_bonus":"THREE_RARE_CARDS","is_daily":false,"chose_seed":false,"campfire_upgraded":0,"win_rate":0.0,"timestamp":1613398508,"path_taken":["M","?","?","M","?","R","?","$","T","R","E"],"items_purchased_type":["Relic"],"build_version":"2020-12-22","purchased_purges":0,"victory":false,"max_hp_per_floor":[68,68,68,68,68,68,68,68,68,68,68,68],"relic_stats":{"Singing Bowl":0,"counters":[4,18],"obtain_stats":[{"Singing Bowl":3,"Membership Card":8,"Odd Mushroom":7,"Cracked Core":0},{"Singing Bowl":1,"Membership Card":3,"Odd Mushroom":3,"Cracked Core":0},{"Singing Bowl":5,"Membership Card":13,"Odd Mushroom":13,"Cracked Core":0}]},"card_choices":[{"not_picked":["All For One","Rainbow"],"picked":"Creative AI","floor":0},{"not_picked":["Hologram","Redo","Fusion"],"picked":"SKIP","floor":1},{"not_picked":["FTL","Leap"],"picked":"Cold Snap","floor":4},{"not_picked":["FTL","Hologram"],"picked":"Conserve Battery","floor":7}],"player_experience":594349,"relics_obtained":[{"floor":3,"key":"Singing Bowl"},{"floor":7,"key":"Odd Mushroom"}],"event_choices":[{"damage_healed":0,"gold_gain":0,"player_choice":"Ignored","damage_taken":0,"max_hp_gain":0,"max_hp_loss":0,"event_name":"Liars Game","floor":2,"gold_loss":0},{"damage_healed":0,"gold_gain":0,"player_choice":"Entered Light","damage_taken":14,"max_hp_gain":0,"max_hp_loss":0,"event_name":"Shining Light","floor":5,"gold_loss":0,"cards_upgraded":["Zap","Defend_B"]},{"damage_healed":0,"gold_gain":0,"player_choice":"Fought Mushrooms","damage_taken":0,"max_hp_gain":0,"max_hp_loss":0,"event_name":"Mushrooms","floor":7,"gold_loss":0}],"is_beta":false,"boss_relics":[],"items_purged_floors":[],"is_endless":false,"potions_floor_spawned":[1],"killed_by":"Gremlin Nob","ascension_level":5}}