{"host":"x1d9cj1vze2ie4yu","time":1613364811,"event":{"mods":["Act Like it!","Aspiration","BaseMod","Better Vampires","CapriCore","Conspire","Minty Spire (QoL Compilation)","Pale of the Ancients","Permanent Neow","Relic Stats","Reliquary","Replay The Spire","Spicy Shops","StSLib","[IsaacMod]以撒尖塔","【功能Mod】聪明的最终Boss"],"gold_per_floor":[118,118,130,130,146,174,193,193,193],"floor_reached":8,"language":"ZHS","playtime":258,"items_purged":[],"score":134,"play_id":"0359edfc-18f3-41e4-bd5b-81ca2f2ea369","local_time":"20210215125331","is_ascension_mode":true,"campfire_choices":[],"circlet_count":0,"master_deck":["conspire:GhostlyStrike","conspire:GhostlyStrike","conspire:GhostlyStrike","conspire:GhostlyStrike","conspire:GhostlyStrike","conspire:GhostlyDefend","conspire:GhostlyDefend","conspire:GhostlyDefend","conspire:GhostlyDefend","Bash","Infernal Blade"],"relics":["Burning Blood","HushsDoor","Void","aspiration:Nostalgia","Ring of the Snake","NineVolt"],"acts_visited":["Exordium"],"potions_floor_usage":[8],"damage_taken":[{"damage":13.0,"enemies":"Jaw Worm","floor":1.0,"turns":4.0},{"damage":12.0,"enemies":"2 Louse","floor":3.0,"turns":3.0},{"damage":6.0,"enemies":"Cultist","floor":5.0,"turns":3.0},{"damage":36,"enemies":"Gremlin Nob","floor":6,"turns":5},{"damage":6,"enemies":"Exordium Thugs","floor":7,"turns":3},{"damage":40,"enemies":"Lagavulin","floor":8,"turns":4}],"seed_played":"-6959014260255975629","potions_obtained":[{"floor":1.0,"key":"GamblersBrew"},{"floor":3.0,"key":"ElixirPotion"},{"floor":7,"key":"SteroidPotion"}],"is_trial":false,"path_per_floor":["M","?","M","?","M","E","M","E"],"character_chosen":"IRONCLAD","items_purchased":[],"campfire_rested":0,"item_purchase_floors":[],"current_hp_per_floor":[65,65,59,59,59,29,29,0,0],"gold":193,"neow_bonus":"NOSTALGIA","is_daily":false,"chose_seed":false,"campfire_upgraded":0,"win_rate":0.0,"timestamp":1613364811,"path_taken":["M","?","M","?","?","E","M","E"],"items_purchased_type":[],"build_version":"2020-12-22","purchased_purges":0,"victory":false,"max_hp_per_floor":[80,80,80,80,80,80,80,80,80],"relic_stats":{"counters":[6,22],"obtain_stats":[{"KeepersGift":0,"NineVolt":6,"aspiration:Nostalgia":0,"Void":0,"HushsDoor":0,"Burning Blood":0,"Ring of the Snake":0},{"KeepersGift":0,"NineVolt":4,"aspiration:Nostalgia":0,"Void":0,"HushsDoor":0,"Burning Blood":0,"Ring of the Snake":0},{"KeepersGift":0,"NineVolt":15,"aspiration:Nostalgia":0,"Void":0,"HushsDoor":0,"Burning Blood":0,"Ring of the Snake":0}],"Burning Blood":30,"Ring of the Snake":[12]},"card_choices":[{"not_picked":[],"picked":"ChaosCard","floor":0.0},{"not_picked":["Iron Wave","True Grit","Disarm"],"picked":"SKIP","floor":1.0},{"not_picked":["Bloodletting","Replay:Many Hands"],"picked":"Bomb","floor":3.0},{"not_picked":["ReplayTheSpireMod:Strike From Hell","Entrench","Warcry"],"picked":"SKIP","floor":5.0},{"not_picked":["Body Slam","Twin Strike"],"picked":"Infernal Blade","floor":6},{"not_picked":["True Grit","Replay:Undeath\u0027s Touch","Sword Boomerang"],"picked":"SKIP","floor":7}],"player_experience":82511,"relics_obtained":[{"floor":6,"key":"NineVolt"}],"event_choices":[{"damage_healed":0.0,"max_hp_gain":0.0,"max_hp_loss":0.0,"gold_gain":0.0,"event_name":"conspire:LoneGhost","player_choice":"Agree","floor":2.0,"gold_loss":0.0,"damage_taken":0.0},{"damage_healed":0.0,"max_hp_gain":0.0,"max_hp_loss":0.0,"gold_gain":0.0,"event_name":"conspire:Investor","player_choice":"Leave","floor":4.0,"gold_loss":0.0,"damage_taken":0.0}],"is_beta":false,"boss_relics":[],"items_purged_floors":[],"is_endless":false,"potions_floor_spawned":[1,3,7],"killed_by":"Lagavulin","ascension_level":9}}