{"host":"a6ztjasp7lxlo10n","time":1613399815,"event":{"mods":["Act Like it!","BaseMod","Colored Map","Marisa£®ÏF”Í°°ƒß¿Ì…≥£©","Minty Spire (QoL Compilation)","Quick Restart","StSLib","SuperFastMode"],"gold_per_floor":[212,212,228,243,258,291,328,348,371,382,408,408,433,449,449,548,548,568,582,598,623,643,643,643,643],"floor_reached":24,"language":"ZHS","playtime":1499,"items_purged":[],"score":302,"play_id":"b0d4958b-6c4d-4d74-8f54-e08e3de0a98d","local_time":"20210215223655","is_ascension_mode":true,"campfire_choices":[{"data":"Body Slam","floor":12.0,"key":"SMITH"},{"data":"True Grit","floor":15.0,"key":"SMITH"},{"floor":23.0,"key":"REST"}],"circlet_count":0,"master_deck":["Strike_R","Strike_R","Strike_R","Strike_R","Strike_R","Defend_R","Defend_R","Defend_R","Defend_R","Bash","Metallicize","Body Slam+1","Pommel Strike","Power Through","Second Wind","Bloodletting","True Grit+1","Impervious","Combust","Brutality","Juggernaut","Sentinel","Warcry"],"relics":["Burning Blood","Thread and Needle","Ginger","Happy Flower","MealTicket","Mark of Pain","Red Mask"],"acts_visited":["Exordium","TheCity"],"potions_floor_usage":[],"damage_taken":[{"damage":6.0,"enemies":"Cultist","floor":1.0,"turns":3.0},{"damage":0.0,"enemies":"Small Slimes","floor":3.0,"turns":3.0},{"damage":5.0,"enemies":"Jaw Worm","floor":4.0,"turns":4.0},{"damage":7.0,"enemies":"Looter","floor":5.0,"turns":5.0},{"damage":12.0,"enemies":"3 Sentries","floor":6.0,"turns":12.0},{"damage":2.0,"enemies":"Exordium Thugs","floor":7.0,"turns":5.0},{"damage":3.0,"enemies":"Large Slime","floor":8.0,"turns":6.0},{"damage":0.0,"enemies":"Lots of Slimes","floor":10.0,"turns":1.0},{"damage":14.0,"enemies":"Gremlin Nob","floor":11.0,"turns":4.0},{"damage":19.0,"enemies":"Lagavulin","floor":13.0,"turns":8.0},{"damage":3.0,"enemies":"Red Slaver","floor":14.0,"turns":4.0},{"damage":40.0,"enemies":"Slime Boss","floor":16.0,"turns":10.0},{"damage":4.0,"enemies":"Spheric Guardian","floor":18.0,"turns":3.0},{"damage":6.0,"enemies":"Shell Parasite","floor":19.0,"turns":5.0},{"damage":36.0,"enemies":"3 Cultists","floor":20.0,"turns":6.0},{"damage":34.0,"enemies":"Masked Bandits","floor":21.0,"turns":5.0},{"damage":14.0,"enemies":"Cultist and Chosen","floor":22.0,"turns":7.0},{"damage":40,"enemies":"Gremlin Leader","floor":24,"turns":7}],"seed_played":"-1183591545659761820","potions_obtained":[{"floor":5.0,"key":"Strength Potion"},{"floor":6.0,"key":"ColorlessPotion"},{"floor":7.0,"key":"AttackPotion"},{"floor":8.0,"key":"LiquidMemories"},{"floor":11.0,"key":"Fruit Juice"},{"floor":13.0,"key":"PowerPotion"},{"floor":19.0,"key":"ColorlessPotion"}],"is_trial":false,"path_per_floor":["M","T","M","M","M","E","M","M","T","M","E","R","E","M","R","B",null,"M","M","M","?","M","R","E"],"character_chosen":"IRONCLAD","items_purchased":[],"campfire_rested":1,"item_purchase_floors":[],"current_hp_per_floor":[72,72,78,79,78,72,76,79,79,80,72,72,59,62,62,33,72,74,74,44,16,8,33,0,0],"gold":643,"neow_bonus":"HUNDRED_GOLD","is_daily":false,"chose_seed":false,"campfire_upgraded":2,"win_rate":0.0,"timestamp":1613399815,"path_taken":["M","?","M","M","M","E","M","M","T","M","E","R","E","M","R","BOSS","M","?","M","?","M","R","E"],"items_purchased_type":[],"build_version":"2020-12-22","purchased_purges":0,"victory":false,"max_hp_per_floor":[80,80,80,80,80,80,80,80,80,80,80,80,80,80,80,85,85,85,85,85,85,85,85,85,85],"card_choices":[{"not_picked":["Wild Strike","Anger"],"picked":"Metallicize","floor":1.0},{"not_picked":["Bloodletting","Armaments"],"picked":"Body Slam","floor":3.0},{"not_picked":["Clothesline","Headbutt","Havoc"],"picked":"SKIP","floor":4.0},{"not_picked":["Uppercut","Perfected Strike"],"picked":"Pommel Strike","floor":5.0},{"not_picked":["Body Slam","Armaments"],"picked":"Power Through","floor":6.0},{"not_picked":["Shrug It Off","Iron Wave"],"picked":"Second Wind","floor":7.0},{"not_picked":["Exhume","Anger"],"picked":"Bloodletting","floor":8.0},{"not_picked":["Body Slam","Heavy Blade"],"picked":"True Grit","floor":10.0},{"not_picked":["Hemokinesis","Wild Strike"],"picked":"Impervious","floor":11.0},{"not_picked":["Clash","Headbutt"],"picked":"Combust","floor":13.0},{"not_picked":["Perfected Strike","Thunderclap"],"picked":"Brutality","floor":14.0},{"not_picked":["Immolate","Berserk"],"picked":"Juggernaut","floor":16.0},{"not_picked":["Disarm","Iron Wave","Second Wind"],"picked":"SKIP","floor":18.0},{"not_picked":["Reckless Charge","Armaments","Dual Wield+1"],"picked":"SKIP","floor":19.0},{"not_picked":["Clash","Rampage+1"],"picked":"Sentinel","floor":20.0},{"not_picked":["Dropkick+1","Combust"],"picked":"Warcry","floor":21.0},{"not_picked":["Clash+1","Immolate","Blood for Blood"],"picked":"SKIP","floor":22.0}],"player_experience":323103,"relics_obtained":[{"floor":2.0,"key":"Thread and Needle"},{"floor":6.0,"key":"Ginger"},{"floor":11.0,"key":"Happy Flower"},{"floor":13.0,"key":"MealTicket"},{"floor":21.0,"key":"Red Mask"}],"event_choices":[{"damage_healed":0.0,"max_hp_gain":0.0,"max_hp_loss":0.0,"gold_gain":0.0,"event_name":"Masked Bandits","player_choice":"Fought Bandits","floor":21.0,"gold_loss":0.0,"damage_taken":0.0}],"is_beta":false,"boss_relics":[{"not_picked":["Empty Cage","Busted Crown"],"picked":"Mark of Pain"}],"items_purged_floors":[],"is_endless":false,"potions_floor_spawned":[5,6,7,8,11,13,19,20],"killed_by":"Gremlin Leader","ascension_level":7}}