{"host":"c35j6tsoy7cxzn43","time":1613393245,"event":{"mods":["BaseMod","Better Third Choice","BetterRewards","Colored Map","Colored Powertips","Conspire","Highlight Path","Hubris","Infinite Spire","Minty Spire (QoL Compilation)","Quick Restart","Replay The Spire","Shop Mod","StSLib"],"gold_per_floor":[114,114,39,39,58,83,83,101,124,124,142,3,3,35,35,35,35],"floor_reached":16,"language":"ENG","playtime":440,"items_purged":["Strike_B","Strike_B"],"score":108,"play_id":"617863be-8ab9-4346-88d0-000aaf9b1b5c","local_time":"20210215134725","is_ascension_mode":false,"campfire_choices":[{"data":"Ball Lightning","floor":7,"key":"SMITH"},{"data":"Storm","floor":10,"key":"SMITH"},{"data":"FIFO Queue","floor":13,"key":"SMITH"},{"data":"Core Surge","floor":15,"key":"SMITH"}],"circlet_count":0,"master_deck":["Strike_B","Strike_B","Defend_B","Defend_B","Defend_B","Defend_B","Zap","Dualcast","Blizzard","Ball Lightning+1","Storm+1","Coolheaded","FIFO Queue+1","Self Repair","Core Surge+1"],"relics":["Cracked Core","hubris:Metronome","Boot","Tiny Chest"],"acts_visited":["Exordium"],"potions_floor_usage":[6,14,16],"damage_taken":[{"damage":5,"enemies":"2 Louse","floor":1,"turns":3},{"damage":0,"enemies":"Small Slimes","floor":5,"turns":2},{"damage":22,"enemies":"Gremlin Nob","floor":6,"turns":4},{"damage":6,"enemies":"Jaw Worm","floor":8,"turns":2},{"damage":11,"enemies":"Red Slaver","floor":11,"turns":3},{"damage":24,"enemies":"Lagavulin","floor":14,"turns":6},{"damage":28,"enemies":"Slime Boss","floor":16,"turns":3}],"seed_played":"5156290693668660597","potions_obtained":[{"floor":1,"key":"EssenceOfSteel"},{"floor":8,"key":"SteroidPotion"},{"floor":11,"key":"EssenceOfDarkness"}],"is_trial":false,"path_per_floor":["M","?","$","?","M","E","R","M","T","R","M","$","R","E","R","B"],"character_chosen":"DEFECT","items_purchased":["Self Repair"],"campfire_rested":0,"item_purchase_floors":[12],"current_hp_per_floor":[70,75,75,75,75,53,53,47,47,47,36,36,36,19,19,0,0],"gold":35,"neow_bonus":"THREE_CARDS","is_daily":false,"chose_seed":false,"campfire_upgraded":4,"win_rate":0.0,"timestamp":1613393245,"path_taken":["M","?","$","?","M","E","R","M","T","R","M","$","R","E","R","BOSS"],"items_purchased_type":["Card"],"build_version":"2020-12-22","purchased_purges":2,"victory":false,"max_hp_per_floor":[75,80,80,80,80,80,80,80,80,80,80,80,80,80,80,80,80],"card_choices":[{"not_picked":["Skim","ReplayTheSpireMod:System Scan"],"picked":"Blizzard","floor":0},{"not_picked":["Beam Cell","Gash"],"picked":"Ball Lightning","floor":1},{"not_picked":["Hello World","Recycle"],"picked":"Storm","floor":5},{"not_picked":["Doom and Gloom","ReplayTheSpireMod:Repulse"],"picked":"Coolheaded","floor":6},{"not_picked":["Aggregate","Sweeping Beam","Leap"],"picked":"SKIP","floor":8},{"not_picked":["Skim","Multi-Cast"],"picked":"FIFO Queue","floor":11},{"not_picked":["Compile Driver","Beam Cell"],"picked":"Core Surge","floor":14}],"player_experience":475982,"relics_obtained":[{"floor":6,"key":"hubris:Metronome"},{"floor":9,"key":"Boot"},{"floor":14,"key":"Tiny Chest"}],"event_choices":[{"damage_healed":0,"gold_gain":0,"player_choice":"Donut","damage_taken":0,"max_hp_gain":5,"max_hp_loss":0,"event_name":"Big Fish","floor":2,"gold_loss":0},{"damage_healed":0,"gold_gain":0,"player_choice":"Disagree","damage_taken":0,"max_hp_gain":0,"max_hp_loss":0,"event_name":"conspire:LoneGhost","floor":4,"gold_loss":0}],"is_beta":false,"boss_relics":[],"items_purged_floors":[3,12],"is_endless":false,"potions_floor_spawned":[1,8,11],"killed_by":"Slime Boss","ascension_level":0}}