{"host":"pke0xxyzw0teju56","time":1613430134,"event":{"mods":["BaseMod","Bestiary","Colored Powertips","Highlight Path","Minty Spire (QoL Compilation)","Relic Stats","Slay the Relics Exporter","StSLib"],"gold_per_floor":[119,119,24,39,314,314,340,340,340,357,357,388,404,36,36,108,408,420,420,435,435,452,452,467,467,467,467,467,27,41,51,51,51,51],"floor_reached":33,"language":"ENG","playtime":810,"items_purged":["Regret"],"score":560,"play_id":"077d8e5e-bcc7-4a15-8387-da15ccb6bbe8","local_time":"20210215180214","is_ascension_mode":true,"campfire_choices":[{"data":"Blade Dance","floor":6,"key":"SMITH"},{"data":"Dagger Spray","floor":8,"key":"SMITH"},{"data":"Accuracy","floor":11,"key":"SMITH"},{"data":"Catalyst","floor":15,"key":"SMITH"},{"floor":23,"key":"REST"},{"floor":25,"key":"REST"},{"data":"Crippling Poison","floor":27,"key":"SMITH"},{"data":"Burst","floor":32,"key":"SMITH"}],"circlet_count":0,"master_deck":["AscendersBane","Strike_G","Strike_G","Strike_G","Strike_G","Defend_G","Defend_G","Defend_G","Defend_G","Defend_G","Survivor","Neutralize","Terror+1","Accuracy+1","Blade Dance+1","Escape Plan","Dagger Spray+1","Crippling Poison+1","Catalyst+1","Noxious Fumes","Crippling Poison","Burst+1","Leg Sweep","PiercingWail","Blur","Corpse Explosion","Ghostly","Ghostly","Ghostly"],"relics":["Ring of the Snake","NeowsBlessing","Regal Pillow","Darkstone Periapt","Omamori","Frozen Eye","Calling Bell","Strawberry","Shuriken","Old Coin","Membership Card","Singing Bowl","Pantograph"],"acts_visited":["Exordium","TheCity"],"potions_floor_usage":[12,16,16,22,33],"damage_taken":[{"damage":0.0,"enemies":"Cultist","floor":1.0,"turns":1.0},{"damage":0,"enemies":"Small Slimes","floor":4,"turns":1},{"damage":0,"enemies":"Lagavulin","floor":7,"turns":1},{"damage":0,"enemies":"Jaw Worm","floor":10,"turns":3},{"damage":14,"enemies":"Gremlin Nob","floor":12,"turns":3},{"damage":9,"enemies":"Large Slime","floor":13,"turns":4},{"damage":9,"enemies":"The Guardian","floor":16,"turns":7},{"damage":15,"enemies":"Shell Parasite","floor":18,"turns":3},{"damage":1,"enemies":"Chosen","floor":20,"turns":3},{"damage":20,"enemies":"Snake Plant","floor":22,"turns":5},{"damage":54,"enemies":"Shelled Parasite and Fungi","floor":24,"turns":8},{"damage":12,"enemies":"Chosen and Byrds","floor":30,"turns":5},{"damage":1,"enemies":"Snecko","floor":31,"turns":3},{"damage":47,"enemies":"Automaton","floor":33,"turns":8}],"seed_played":"-1235526966012880435","potions_obtained":[{"floor":1.0,"key":"Explosive Potion"},{"floor":12,"key":"Poison Potion"},{"floor":13,"key":"SkillPotion"},{"floor":18,"key":"EssenceOfSteel"},{"floor":20,"key":"SteroidPotion"},{"floor":22,"key":"SteroidPotion"}],"is_trial":false,"path_per_floor":["M","?","$","M","?","R","E","R","T","M","R","E","M","$","R","B",null,"M","?","M","?","M","R","M","R","T","R","?","$","M","M","R","B"],"character_chosen":"THE_SILENT","items_purchased":["Accuracy","Blade Dance","Noxious Fumes","Crippling Poison","Frozen Eye","Membership Card","Singing Bowl","Pantograph"],"campfire_rested":2,"item_purchase_floors":[3,3,14,14,14,29,29,29],"current_hp_per_floor":[59,59,59,59,59,59,59,59,59,59,59,45,36,36,36,27,63,48,48,47,41,21,57,3,39,39,39,36,36,26,27,27,0,0],"gold":51,"neow_bonus":"THREE_ENEMY_KILL","is_daily":false,"chose_seed":false,"campfire_upgraded":6,"win_rate":0.0,"timestamp":1613430134,"path_taken":["M","?","$","?","?","R","E","R","T","M","R","E","M","$","R","BOSS","M","?","?","?","?","R","M","R","T","R","?","$","M","M","R","BOSS"],"items_purchased_type":["Card","Card","Card","Card","Relic","Relic","Relic","Relic"],"build_version":"2020-12-22","purchased_purges":1,"victory":false,"max_hp_per_floor":[66,66,66,66,66,66,66,66,66,66,66,66,66,66,66,66,73,73,73,73,73,73,73,73,73,73,73,36,36,38,40,40,40,40],"relic_stats":{"Darkstone Periapt":0,"Regal Pillow":30,"Singing Bowl":4,"counters":[14,55],"Shuriken":[9],"Pantograph":13,"obtain_stats":[{"Darkstone Periapt":9,"Regal Pillow":7,"NeowsBlessing":0,"Singing Bowl":29,"Omamori":12,"Old Coin":17,"Calling Bell":17,"Frozen Eye":14,"Shuriken":17,"Strawberry":17,"Pantograph":29,"Membership Card":29,"Ring of the Snake":0},{"Darkstone Periapt":3,"Regal Pillow":3,"NeowsBlessing":0,"Singing Bowl":11,"Omamori":5,"Old Coin":7,"Calling Bell":7,"Frozen Eye":6,"Shuriken":7,"Strawberry":7,"Pantograph":11,"Membership Card":11,"Ring of the Snake":0},{"Darkstone Periapt":3,"Regal Pillow":3,"NeowsBlessing":0,"Singing Bowl":39,"Omamori":9,"Old Coin":20,"Calling Bell":20,"Frozen Eye":13,"Shuriken":20,"Strawberry":20,"Pantograph":39,"Membership Card":39,"Ring of the Snake":0}],"Ring of the Snake":[28]},"card_choices":[{"not_picked":["Reflex","Deflect"],"picked":"Terror","floor":1.0},{"not_picked":["Endless Agony","Flying Knee"],"picked":"Escape Plan","floor":4},{"not_picked":["Backflip","Masterful Stab"],"picked":"Dagger Spray","floor":7},{"not_picked":["Terror","Caltrops","Reflex"],"picked":"SKIP","floor":10},{"not_picked":["Distraction","Caltrops"],"picked":"Crippling Poison","floor":12},{"not_picked":["Deflect","Backflip"],"picked":"Catalyst","floor":13},{"not_picked":["Doppelganger","Unload"],"picked":"Burst","floor":16},{"not_picked":["Deadly Poison","Accuracy"],"picked":"Leg Sweep","floor":18},{"not_picked":["Flying Knee","Infinite Blades"],"picked":"PiercingWail","floor":20},{"not_picked":["Underhanded Strike","Quick Slash"],"picked":"Blur","floor":22},{"not_picked":["Dodge and Roll","Leg Sweep"],"picked":"Corpse Explosion","floor":24},{"not_picked":["Slice","Dagger Throw","Dagger Spray"],"picked":"Singing Bowl","floor":30},{"not_picked":["Backflip","Infinite Blades","Underhanded Strike"],"picked":"Singing Bowl","floor":31}],"player_experience":5342874,"relics_obtained":[{"floor":7,"key":"Regal Pillow"},{"floor":9,"key":"Darkstone Periapt"},{"floor":12,"key":"Omamori"},{"floor":17,"key":"Strawberry"},{"floor":17,"key":"Shuriken"},{"floor":17,"key":"Old Coin"}],"event_choices":[{"damage_healed":0.0,"max_hp_gain":0.0,"max_hp_loss":0.0,"gold_gain":0.0,"event_name":"Upgrade Shrine","player_choice":"Upgraded","floor":2.0,"gold_loss":0.0,"damage_taken":0.0,"cards_upgraded":["Terror"]},{"damage_healed":0,"gold_gain":275,"player_choice":"Desecrate","damage_taken":0,"max_hp_gain":0,"max_hp_loss":0,"event_name":"Golden Shrine","floor":5,"gold_loss":0,"cards_obtained":["Regret"]},{"cards_removed":["Strike_G"],"damage_healed":0,"gold_gain":0,"player_choice":"Purged","damage_taken":0,"max_hp_gain":0,"max_hp_loss":0,"event_name":"Purifier","floor":19,"gold_loss":0},{"damage_healed":0,"gold_gain":0,"player_choice":"","damage_taken":6,"max_hp_gain":0,"max_hp_loss":0,"event_name":"Knowing Skull","floor":21,"potions_obtained":[],"gold_loss":0,"cards_obtained":[]},{"damage_healed":0,"gold_gain":0,"player_choice":"Became a Ghost","damage_taken":0,"max_hp_gain":0,"max_hp_loss":37,"event_name":"Ghosts","floor":28,"gold_loss":0,"cards_obtained":["Ghostly","Ghostly","Ghostly"]}],"is_beta":false,"boss_relics":[{"not_picked":["WristBlade","HoveringKite"],"picked":"Calling Bell"}],"items_purged_floors":[14],"is_endless":false,"potions_floor_spawned":[1,12,13,18,20,22],"killed_by":"Automaton","ascension_level":20}}