{"host":"8ztb9kwpjc2zof9s","time":1613350165,"event":{"mods":["BaseMod","Block Reminder","Curses Come First","Minty Spire (QoL Compilation)","Relic Stats","StSLib"],"gold_per_floor":[112,128,128,108,123,123,158,173,225,225,238,41,41,41,41,142,142,155,155,155,95,95,95],"floor_reached":22,"language":"ENG","playtime":1015,"items_purged":[],"score":282,"play_id":"e83ac363-d9e1-4ba8-a921-405c183264ca","local_time":"20210214164925","is_ascension_mode":true,"campfire_choices":[{"data":"Bullet Time","floor":6,"key":"SMITH"},{"floor":10,"key":"REST"},{"floor":15,"key":"REST"}],"circlet_count":0,"master_deck":["AscendersBane","Strike_G","Strike_G","Strike_G","Defend_G","Defend_G","Defend_G","Defend_G","Survivor","Neutralize","Prepared","Bullet Time+1","Dagger Spray","Backflip","Well Laid Plans","Backflip","Footwork","Corpse Explosion","Flechettes"],"relics":["Ring of the Snake","Ornamental Fan","Tiny Chest","OrangePellets","Anchor","Black Star","Pen Nib"],"acts_visited":["Exordium","TheCity"],"potions_floor_usage":[7,7,18,18],"damage_taken":[{"damage":0,"enemies":"Jaw Worm","floor":1,"turns":5},{"damage":2,"enemies":"2 Louse","floor":2,"turns":3},{"damage":0,"enemies":"Cultist","floor":5,"turns":4},{"damage":24,"enemies":"Gremlin Nob","floor":7,"turns":5},{"damage":8,"enemies":"Lots of Slimes","floor":8,"turns":4},{"damage":0,"enemies":"2 Fungi Beasts","floor":11,"turns":4},{"damage":50,"enemies":"The Guardian","floor":16,"turns":28},{"damage":47,"enemies":"Chosen","floor":18,"turns":12},{"damage":0,"enemies":"2 Thieves","floor":21,"turns":4},{"damage":11,"enemies":"Sentry and Sphere","floor":22,"turns":3}],"seed_played":"-3518866984791115211","potions_obtained":[{"floor":2,"key":"Fire Potion"},{"floor":4,"key":"Poison Potion"},{"floor":5,"key":"Block Potion"},{"floor":7,"key":"EssenceOfSteel"},{"floor":16,"key":"EssenceOfSteel"}],"is_trial":false,"path_per_floor":["M","M","?","?","M","R","E","M","T","R","M","$","?","?","R","B",null,"M","T","?","M","M"],"character_chosen":"THE_SILENT","items_purchased":["Footwork","OrangePellets"],"campfire_rested":2,"item_purchase_floors":[12,12],"current_hp_per_floor":[63,61,54,54,54,54,30,22,22,40,40,40,45,33,53,3,52,5,5,5,5,0,0],"gold":95,"neow_bonus":"TRANSFORM_TWO_CARDS","is_daily":false,"chose_seed":false,"campfire_upgraded":1,"win_rate":0.0,"timestamp":1613350165,"path_taken":["M","M","?","?","?","R","E","M","T","R","?","$","?","?","R","BOSS","M","?","?","M","M"],"items_purchased_type":["Card","Relic"],"build_version":"2020-12-22","purchased_purges":0,"victory":false,"max_hp_per_floor":[63,63,63,63,63,63,63,63,63,63,63,63,68,68,68,68,68,68,68,68,68,68,68],"relic_stats":{"OrangePellets":[3],"counters":[10,72],"Ornamental Fan":[64],"Tiny Chest":1,"Pen Nib":[0],"Black Star":0,"obtain_stats":[{"OrangePellets":12,"Anchor":14,"Ornamental Fan":7,"Tiny Chest":9,"Pen Nib":19,"Black Star":17,"Ring of the Snake":0},{"OrangePellets":6,"Anchor":6,"Ornamental Fan":4,"Tiny Chest":5,"Pen Nib":8,"Black Star":7,"Ring of the Snake":0},{"OrangePellets":25,"Anchor":25,"Ornamental Fan":17,"Tiny Chest":21,"Pen Nib":65,"Black Star":53,"Ring of the Snake":0}],"Ring of the Snake":[20]},"card_choices":[{"not_picked":["Deflect","Predator","Sucker Punch"],"picked":"SKIP","floor":1},{"not_picked":["Outmaneuver","Flying Knee"],"picked":"Dagger Spray","floor":2},{"not_picked":["Quick Slash","Catalyst"],"picked":"Backflip","floor":5},{"not_picked":["Underhanded Strike","Backstab"],"picked":"Well Laid Plans","floor":7},{"not_picked":["Finisher","Quick Slash","Heel Hook"],"picked":"SKIP","floor":8},{"not_picked":["Quick Slash","All Out Attack"],"picked":"Backflip","floor":11},{"not_picked":["A Thousand Cuts","Grand Finale"],"picked":"Corpse Explosion","floor":16},{"not_picked":["Sucker Punch+1","PiercingWail"],"picked":"Flechettes","floor":18},{"not_picked":["Deflect+1","Acrobatics","Dagger Spray+1"],"picked":"SKIP","floor":21}],"player_experience":339673,"relics_obtained":[{"floor":7,"key":"Ornamental Fan"},{"floor":9,"key":"Tiny Chest"},{"floor":19,"key":"Pen Nib"}],"event_choices":[{"cards_removed":["Strike_G"],"damage_healed":0,"gold_gain":0,"player_choice":"Card Removal","damage_taken":7,"max_hp_gain":0,"max_hp_loss":0,"event_name":"Golden Wing","floor":3,"gold_loss":0},{"damage_healed":0,"gold_gain":0,"player_choice":"Bought 1 Potion","damage_taken":0,"max_hp_gain":0,"max_hp_loss":0,"event_name":"The Woman in Blue","floor":4,"gold_loss":0},{"damage_healed":0,"gold_gain":0,"player_choice":"Donut","damage_taken":0,"max_hp_gain":5,"max_hp_loss":0,"event_name":"Big Fish","floor":13,"gold_loss":0},{"damage_healed":0,"gold_gain":0,"player_choice":"Success","damage_taken":12,"relics_obtained":["Anchor"],"max_hp_gain":0,"max_hp_loss":0,"event_name":"Scrap Ooze","floor":14,"gold_loss":0},{"damage_healed":0,"gold_gain":0,"player_choice":"Ignored","damage_taken":0,"max_hp_gain":0,"max_hp_loss":0,"event_name":"Cursed Tome","floor":20,"gold_loss":0}],"is_beta":false,"boss_relics":[{"not_picked":["WristBlade","Runic Dome"],"picked":"Black Star"}],"items_purged_floors":[],"is_endless":false,"potions_floor_spawned":[2,5,7,16],"killed_by":"Sentry and Sphere","ascension_level":11}}