{"host":"f9ztaq6figs4snwj","time":1613417208,"event":{"mods":["BaseMod","Bestiary","Colored Map","Colored Powertips","Curses Come First","DeckTracker","Minty Spire (QoL Compilation)","Quick Restart","StSLib"],"gold_per_floor":[109,34,44,58,68,103,103,131,154,154,171,171,206,226,226,331,331,349,380,380,380,398,398,413,11,11,25,56,156,175,175,175],"floor_reached":31,"language":"ENG","playtime":2088,"items_purged":["Normality"],"score":371,"play_id":"3f869b49-7cbf-4dbd-ac37-62ffeba5c0ef","local_time":"20210215202648","is_ascension_mode":true,"campfire_choices":[{"floor":12,"key":"REST"},{"floor":15,"key":"REST"},{"floor":23,"key":"REST"}],"circlet_count":0,"master_deck":["Zap+1","Dualcast","Apotheosis+1","Conserve Battery","Tempest","Turbo","Auto Shields","Hologram","Ball Lightning","Conserve Battery","Creative AI","Amplify","Storm","Rebound","Reboot","Multi-Cast","Conserve Battery","Rainbow","Creative AI","Double Energy","Turbo","Writhe","Double Energy","Machine Learning","Defragment","Heatsinks+1"],"relics":["Cracked Core","Pear","Toy Ornithopter","Dream Catcher","Pandora\u0027s Box","Red Mask","Gremlin Horn","Mummified Hand","Lee\u0027s Waffle","Bronze Scales","TungstenRod"],"acts_visited":["Exordium","TheCity"],"potions_floor_usage":[6,14,16,22,28,31],"damage_taken":[{"damage":2,"enemies":"Cultist","floor":1,"turns":4},{"damage":1,"enemies":"2 Louse","floor":3,"turns":3},{"damage":0,"enemies":"Small Slimes","floor":4,"turns":3},{"damage":3,"enemies":"2 Fungi Beasts","floor":5,"turns":5},{"damage":7,"enemies":"3 Sentries","floor":6,"turns":7},{"damage":4,"enemies":"Lagavulin","floor":8,"turns":8},{"damage":0,"enemies":"Large Slime","floor":11,"turns":3},{"damage":13,"enemies":"3 Sentries","floor":13,"turns":7},{"damage":30,"enemies":"Gremlin Gang","floor":14,"turns":2},{"damage":30,"enemies":"Hexaghost","floor":16,"turns":9},{"damage":14,"enemies":"Spheric Guardian","floor":18,"turns":4},{"damage":48,"enemies":"Masked Bandits","floor":19,"turns":4},{"damage":21,"enemies":"Shell Parasite","floor":22,"turns":6},{"damage":27,"enemies":"Centurion and Healer","floor":24,"turns":4},{"damage":39,"enemies":"Cultist and Chosen","floor":27,"turns":6},{"damage":18,"enemies":"Gremlin Leader","floor":28,"turns":5},{"damage":9,"enemies":"Snecko","floor":30,"turns":4},{"damage":45,"enemies":"Book of Stabbing","floor":31,"turns":4}],"seed_played":"7214631545238389662","potions_obtained":[{"floor":1,"key":"ColorlessPotion"},{"floor":3,"key":"Ancient Potion"},{"floor":6,"key":"BlessingOfTheForge"},{"floor":8,"key":"LiquidMemories"},{"floor":14,"key":"Energy Potion"},{"floor":24,"key":"DistilledChaos"},{"floor":28,"key":"Fire Potion"}],"is_trial":false,"path_per_floor":["M","$","M","M","M","E","?","E","T","?","M","R","E","M","R","B",null,"M","?","?","?","M","R","M","$","T","M","E","?","M","E"],"character_chosen":"DEFECT","items_purchased":["Mummified Hand","Lee\u0027s Waffle"],"campfire_rested":3,"item_purchase_floors":[25,25],"current_hp_per_floor":[73,73,72,72,69,72,77,73,73,55,55,82,69,44,71,46,79,65,17,17,17,1,28,1,97,97,58,45,45,36,0,0],"gold":175,"neow_bonus":"RANDOM_COLORLESS_2","is_daily":false,"chose_seed":false,"campfire_upgraded":0,"win_rate":0.0,"timestamp":1613417208,"path_taken":["M","$","M","?","M","E","?","E","T","?","M","R","E","M","R","BOSS","M","?","?","?","M","R","M","$","T","?","E","?","M","E"],"items_purchased_type":["Relic","Relic"],"build_version":"2020-12-22","purchased_purges":1,"victory":false,"max_hp_per_floor":[75,75,75,75,75,85,90,90,90,90,90,90,90,90,90,90,90,90,90,90,90,90,90,90,97,97,97,97,97,97,97,97],"card_choices":[{"not_picked":["Sadistic Nature","HandOfGreed"],"picked":"Apotheosis","floor":0},{"not_picked":["Rebound","Blizzard"],"picked":"Conserve Battery","floor":1},{"not_picked":["Self Repair","Ball Lightning"],"picked":"Tempest","floor":3},{"not_picked":["Force Field","Streamline"],"picked":"Turbo","floor":4},{"not_picked":["Cold Snap","Consume"],"picked":"Auto Shields","floor":5},{"not_picked":["Chill","Steam Power"],"picked":"Hologram","floor":6},{"not_picked":["Barrage","Go for the Eyes"],"picked":"Ball Lightning","floor":8},{"not_picked":["Lockon","Sweeping Beam"],"picked":"Conserve Battery","floor":11},{"not_picked":["Glacier","Conserve Battery"],"picked":"Creative AI","floor":13},{"not_picked":["Cold Snap","Redo","Steam"],"picked":"SKIP","floor":14},{"not_picked":["Machine Learning","All For One"],"picked":"Amplify","floor":16},{"not_picked":["Sweeping Beam","Reprogram+1","Beam Cell+1"],"picked":"SKIP","floor":18},{"not_picked":["Streamline","Ball Lightning+1"],"picked":"Turbo","floor":19},{"not_picked":["Gash","Conserve Battery","Stack"],"picked":"SKIP","floor":22},{"not_picked":["Auto Shields+1","Barrage"],"picked":"Machine Learning","floor":23},{"not_picked":["Go for the Eyes","Double Energy","Conserve Battery"],"picked":"SKIP","floor":24},{"not_picked":["Turbo+1","Beam Cell","Ball Lightning"],"picked":"SKIP","floor":27},{"not_picked":["Self Repair","Sweeping Beam+1"],"picked":"Defragment","floor":28},{"not_picked":["Rip and Tear","Go for the Eyes+1"],"picked":"Heatsinks+1","floor":30}],"player_experience":410659,"relics_obtained":[{"floor":6,"key":"Pear"},{"floor":8,"key":"Toy Ornithopter"},{"floor":13,"key":"Dream Catcher"},{"floor":19,"key":"Red Mask"},{"floor":26,"key":"Bronze Scales"},{"floor":28,"key":"TungstenRod"}],"event_choices":[{"damage_healed":0,"gold_gain":0,"player_choice":"Donut","damage_taken":0,"max_hp_gain":5,"max_hp_loss":0,"event_name":"Big Fish","floor":7,"gold_loss":0},{"damage_healed":0,"gold_gain":0,"player_choice":"Entered Light","damage_taken":18,"max_hp_gain":0,"max_hp_loss":0,"event_name":"Shining Light","floor":10,"gold_loss":0,"cards_upgraded":["Zap","Apotheosis"]},{"damage_healed":0,"gold_gain":0,"player_choice":"Fought Bandits","damage_taken":0,"max_hp_gain":0,"max_hp_loss":0,"event_name":"Masked Bandits","floor":19,"gold_loss":0},{"damage_healed":0,"gold_gain":0,"player_choice":"Opened","damage_taken":0,"relics_obtained":["Gremlin Horn"],"max_hp_gain":0,"max_hp_loss":0,"event_name":"The Mausoleum","floor":20,"gold_loss":0,"cards_obtained":["Writhe"]},{"damage_healed":0,"gold_gain":0,"player_choice":"Copied","damage_taken":0,"max_hp_gain":0,"max_hp_loss":0,"event_name":"Duplicator","floor":21,"gold_loss":0,"cards_obtained":["Double Energy"]},{"damage_healed":0,"gold_gain":100,"player_choice":"Pray","damage_taken":0,"max_hp_gain":0,"max_hp_loss":0,"event_name":"Golden Shrine","floor":29,"gold_loss":0}],"is_beta":false,"boss_relics":[{"not_picked":["Cursed Key","Velvet Choker"],"picked":"Pandora\u0027s Box"}],"items_purged_floors":[2],"is_endless":false,"potions_floor_spawned":[1,3,6,8,14,24,28],"killed_by":"Book of Stabbing","ascension_level":5}}