{"host":"n2havra2dgtcizuw","time":1613382497,"event":{"mods":["100% Spire Juice","ATMod(°¢èªMod)","Bard","BaseMod","Downfall","Marisa£¨ìFÓê¡¡Ä§ÀíÉ³£©","Minty Spire (QoL Compilation)","Permanent Neow","Reliquary","Remilia£¨ÀÙÃ×ÀòÑÇ£©","Replay The Spire","RumiaBox-Â¶Ã×æ«µÄÉñÃØºÐ×Ó","StSLib","TestMod","The Alterego","The Animator","The Servant 0.9.4","[IsaacMod]ÒÔÈö¼âËþ"],"gold_per_floor":[113,133,83,103,103,116,116,116],"floor_reached":7,"language":"ZHS","playtime":348,"items_purged":[],"score":60,"play_id":"457f6fdc-4fac-47b9-a90e-e2abbac4cb48","local_time":"20210215174817","is_ascension_mode":true,"campfire_choices":[],"circlet_count":0,"master_deck":["Strike_P","Strike_P","Strike_P","Defend_P","Defend_P","Defend_P","Defend_P","Eruption","Vigilance","AT_EssenceShift","SashWhip","SashWhip+1","Worship","FlyingSleeves","FlurryOfBlows","Ragnarok","EmptyFist","WindmillStrike"],"relics":["PureWater","testmod-TestBox","HushsDoor","AT_ATBox","testmod-Nyarlathotep","TheBible","Baka","reliquary:OuijaBoard","reliquary:OuijaBoard","testmod-Nyarlathotep"],"acts_visited":["Exordium"],"potions_floor_usage":[],"damage_taken":[{"damage":21,"enemies":"Small Slimes","floor":1,"turns":4},{"damage":24,"enemies":"2 Louse","floor":2,"turns":3},{"damage":3,"enemies":"Cultist","floor":4,"turns":3},{"damage":21,"enemies":"Exordium Thugs","floor":6,"turns":4},{"damage":13,"enemies":"Gremlin Nob","floor":7,"turns":2}],"seed_played":"8232729060182181987","potions_obtained":[{"floor":1,"key":"CultistPotion"},{"floor":2,"key":"SkillPotion"}],"is_trial":false,"path_per_floor":["M","M","$","M","?","M","E"],"character_chosen":"WATCHER","items_purchased":["FlyingSleeves"],"campfire_rested":0,"item_purchase_floors":[3],"current_hp_per_floor":[49,25,25,22,22,1,0,0],"gold":116,"neow_bonus":"RANDOM_EVENT","is_daily":false,"chose_seed":false,"campfire_upgraded":0,"win_rate":0.0,"timestamp":1613382497,"path_taken":["M","M","$","M","?","?","E"],"items_purchased_type":["Card"],"build_version":"2020-12-22","purchased_purges":0,"victory":false,"max_hp_per_floor":[77,77,77,77,77,77,77,77],"card_choices":[{"not_picked":[],"picked":"Bomb","floor":0},{"not_picked":["Evaluate","Replay:ManipulateFuture"],"picked":"SashWhip","floor":1},{"not_picked":["Wireheading","Protect"],"picked":"Worship","floor":2},{"not_picked":["AT_DivineConfetti","SignatureMove"],"picked":"FlurryOfBlows","floor":4},{"not_picked":["WaveOfTheHand","PathToVictory"],"picked":"EmptyFist","floor":6}],"player_experience":764416,"relics_obtained":[{"floor":1,"key":"Baka"},{"floor":2,"key":"reliquary:OuijaBoard"},{"floor":2,"key":"reliquary:OuijaBoard"},{"floor":4,"key":"testmod-Nyarlathotep"}],"event_choices":[{"damage_healed":0,"gold_gain":0,"player_choice":"Donut","damage_taken":0,"max_hp_gain":5,"max_hp_loss":0,"event_name":"Big Fish","floor":0,"gold_loss":0},{"damage_healed":0,"gold_gain":0,"cards_transformed":["Strike_P"],"player_choice":"Change","damage_taken":0,"max_hp_gain":0,"max_hp_loss":0,"event_name":"Living Wall","floor":5,"gold_loss":0,"cards_obtained":["Ragnarok"]}],"is_beta":false,"boss_relics":[],"items_purged_floors":[],"is_endless":false,"potions_floor_spawned":[1,2],"killed_by":"Gremlin Nob","ascension_level":8}}