{"host":"or8fr2mp0k3eluj8","time":1613403274,"event":{"mods":["AchievementEnabler","BaseMod","Colored Map","DeckTracker","Minty Spire (QoL Compilation)","SuperFastMode"],"gold_per_floor":[116,128,203,77,77,102,102,102,102,134,166,178,207,252,264,381,393,393,393,293,293,293,293],"floor_reached":22,"language":"KOR","playtime":736,"items_purged":["Defend_R","Strike_R"],"score":243,"play_id":"451bdee0-4a96-48a3-afbc-eb83b221c512","local_time":"20210216003434","is_ascension_mode":true,"campfire_choices":[{"data":"Clash","floor":7,"key":"SMITH"},{"data":"Flex","floor":12,"key":"SMITH"},{"data":"True Grit","floor":15,"key":"SMITH"}],"circlet_count":0,"master_deck":["Strike_R","Strike_R","Strike_R","Strike_R","Defend_R","Defend_R","Defend_R","Bash","Clash+1","Flex+1","True Grit+1","Clash","Rage"],"relics":["Burning Blood","NeowsBlessing","Orichalcum","Torii","MawBank","Singing Bowl","Ectoplasm"],"acts_visited":["Exordium","TheCity"],"potions_floor_usage":[16,21],"damage_taken":[{"damage":0,"enemies":"2 Louse","floor":1,"turns":1},{"damage":0,"enemies":"Cultist","floor":2,"turns":1},{"damage":0,"enemies":"3 Sentries","floor":6,"turns":2},{"damage":0,"enemies":"Small Slimes","floor":10,"turns":3},{"damage":1,"enemies":"Exordium Wildlife","floor":11,"turns":3},{"damage":2,"enemies":"Lots of Slimes","floor":13,"turns":6},{"damage":13,"enemies":"Gremlin Nob","floor":14,"turns":3},{"damage":44,"enemies":"Hexaghost","floor":16,"turns":11},{"damage":9,"enemies":"Chosen","floor":18,"turns":5},{"damage":8,"enemies":"Shell Parasite","floor":19,"turns":3},{"damage":69,"enemies":"Snecko","floor":21,"turns":8},{"damage":28,"enemies":"Cultist and Chosen","floor":22,"turns":6}],"seed_played":"-8335076121920253285","potions_obtained":[{"floor":1,"key":"FearPotion"},{"floor":6,"key":"BlessingOfTheForge"},{"floor":11,"key":"ColorlessPotion"},{"floor":16,"key":"CultistPotion"},{"floor":18,"key":"Explosive Potion"}],"is_trial":false,"path_per_floor":["M","M","?","$","?","E","R","?","T","M","M","R","M","E","R","B",null,"M","M","$","M","M"],"character_chosen":"IRONCLAD","items_purchased":["True Grit"],"campfire_rested":0,"item_purchase_floors":[4],"current_hp_per_floor":[80,80,72,72,60,66,66,66,66,72,77,77,80,75,75,39,84,83,81,81,18,0,0],"gold":293,"neow_bonus":"THREE_ENEMY_KILL","is_daily":false,"chose_seed":false,"campfire_upgraded":3,"win_rate":0.0,"timestamp":1613403274,"path_taken":["M","M","?","?","?","E","R","?","T","M","M","R","?","E","R","BOSS","M","M","$","M","M"],"items_purchased_type":["Card"],"build_version":"2020-12-22","purchased_purges":2,"victory":false,"max_hp_per_floor":[80,80,80,80,80,80,80,80,80,80,80,80,80,82,82,84,84,86,86,86,86,86,86],"card_choices":[{"not_picked":["Metallicize","Headbutt"],"picked":"Clash","floor":1},{"not_picked":["Iron Wave","Battle Trance"],"picked":"Flex","floor":2},{"not_picked":["Rupture","Feel No Pain","Shockwave"],"picked":"SKIP","floor":6},{"not_picked":["Infernal Blade","Shrug It Off","Blood for Blood"],"picked":"SKIP","floor":10},{"not_picked":["Reckless Charge","Headbutt","Burning Pact"],"picked":"SKIP","floor":11},{"not_picked":["Flex","Thunderclap","Iron Wave"],"picked":"SKIP","floor":13},{"not_picked":["Warcry","Sword Boomerang","Exhume"],"picked":"Singing Bowl","floor":14},{"not_picked":["Impervious","Berserk","Offering"],"picked":"Singing Bowl","floor":16},{"not_picked":["True Grit+1","Bloodletting","Uppercut"],"picked":"Singing Bowl","floor":18},{"not_picked":["Whirlwind","Perfected Strike"],"picked":"Clash","floor":19},{"not_picked":["Iron Wave","Searing Blow"],"picked":"Rage","floor":21}],"player_experience":346541,"relics_obtained":[{"floor":6,"key":"Torii"},{"floor":9,"key":"MawBank"},{"floor":14,"key":"Singing Bowl"}],"event_choices":[{"damage_healed":0,"gold_gain":75,"player_choice":"Touch","damage_taken":8,"max_hp_gain":0,"max_hp_loss":0,"event_name":"FaceTrader","floor":3,"gold_loss":0},{"damage_healed":0,"gold_gain":0,"player_choice":"Success","damage_taken":12,"relics_obtained":["Orichalcum"],"max_hp_gain":0,"max_hp_loss":0,"event_name":"Scrap Ooze","floor":5,"gold_loss":0},{"damage_healed":0,"gold_gain":0,"player_choice":"0 cards matched","damage_taken":0,"max_hp_gain":0,"max_hp_loss":0,"event_name":"Match and Keep!","floor":8,"gold_loss":0,"cards_obtained":[]}],"is_beta":false,"boss_relics":[{"not_picked":["Runic Cube","Snecko Eye"],"picked":"Ectoplasm"}],"items_purged_floors":[4,20],"is_endless":false,"potions_floor_spawned":[1,6,11,13,16,18],"killed_by":"Cultist and Chosen","ascension_level":2}}