{"host":"5m2js577gj4e7pak","time":1613408014,"event":{"mods":["AchievementEnabler","BaseMod","Better Match","Better Note","Better Third Choice","BetterRewards","Colored Map","Colored Powertips","Highlight Path","Lobotomy","LobotomyExtend","Minty Spire (QoL Compilation)","Quick Restart","Relic Filter","Relic Sorter","Remove Card Discount Mod","Shop Mod","Spicy Shops","StSLib"],"gold_per_floor":[120,120,137,150,150,150,163,163,163,15,44,59,11,29,29,125,125,145,110,130,0,13,48,48,80,80,80,80],"floor_reached":10,"language":"ENG","playtime":636,"items_purged":[],"score":154,"play_id":"2b53ee52-0fbf-4e14-92b4-28fe0f92299e","local_time":"20210215175334","is_ascension_mode":true,"campfire_choices":[{"data":"1","floor":15,"key":"LIFT"}],"circlet_count":0,"master_deck":["SpecialBullet","SpecialBullet","SpecialBullet","SpecialBullet","SpecialBullet","SpecialBullet","ControlCode","TrainingCode","SecurityCode","FrostShard","Penitence+1","Heaven","BeautyBeast","Penitence","WristCuter","Horn","Lamp","ShyLook","SoundOfStar","Lamp+2","Enlightenment"],"relics":["CogitoBucket","Mercury Hourglass","Girya","Bag of Preparation","AdjustmentMirror","Busted Crown","LetterFromLob","Bottled Lightning","Lantern","Kunai"],"acts_visited":["Exordium","TheCity"],"potions_floor_usage":[16,5,8,8],"damage_taken":[{"damage":8,"enemies":"2 Louse","floor":1,"turns":2},{"damage":12,"enemies":"Small Slimes","floor":3,"turns":3},{"damage":6,"enemies":"Cultist","floor":4,"turns":3},{"damage":25,"enemies":"Gremlin Gang","floor":7,"turns":3},{"damage":33,"enemies":"Gremlin Nob","floor":11,"turns":4},{"damage":12,"enemies":"Exordium Thugs","floor":12,"turns":3},{"damage":0,"enemies":"3 Louse","floor":14,"turns":2},{"damage":12,"enemies":"Slime Boss","floor":16,"turns":5},{"damage":0,"enemies":"Cultist","floor":1,"turns":2},{"damage":0,"enemies":"Small Slimes","floor":3,"turns":1},{"damage":49,"enemies":"Jaw Worm","floor":5,"turns":5},{"damage":33,"enemies":"Lagavulin","floor":6,"turns":4},{"damage":0,"enemies":"Gremlin Nob","floor":8,"turns":1},{"damage":55,"enemies":"3 Louse","floor":10,"turns":2}],"seed_played":"-5817461301537036489","potions_obtained":[{"floor":1,"key":"SteroidPotion"},{"floor":12,"key":"LiquidMemories"},{"floor":16,"key":"SteroidPotion"},{"floor":6,"key":"AttackPotion"},{"floor":8,"key":"BlessingOfTheForge"}],"is_trial":false,"path_per_floor":["M","?","M","M","?","R","M","R","T","$","E","M","$","M","R","B",null,"M","M","$","M","?","M","E","?","E","T","M"],"character_chosen":"Angela","items_purchased":["Girya","Heaven","Horn","Lamp"],"campfire_rested":0,"item_purchase_floors":[10,10,13,2],"current_hp_per_floor":[77,70,66,71,71,71,60,60,60,60,45,33,33,53,53,59,73,77,77,77,83,52,37,37,55,55,0,0],"gold":80,"neow_bonus":"TEN_PERCENT_HP_BONUS","is_daily":false,"chose_seed":false,"campfire_upgraded":0,"win_rate":0.0,"timestamp":1613408014,"path_taken":["M","?","M","M","?","R","M","R","T","$","E","?","?","M","R","BOSS","M","M","$","M","?","M","E","?","E","T","M"],"items_purchased_type":["Relic","Card","Card","Card"],"build_version":"2020-12-22","purchased_purges":0,"victory":false,"max_hp_per_floor":[77,77,77,77,77,77,77,77,77,77,77,77,77,77,77,77,77,77,77,77,83,83,83,83,83,83,83,83],"card_choices":[{"not_picked":["LifeForTheDareDevil"],"picked":"RapturousDream","floor":1},{"not_picked":["CUTE"],"picked":"FrostShard","floor":3},{"not_picked":["WristCuter"],"picked":"Penitence","floor":4},{"not_picked":["Tough","Pleasure"],"picked":"SKIP","floor":7},{"not_picked":["LaLuna","Bloodbath"],"picked":"BeautyBeast","floor":11},{"not_picked":["Logging"],"picked":"Penitence","floor":11},{"not_picked":["Pleasure"],"picked":"WristCuter","floor":12},{"not_picked":["Christmas"],"picked":"Lamp","floor":14},{"not_picked":["LittleHelper","DespairKnight"],"picked":"ShyLook","floor":16},{"not_picked":["Mimicry"],"picked":"SoundOfStar","floor":16}],"player_experience":86495,"relics_obtained":[{"floor":1,"key":"LetterFromLob"},{"floor":9,"key":"Mercury Hourglass"},{"floor":11,"key":"Bag of Preparation"},{"floor":1,"key":"LetterFromLob"},{"floor":6,"key":"Bottled Lightning"},{"floor":8,"key":"Lantern"},{"floor":9,"key":"Kunai"}],"event_choices":[{"cards_removed":["SpecialBullet"],"damage_healed":0,"gold_gain":0,"player_choice":"Card Removal","damage_taken":7,"max_hp_gain":0,"max_hp_loss":0,"event_name":"Golden Wing","floor":2,"gold_loss":0},{"cards_removed":["RapturousDream"],"damage_healed":0,"gold_gain":0,"player_choice":"Purged","damage_taken":0,"max_hp_gain":0,"max_hp_loss":0,"event_name":"Purifier","floor":5,"gold_loss":0},{"damage_healed":0,"gold_gain":0,"player_choice":"RENOUNCE","damage_taken":130,"max_hp_gain":0,"max_hp_loss":0,"event_name":"betterThird:BetterSerpent","floor":4,"gold_loss":130,"cards_obtained":["Enlightenment"]},{"damage_healed":0,"gold_gain":0,"player_choice":"Upgraded","damage_taken":0,"max_hp_gain":0,"max_hp_loss":0,"event_name":"Upgrade Shrine","floor":7,"gold_loss":0,"cards_upgraded":["Penitence"]}],"is_beta":false,"boss_relics":[{"not_picked":["Velvet Choker","Ectoplasm"],"picked":"Busted Crown"}],"items_purged_floors":[],"is_endless":false,"potions_floor_spawned":[1,12,14,16,1,6,8],"killed_by":"3 Louse","ascension_level":5}}