{"host":"x52zk6e1f2bye2h7","time":1613388528,"event":{"mods":["AchievementEnabler","BaseMod","Highlight Path","Minty Spire (QoL Compilation)","everything is the same but u backflip on backflip"],"gold_per_floor":[118,43,43,59,59,59,87,97,120,70,70,16,31,51,51,51,51],"floor_reached":16,"language":"ENG","playtime":382,"items_purged":["Strike_P"],"score":105,"play_id":"d41bf4ea-58c8-4199-912f-f3c83b4dcca9","local_time":"20210215112848","is_ascension_mode":true,"campfire_choices":[{"floor":6,"key":"REST"},{"data":"PathToVictory","floor":15,"key":"SMITH"}],"circlet_count":0,"master_deck":["Strike_P+1","Strike_P","Defend_P","Defend_P","Defend_P","Defend_P","Eruption+1","Vigilance","Decay","PathToVictory+1"],"relics":["PureWater"],"acts_visited":["Exordium"],"potions_floor_usage":[7,7,7,7,16,16],"damage_taken":[{"damage":11,"enemies":"Jaw Worm","floor":1,"turns":4},{"damage":1,"enemies":"2 Louse","floor":4,"turns":2},{"damage":8,"enemies":"Lagavulin","floor":7,"turns":7},{"damage":5,"enemies":"Small Slimes","floor":8,"turns":5},{"damage":4,"enemies":"Blue Slaver","floor":13,"turns":4},{"damage":17,"enemies":"Lots of Slimes","floor":14,"turns":5},{"damage":41,"enemies":"The Guardian","floor":16,"turns":5}],"seed_played":"2174661285709197046","potions_obtained":[{"floor":1,"key":"EntropicBrew"},{"floor":7,"key":"AttackPotion"},{"floor":13,"key":"Ancient Potion"}],"is_trial":false,"path_per_floor":["M","$","?","M","?","R","E","M","T","?","?","$","M","M","R","B"],"character_chosen":"WATCHER","items_purchased":["PathToVictory"],"campfire_rested":1,"item_purchase_floors":[12],"current_hp_per_floor":[68,68,68,67,51,74,66,61,61,61,61,61,57,40,40,0,0],"gold":51,"neow_bonus":"TEN_PERCENT_HP_BONUS","is_daily":false,"chose_seed":false,"campfire_upgraded":1,"win_rate":0.0,"timestamp":1613388528,"path_taken":["M","$","?","M","?","R","E","M","T","?","?","$","?","M","R","BOSS"],"items_purchased_type":["Card"],"build_version":"2020-12-22","purchased_purges":1,"victory":false,"max_hp_per_floor":[79,79,79,79,79,79,79,79,79,79,79,79,79,79,79,79,79],"card_choices":[{"not_picked":["ClearTheMind","DeceiveReality","Nirvana"],"picked":"SKIP","floor":1},{"not_picked":["FlurryOfBlows","Pray","LikeWater"],"picked":"SKIP","floor":4},{"not_picked":["Swivel","JustLucky","WheelKick"],"picked":"SKIP","floor":7},{"not_picked":["CrushJoints","DeceiveReality","Evaluate"],"picked":"SKIP","floor":8},{"not_picked":["Consecrate","EmptyFist","ThirdEye"],"picked":"SKIP","floor":13},{"not_picked":["BowlingBash","FlyingSleeves","Crescendo"],"picked":"SKIP","floor":14}],"player_experience":124360,"relics_obtained":[],"event_choices":[{"damage_healed":0,"gold_gain":0,"player_choice":"Ignored","damage_taken":0,"max_hp_gain":0,"max_hp_loss":0,"event_name":"Liars Game","floor":3,"gold_loss":0},{"damage_healed":0,"gold_gain":0,"player_choice":"Entered Light","damage_taken":16,"max_hp_gain":0,"max_hp_loss":0,"event_name":"Shining Light","floor":5,"gold_loss":0,"cards_upgraded":["Strike_P","Eruption"]},{"cards_removed":["Strike_P"],"damage_healed":0,"gold_gain":0,"player_choice":"Card Removal","damage_taken":0,"max_hp_gain":0,"max_hp_loss":0,"event_name":"The Cleric","floor":10,"gold_loss":50},{"damage_healed":0,"gold_gain":0,"player_choice":"Cursed","damage_taken":0,"max_hp_gain":0,"max_hp_loss":0,"event_name":"Wheel of Change","floor":11,"gold_loss":0,"cards_obtained":["Decay"]}],"is_beta":false,"boss_relics":[],"items_purged_floors":[2],"is_endless":false,"potions_floor_spawned":[1,7,13],"killed_by":"The Guardian","ascension_level":1}}