{"host":"jr8vrtwn64siegs0","time":1613407935,"event":{"mods":["2.2 Compatiblity","BaseMod","Better Third Choice","BetterRewards","Colored Map","Downfall","Friendly Minions","Hubris","Jorbs\u0027s Wanderer Trilogy","Minty Spire (QoL Compilation)","Quick Restart","Shop Mod","StSLib","The Bug Knight","everything is the same but u backflip on backflip"],"gold_per_floor":[99,117,117,131,143,143,169,189,208,219,250,250,268,293,307,406,406,406,422,441,441,466,485,485,503,503,503,503,537,537,555,555,555],"floor_reached":32,"language":"ENG","playtime":3892,"items_purged":[],"score":326,"play_id":"c4829c01-c918-4a30-b1db-b234cd4fe45a","local_time":"20210215085215","is_ascension_mode":false,"campfire_choices":[{"data":"champ:Taunt","floor":1.0,"key":"SMITH"},{"data":"champ:FalseCounter","floor":6.0,"key":"SMITH"},{"data":"champ:IgnorePain","floor":18.0,"key":"SMITH"},{"floor":28,"key":"REST"}],"circlet_count":0,"master_deck":["champ:Strike","champ:Strike","champ:Defend","champ:Defend","champ:Defend","champ:Defend","champ:Execute","champ:Taunt+1","champ:FocusedDefense","champ:FalseCounter+1","champ:CrookedStrike","champ:ArenaPreparation","champ:PreemptiveStrike","champ:IgnorePain+1","champ:SkillfulDodge","champ:Devastate","champ:Devastate","champ:GladiatorStyle","Writhe","champ:FancyFootwork","champ:UltimateStance","Iron Wave","champ:StanceDance+1"],"relics":["champ:ChampionCrown","Tiny Chest","WingedGreaves","Pear","Black Star","Matryoshka","hubris:Metronome","Smiling Mask","Shuriken","Question Card","Gambling Chip","hubris:Icosahedron","Lizard Tail","Nunchaku"],"acts_visited":["Exordium","TheCity"],"potions_floor_usage":[29,29,31],"damage_taken":[{"damage":13.0,"enemies":"Jaw Worm","floor":2.0,"turns":4.0},{"damage":12.0,"enemies":"2 Louse","floor":4.0,"turns":2.0},{"damage":23.0,"enemies":"Small Slimes","floor":5.0,"turns":4.0},{"damage":20.0,"enemies":"Red Slaver","floor":8.0,"turns":3.0},{"damage":2.0,"enemies":"downfall:LooterAlt","floor":9.0,"turns":3.0},{"damage":35.0,"enemies":"Large Slime","floor":10.0,"turns":5.0},{"damage":35.0,"enemies":"HollowMod:MossKnight","floor":11.0,"turns":4.0},{"damage":22.0,"enemies":"3 Louse","floor":13.0,"turns":6.0},{"damage":18.0,"enemies":"3 Sentries","floor":14.0,"turns":8.0},{"damage":24.0,"enemies":"Red Slaver","floor":15.0,"turns":5.0},{"damage":41.0,"enemies":"WA_ARCHETYPE_RETAIN","floor":16.0,"turns":14.0},{"damage":36.0,"enemies":"Shell Parasite","floor":19.0,"turns":7.0},{"damage":49,"enemies":"Cultist and Chosen","floor":20,"turns":8},{"damage":60,"enemies":"Snecko","floor":23,"turns":7},{"damage":21,"enemies":"Snake Plant","floor":25,"turns":6},{"damage":62,"enemies":"Slavers","floor":29,"turns":6},{"damage":118,"enemies":"3 Cultists","floor":31,"turns":11},{"damage":44,"enemies":"Snecko","floor":32,"turns":5}],"seed_played":"3996174731382827367","potions_obtained":[{"floor":4.0,"key":"ColorlessPotion"},{"floor":5.0,"key":"ColorlessPotion"},{"floor":11.0,"key":"FairyPotion"},{"floor":15.0,"key":"Weak Potion"},{"floor":16.0,"key":"Weak Potion"},{"floor":23,"key":"BlessingOfTheForge"},{"floor":25,"key":"EssenceOfSteel"},{"floor":29,"key":"LiquidBronze"}],"is_trial":false,"path_per_floor":["R","M","?","M","M","R","T","M","M","M","E","?","M","E","M","B",null,"R","M","M","?","T","M","T","M","T","?","R","E","?","M","M"],"character_chosen":"THE_CHAMP","items_purchased":[],"campfire_rested":1,"item_purchase_floors":[],"current_hp_per_floor":[99,96,101,99,96,96,96,96,94,94,94,94,82,89,85,54,114,114,98,74,74,74,39,39,18,18,18,52,59,59,25,0,0,0],"gold":555,"neow_bonus":"TEN_PERCENT_HP_BONUS","is_daily":false,"chose_seed":false,"campfire_upgraded":3,"win_rate":0.0,"timestamp":1613407935,"path_taken":["R","M","?","M","M","R","T","M","M","M","E","?","M","E","M","BOSS","R","M","M","?","?","M","T","M","?","?","R","E","?","M","M"],"items_purchased_type":[],"build_version":"2020-12-22","purchased_purges":0,"victory":false,"max_hp_per_floor":[99,99,104,104,104,104,104,104,104,104,104,104,104,114,114,114,114,114,114,114,114,114,114,114,114,114,114,114,114,114,114,114,114,114],"card_choices":[{"not_picked":["champ:Haymaker","champ:Circumvent"],"picked":"champ:FocusedDefense","floor":2.0},{"not_picked":["champ:StanceDance","champ:Haymaker"],"picked":"champ:FalseCounter","floor":4.0},{"not_picked":["champ:DefensiveShout","champ:TornadoPunch"],"picked":"champ:CrookedStrike","floor":5.0},{"not_picked":["champ:RapidStrikes","champ:Haymaker"],"picked":"champ:ArenaPreparation","floor":8.0},{"not_picked":["champ:CrownThrow","champ:FlashCut"],"picked":"champ:PreemptiveStrike","floor":9.0},{"not_picked":["champ:CalledShot","champ:BerserkersShout"],"picked":"champ:IgnorePain","floor":10.0},{"not_picked":["champ:Circumvent","champ:EndlessRage"],"picked":"champ:SkillfulDodge","floor":11.0},{"not_picked":["champ:Backstep","champ:DefensiveShout","champ:BerserkersShout"],"picked":"SKIP","floor":13.0},{"not_picked":["champ:RisingSlash","champ:Haymaker"],"picked":"champ:Devastate","floor":14.0},{"not_picked":["champ:Backstep","champ:Shatter","champ:HeartStrike"],"picked":"SKIP","floor":15.0},{"not_picked":["champ:HeavySlash","champ:Improvising"],"picked":"champ:Devastate","floor":16.0},{"not_picked":["champ:Encircle","champ:BerserkersShout+1"],"picked":"champ:GladiatorStyle","floor":19.0},{"not_picked":["champ:Backstep","champ:Haymaker","champ:BerserkersShout+1"],"picked":"SKIP","floor":20},{"not_picked":["champ:StanceDance","champ:EnGarde"],"picked":"champ:FancyFootwork","floor":23},{"not_picked":["champ:FanOfKnives","champ:FalseCounter","champ:Circumvent","champ:CrownThrow+1"],"picked":"SKIP","floor":25},{"not_picked":["champ:EndlessRage+1","champ:Shatter+1","champ:Backstep"],"picked":"champ:UltimateStance","floor":29},{"not_picked":["champ:Encircle","champ:CrookedStrike","champ:GladiatorStyle+1"],"picked":"champ:StanceDance+1","floor":31}],"player_experience":603801,"relics_obtained":[{"floor":7.0,"key":"Tiny Chest"},{"floor":11.0,"key":"WingedGreaves"},{"floor":14.0,"key":"Pear"},{"floor":22,"key":"hubris:Metronome"},{"floor":22,"key":"Smiling Mask"},{"floor":24,"key":"Shuriken"},{"floor":24,"key":"Question Card"},{"floor":26,"key":"Gambling Chip"},{"floor":29,"key":"Lizard Tail"},{"floor":29,"key":"Nunchaku"}],"event_choices":[{"damage_healed":0.0,"max_hp_gain":5.0,"max_hp_loss":0.0,"gold_gain":0.0,"event_name":"Big Fish","player_choice":"Donut","floor":3.0,"gold_loss":0.0,"damage_taken":0.0},{"cards_removed":["champ:Strike"],"damage_healed":0.0,"max_hp_gain":0.0,"max_hp_loss":0.0,"gold_gain":0.0,"event_name":"The Cleric","player_choice":"Card Removal","floor":12.0,"gold_loss":0.0,"damage_taken":0.0},{"cards_removed":["champ:Strike"],"damage_healed":0,"gold_gain":0,"player_choice":"Took Card","damage_taken":0,"max_hp_gain":0,"max_hp_loss":0,"event_name":"NoteForYourself","floor":30,"gold_loss":0,"cards_obtained":["Iron Wave"]}],"is_beta":false,"boss_relics":[{"not_picked":["Fusion Hammer","Cursed Key"],"picked":"Black Star"}],"items_purged_floors":[],"is_endless":false,"potions_floor_spawned":[4,5,11,15,16,23,25,29],"killed_by":"Snecko","ascension_level":0}}