{"host":"7jxhn92mkgyil7o5","time":1613392296,"event":{"mods":["BaseMod","Colored Map","Colored Powertips","Friendly Minions","Hermit","Kiyohime????","Marisa????????","Minty Spire (QoL Compilation)","Permanent Neow","StSLib","The Cursed","The Disciple","The Hierophant","The Poker Player","The Runesmith"],"gold_per_floor":[366,384,397,50,50,50,89,89,116,160,212,237,237,260,260,353,353,401,414,414,414,488,531,555,591,591,640,640,674,723,764,764,863,863,912,958,552,595,616,674,697,756,756,756,804,804,842,510,510,510,510],"floor_reached":50,"language":"ENG","playtime":2428,"items_purged":["Strike_P","Eruption"],"score":1779,"play_id":"35b087fa-3eca-4e80-8714-bbe8b88b1315","local_time":"20210215133136","is_ascension_mode":true,"campfire_choices":[{"data":"Vigilance","floor":6.0,"key":"SMITH"},{"floor":8.0,"key":"REST"},{"data":"Fasting2","floor":15.0,"key":"SMITH"},{"data":"Scrawl","floor":28.0,"key":"SMITH"},{"floor":32.0,"key":"REST"},{"floor":44,"key":"RECALL"},{"data":"Meditate","floor":49,"key":"SMITH"}],"circlet_count":0,"master_deck":["AscendersBane","Vigilance+1","FlurryOfBlows","Vengeance","FlurryOfBlows","MentalFortress","Consecrate+1","Scrawl+1","Fasting2+1","Wish","MentalFortress","EmptyBody","RitualDagger","Tantrum","Halt","CutThroughFate","WheelKick+1","Blasphemy","FlurryOfBlows","CutThroughFate+1","Devotion","Sanctity","Protect","ForeignInfluence","Wallop","SpiritShield","Wallop","Weave+1","Dramatic Entrance","Crescendo","Meditate+1","Adaptation","FlurryOfBlows+1","Prostrate","Madness","Madness","Wireheading+1","Meditate","Flash of Steel"],"relics":["PureWater","TeardropLocket","Golden Idol","Bag of Marbles","Whetstone","Akabeko","WarpedTongs","Empty Cage","Red Mask","MealTicket","Happy Flower","Ornamental Fan","Bottled Lightning","Ancient Tea Set","Pandora\u0027s Box","Membership Card","Kunai","Mercury Hourglass","GoldenEye","Gambling Chip","StoneCalendar","ClockworkSouvenir","Pantograph"],"acts_visited":["Exordium","TheCity","TheBeyond"],"potions_floor_usage":[45,47,50,50],"damage_taken":[{"damage":0.0,"enemies":"2 Louse","floor":1.0,"turns":3.0},{"damage":2.0,"enemies":"Jaw Worm","floor":2.0,"turns":5.0},{"damage":0.0,"enemies":"Cultist","floor":3.0,"turns":2.0},{"damage":13.0,"enemies":"Lagavulin","floor":7.0,"turns":6.0},{"damage":22.0,"enemies":"Gremlin Nob","floor":10.0,"turns":4.0},{"damage":0.0,"enemies":"Lots of Slimes","floor":12.0,"turns":2.0},{"damage":1.0,"enemies":"Large Slime","floor":14.0,"turns":4.0},{"damage":3.0,"enemies":"Slime Boss","floor":16.0,"turns":4.0},{"damage":0.0,"enemies":"3 Byrds","floor":18.0,"turns":3.0},{"damage":17.0,"enemies":"2 Thieves","floor":19.0,"turns":3.0},{"damage":0.0,"enemies":"Masked Bandits","floor":22.0,"turns":2.0},{"damage":14.0,"enemies":"Book of Stabbing","floor":23.0,"turns":2.0},{"damage":0.0,"enemies":"Gremlin Leader","floor":25.0,"turns":3.0},{"damage":0.0,"enemies":"Centurion and Healer","floor":27.0,"turns":4.0},{"damage":0.0,"enemies":"Book of Stabbing","floor":29.0,"turns":1.0},{"damage":0.0,"enemies":"Snecko","floor":30.0,"turns":2.0},{"damage":0.0,"enemies":"Chosen and Byrds","floor":31.0,"turns":1.0},{"damage":0.0,"enemies":"Collector","floor":33.0,"turns":4.0},{"damage":5.0,"enemies":"Orb Walker","floor":35.0,"turns":2.0},{"damage":0.0,"enemies":"3 Darklings","floor":36.0,"turns":2.0},{"damage":0.0,"enemies":"Spire Growth","floor":38.0,"turns":1.0},{"damage":0.0,"enemies":"Writhing Mass","floor":39.0,"turns":2.0},{"damage":0.0,"enemies":"Nemesis","floor":40.0,"turns":1.0},{"damage":10,"enemies":"4 Shapes","floor":41,"turns":2},{"damage":0,"enemies":"Reptomancer","floor":42,"turns":1},{"damage":1,"enemies":"Sphere and 2 Shapes","floor":45,"turns":2},{"damage":0,"enemies":"Nemesis","floor":47,"turns":3},{"damage":80,"enemies":"Awakened One","floor":50,"turns":9}],"seed_played":"2535057160786230204","potions_obtained":[{"floor":2.0,"key":"EssenceOfSteel"},{"floor":7.0,"key":"SpeedPotion"},{"floor":12.0,"key":"CultistPotion"},{"floor":14.0,"key":"PowerPotion"},{"floor":16.0,"key":"ColorlessPotion"},{"floor":18.0,"key":"Strength Potion"},{"floor":27.0,"key":"PowerPotion"},{"floor":29.0,"key":"PowerPotion"},{"floor":33.0,"key":"ColorlessPotion"},{"floor":35.0,"key":"StancePotion"},{"floor":38.0,"key":"StancePotion"},{"floor":40.0,"key":"ColorlessPotion"},{"floor":45,"key":"Regen Potion"}],"is_trial":false,"path_per_floor":["M","M","M","$","?","R","E","R","T","E","T","M","?","M","R","B",null,"M","M","?","?","?","E","T","E","T","M","R","E","M","M","R","B",null,"M","M","$","M","M","E","M","E","T","R","M","?","E","$","R","B"],"character_chosen":"WATCHER","items_purchased":["TeardropLocket","Membership Card","Kunai","Dramatic Entrance","ClockworkSouvenir","Pantograph","FearPotion","Meditate","Flash of Steel"],"campfire_rested":2,"item_purchase_floors":[4,37,37,37,48,48,48,48,48],"current_hp_per_floor":[61,59,59,59,38,38,25,43,43,21,21,21,21,20,20,17,51,51,34,34,28,28,14,14,14,14,14,14,14,14,14,32,32,55,50,50,62,62,62,62,52,52,52,52,51,40,49,62,62,0,0],"gold":510,"neow_bonus":"TWO_FIFTY_GOLD","is_daily":false,"chose_seed":false,"campfire_upgraded":4,"win_rate":0.0,"timestamp":1613392296,"path_taken":["M","M","M","$","?","R","E","R","T","E","?","M","?","?","R","BOSS","M","?","?","?","?","E","?","E","T","M","R","E","?","M","R","BOSS","M","M","$","M","M","E","M","E","T","R","M","?","E","$","R","BOSS"],"items_purchased_type":["Relic","Relic","Relic","Card","Relic","Relic","Potion","Card","Card"],"build_version":"2020-12-22","purchased_purges":2,"victory":false,"max_hp_per_floor":[62,62,62,62,62,62,62,62,62,62,62,62,62,62,62,62,62,62,62,62,62,62,62,62,62,62,62,62,62,62,62,62,62,62,62,62,62,62,62,62,62,62,62,62,62,62,62,62,62,62,62],"card_choices":[{"not_picked":["JustLucky","WindmillStrike"],"picked":"FlurryOfBlows","floor":1.0},{"not_picked":["EmptyMind","Halt"],"picked":"Vengeance","floor":2.0},{"not_picked":["Protect","FlyingSleeves"],"picked":"FlurryOfBlows","floor":3.0},{"not_picked":["WreathOfFlame","CarveReality"],"picked":"MentalFortress","floor":7.0},{"not_picked":["Worship","Nirvana"],"picked":"Consecrate","floor":10.0},{"not_picked":["Evaluate","PathToVictory"],"picked":"Scrawl","floor":12.0},{"not_picked":["Study","ClearTheMind"],"picked":"Fasting2","floor":14.0},{"not_picked":["Judgement","Scrawl"],"picked":"Wish","floor":16.0},{"not_picked":["Protect","Sanctity"],"picked":"MentalFortress","floor":18.0},{"not_picked":["FlyingSleeves","Pray"],"picked":"EmptyBody","floor":19.0},{"not_picked":["Halt+1","Evaluate"],"picked":"Tantrum","floor":22.0},{"not_picked":["Evaluate","CutThroughFate"],"picked":"Halt","floor":23.0},{"not_picked":["Evaluate","CrushJoints"],"picked":"CutThroughFate","floor":25.0},{"not_picked":["CutThroughFate","PathToVictory"],"picked":"WheelKick+1","floor":27.0},{"not_picked":["SignatureMove","MentalFortress"],"picked":"Blasphemy","floor":29.0},{"not_picked":["FollowUp","ReachHeaven+1"],"picked":"FlurryOfBlows","floor":30.0},{"not_picked":["EmptyBody","CrushJoints"],"picked":"CutThroughFate+1","floor":31.0},{"not_picked":["Brilliance","Establishment"],"picked":"Devotion","floor":33.0},{"not_picked":["SandsOfTime+1","Nirvana"],"picked":"Wallop","floor":35.0},{"not_picked":["CutThroughFate","Pray"],"picked":"Weave+1","floor":36.0},{"not_picked":["CutThroughFate+1","PathToVictory"],"picked":"Crescendo","floor":38.0},{"not_picked":["EmptyBody","WheelKick"],"picked":"Meditate","floor":39.0},{"not_picked":["Alpha","Sanctity"],"picked":"Adaptation","floor":40.0},{"not_picked":["Perseverance","Consecrate"],"picked":"FlurryOfBlows+1","floor":41},{"not_picked":["BowlingBash","Evaluate"],"picked":"Prostrate","floor":42},{"not_picked":["FollowUp","Crescendo","FlurryOfBlows"],"picked":"SKIP","floor":45},{"not_picked":["Prostrate","Consecrate"],"picked":"Wireheading+1","floor":47}],"player_experience":2026163,"relics_obtained":[{"floor":7.0,"key":"Bag of Marbles"},{"floor":10.0,"key":"Whetstone"},{"floor":11.0,"key":"Akabeko"},{"floor":22.0,"key":"Red Mask"},{"floor":23.0,"key":"MealTicket"},{"floor":24.0,"key":"Happy Flower"},{"floor":25.0,"key":"Ornamental Fan"},{"floor":26.0,"key":"Bottled Lightning"},{"floor":29.0,"key":"Ancient Tea Set"},{"floor":40.0,"key":"Mercury Hourglass"},{"floor":42,"key":"GoldenEye"},{"floor":43,"key":"Gambling Chip"},{"floor":47,"key":"StoneCalendar"}],"event_choices":[{"damage_healed":0.0,"max_hp_gain":0.0,"max_hp_loss":0.0,"gold_gain":0.0,"event_name":"Golden Idol","player_choice":"Take Damage","floor":5.0,"gold_loss":0.0,"damage_taken":21.0,"relics_obtained":["Golden Idol"]},{"damage_healed":0.0,"max_hp_gain":0.0,"max_hp_loss":0.0,"gold_gain":0.0,"event_name":"Accursed Blacksmith","player_choice":"Rummage","floor":13.0,"gold_loss":0.0,"damage_taken":0.0,"relics_obtained":["WarpedTongs"],"cards_obtained":["Pain"]},{"cards_removed":["Strike_P"],"damage_healed":0.0,"max_hp_gain":0.0,"max_hp_loss":0.0,"gold_gain":0.0,"event_name":"Back to Basics","player_choice":"Elegance","floor":20.0,"gold_loss":0.0,"damage_taken":0.0},{"damage_healed":0.0,"max_hp_gain":0.0,"max_hp_loss":0.0,"gold_gain":0.0,"event_name":"Nest","player_choice":"Joined the Cult","floor":21.0,"gold_loss":0.0,"damage_taken":6.0,"cards_obtained":["RitualDagger"]},{"damage_healed":0.0,"max_hp_gain":0.0,"max_hp_loss":0.0,"gold_gain":0.0,"event_name":"Masked Bandits","player_choice":"Fought Bandits","floor":22.0,"gold_loss":0.0,"damage_taken":0.0},{"damage_healed":0,"gold_gain":0,"player_choice":"Embrace Madness","damage_taken":11,"max_hp_gain":0,"max_hp_loss":0,"event_name":"Winding Halls","floor":46,"gold_loss":0,"cards_obtained":["Madness","Madness"]}],"is_beta":false,"boss_relics":[{"not_picked":["Astrolabe","HolyWater"],"picked":"Empty Cage"},{"not_picked":["Velvet Choker","Snecko Eye"],"picked":"Pandora\u0027s Box"}],"items_purged_floors":[4,37],"is_endless":false,"potions_floor_spawned":[2,7,12,14,16,18,27,29,31,33,35,38,40,41,45],"killed_by":"Awakened One","ascension_level":20}}