{"host":"64qzurqwi0x0qgxo","time":1613403572,"event":{"mods":["Act Like it!","BaseMod","Colored Map","Colored Powertips","Downfall","Gensokyo","Googly Eyes","Keyboard Shortcuts","Minty Spire (QoL Compilation)","Rare Cards Sparkle","Relic Stats","Replay The Spire","StSLib","The Poker Player","noobMod"],"gold_per_floor":[111,41,41,51,69,104,104,104,104,104,121,149,149,149,149,249,249,265,275,275,290,300,332,180,205,205,14,33,53,53,53,53,353,353,353],"floor_reached":33,"language":"ZHS","playtime":1722,"items_purged":[],"score":470,"play_id":"a7d9523d-623e-48b4-818f-8443e7771388","local_time":"20210215233932","is_ascension_mode":false,"metric_token":982,"campfire_choices":[{"floor":7,"key":"RECALL"},{"data":"PokerPlayerMod:Diamond1","floor":13,"key":"SMITH"},{"data":"PokerPlayerMod:BadJoker","floor":15,"key":"SMITH"},{"data":"PokerPlayerMod:TrumpStrike","floor":30,"key":"SMITH"},{"data":"PokerPlayerMod:ItsShowtime","floor":32,"key":"SMITH"}],"circlet_count":0,"master_deck":["PokerPlayerMod:Diamond2","PokerPlayerMod:Diamond2","PokerPlayerMod:Diamond3","PokerPlayerMod:Diamond4","PokerPlayerMod:Diamond5","PokerPlayerMod:Spade2","PokerPlayerMod:Spade2","PokerPlayerMod:Spade3","PokerPlayerMod:Spade4","PokerPlayerMod:Club2","PokerPlayerMod:Club2","PokerPlayerMod:Heart2","PokerPlayerMod:TrumpStrike+1","PokerPlayerMod:BadJoker+1","PokerPlayerMod:Spade6","PokerPlayerMod:Diamond2","PokerPlayerMod:Club4","PokerPlayerMod:Diamond8","PokerPlayerMod:Spade6","PokerPlayerMod:Diamond5","PokerPlayerMod:Spade6","PokerPlayerMod:ItsShowtime+1","PokerPlayerMod:HotShotCut+1","PokerPlayerMod:Club7","PokerPlayerMod:HotShotCut","PokerPlayerMod:FlyingCard","PokerPlayerMod:HeartStrike","PokerPlayerMod:DiamondStrike","PokerPlayerMod:VarietyAttack","PokerPlayerMod:Spade6","PokerPlayerMod:CardPrinter+1","PokerPlayerMod:Club5","PokerPlayerMod:HotShotCut+1","Gensokyo:Shovel","PokerPlayerMod:DartThrow+1","PokerPlayerMod:Overdeal","PokerPlayerMod:Trickery"],"relics":["PokerPlayerMod:DeckCase","ice","Ice Cream","Boot","Sozu","Replay:WaspNest","Orrery","PokerPlayerMod:Splitter","Pantograph","Gensokyo:DayTheSeaSplit","Smiling Mask"],"acts_visited":["Gensokyo:Gensokyo","Gensokyo:Gensokyoer"],"potions_floor_usage":[],"damage_taken":[{"damage":0,"enemies":"Gensokyo:2_Kodama","floor":1,"turns":3},{"damage":0,"enemies":"Gensokyo:3_Fairies","floor":4,"turns":2},{"damage":0,"enemies":"Gensokyo:Gryphon","floor":5,"turns":2},{"damage":18,"enemies":"Gensokyo:Aya","floor":6,"turns":3},{"damage":0,"enemies":"Gensokyo:Python_and_Kodama","floor":11,"turns":2},{"damage":0,"enemies":"Gensokyo:Mamizou","floor":12,"turns":6},{"damage":172,"enemies":"Gensokyo:Reimu","floor":16,"turns":20},{"damage":0,"enemies":"Gensokyo:CosmicMonolith","floor":18,"turns":2},{"damage":0,"enemies":"Gensokyo:3_Dogs","floor":19,"turns":3},{"damage":0,"enemies":"Gensokyo:3_Gloops","floor":21,"turns":2},{"damage":8,"enemies":"Gensokyo:Wraith","floor":22,"turns":2},{"damage":0,"enemies":"Gensokyo:Koishi","floor":23,"turns":3},{"damage":0,"enemies":"Gensokyo:Reisen","floor":25,"turns":3},{"damage":30,"enemies":"Gensokyo:Mirror_and_Dog","floor":28,"turns":3},{"damage":11,"enemies":"Gensokyo:Slime_Group","floor":29,"turns":2},{"damage":167,"enemies":"Gensokyo:Eternal_Rivals","floor":33,"turns":3}],"seed_played":"-4579503458028629143","potions_obtained":[{"floor":4,"key":"Fire Potion"},{"floor":11,"key":"LifebloodPotion"},{"floor":12,"key":"EntropicBrew"},{"floor":16,"key":"Fire Potion"}],"is_trial":false,"path_per_floor":["M","?","?","M","M","E","R","?","T","?","M","E","R","?","R","B",null,"M","M","?","M","M","E","$","E","T","COS","M","M","R","?","R","B"],"character_chosen":"THE_POKER_PLAYER","items_purchased":["Orrery"],"campfire_rested":0,"item_purchase_floors":[24],"current_hp_per_floor":[52,52,52,52,52,34,34,34,34,39,39,45,45,45,45,53,67,67,67,67,67,62,70,70,71,71,71,48,50,50,50,50,0,0,0],"gold":353,"neow_bonus":"REMOVE_CARD","is_daily":false,"chose_seed":false,"campfire_upgraded":4,"win_rate":0.0,"timestamp":1613403572,"path_taken":["M","?","?","M","M","E","R","?","T","?","M","E","R","?","R","BOSS","M","M","?","M","M","E","$","E","T","COS","M","M","R","?","R","BOSS"],"items_purchased_type":["Relic"],"build_version":"2020-12-22","purchased_purges":0,"victory":false,"max_hp_per_floor":[52,52,52,52,52,52,52,52,52,57,57,57,57,57,57,67,67,67,67,67,67,67,70,70,71,71,71,71,72,72,72,72,78,78,78],"relic_stats":{"Sozu":3,"counters":[16,61],"Pantograph":22,"Boot":[0],"Smiling Mask":0,"obtain_stats":[{"Ice Cream":6,"Sozu":17,"Frozen Eye":23,"PokerPlayerMod:DeckCase":0,"Pantograph":26,"Gensokyo:DayTheSeaSplit":31,"Orrery":24,"Replay:WaspNest":23,"ice":0,"Boot":12,"Smiling Mask":33,"PokerPlayerMod:Splitter":25},{"Ice Cream":4,"Sozu":7,"Frozen Eye":11,"PokerPlayerMod:DeckCase":0,"Pantograph":13,"Gensokyo:DayTheSeaSplit":15,"Orrery":12,"Replay:WaspNest":12,"ice":0,"Boot":6,"Smiling Mask":16,"PokerPlayerMod:Splitter":13},{"Ice Cream":10,"Sozu":38,"Frozen Eye":47,"PokerPlayerMod:DeckCase":0,"Pantograph":53,"Gensokyo:DayTheSeaSplit":58,"Orrery":50,"Replay:WaspNest":50,"ice":0,"Boot":18,"Smiling Mask":60,"PokerPlayerMod:Splitter":53}]},"card_choices":[{"not_picked":["PokerPlayerMod:DiamondStrike","PokerPlayerMod:Spade1"],"picked":"PokerPlayerMod:Spade6","floor":1},{"not_picked":["PokerPlayerMod:RiskyBet","PokerPlayerMod:ClubsClub"],"picked":"PokerPlayerMod:Diamond1","floor":4},{"not_picked":["PokerPlayerMod:Diamond2","PokerPlayerMod:Diamond3"],"picked":"PokerPlayerMod:Club4","floor":5},{"not_picked":["PokerPlayerMod:Configure","PokerPlayerMod:DartThrow","PokerPlayerMod:DiamondStrike"],"picked":"SKIP","floor":6},{"not_picked":["PokerPlayerMod:DartThrow","PokerPlayerMod:SpadeStrike"],"picked":"PokerPlayerMod:Diamond8","floor":8},{"not_picked":["PokerPlayerMod:SpadeStrike","PokerPlayerMod:Spade4"],"picked":"PokerPlayerMod:Spade6","floor":8},{"not_picked":["PokerPlayerMod:Diamond3","PokerPlayerMod:SpadeStrike"],"picked":"PokerPlayerMod:Diamond5","floor":11},{"not_picked":["PokerPlayerMod:RiskyBet","PokerPlayerMod:FillThePot"],"picked":"PokerPlayerMod:Spade6","floor":12},{"not_picked":["PokerPlayerMod:WasteCollection","PokerPlayerMod:Club8"],"picked":"PokerPlayerMod:ItsShowtime","floor":16},{"not_picked":["PokerPlayerMod:Trickery","PokerPlayerMod:DiamondStrike"],"picked":"PokerPlayerMod:HotShotCut+1","floor":18},{"not_picked":["PokerPlayerMod:Diamond8","PokerPlayerMod:Club4"],"picked":"PokerPlayerMod:Club7","floor":19},{"not_picked":["PokerPlayerMod:Spade1","PokerPlayerMod:CloakAndDiamond"],"picked":"PokerPlayerMod:FlyingCard","floor":21},{"not_picked":["PokerPlayerMod:Diamond7","PokerPlayerMod:Configure"],"picked":"PokerPlayerMod:HeartStrike","floor":22},{"not_picked":["PokerPlayerMod:Spade2","PokerPlayerMod:Fold+1"],"picked":"PokerPlayerMod:DiamondStrike","floor":23},{"not_picked":["PokerPlayerMod:Diamond4","PokerPlayerMod:Heart2"],"picked":"PokerPlayerMod:VarietyAttack","floor":24},{"not_picked":["PokerPlayerMod:Spade3","PokerPlayerMod:Heart1"],"picked":"PokerPlayerMod:Spade6","floor":24},{"not_picked":["PokerPlayerMod:DamnStraight","PokerPlayerMod:StackedDeck"],"picked":"PokerPlayerMod:CardPrinter+1","floor":24},{"not_picked":["PokerPlayerMod:RiskyBet","PokerPlayerMod:Diamond2"],"picked":"PokerPlayerMod:Club5","floor":24},{"not_picked":["PokerPlayerMod:Spade1","PokerPlayerMod:Diamond4"],"picked":"PokerPlayerMod:HotShotCut+1","floor":24},{"not_picked":["PokerPlayerMod:Spade7","PokerPlayerMod:Spade6","PokerPlayerMod:Fold"],"picked":"SKIP","floor":25},{"not_picked":["PokerPlayerMod:Raise+1","PokerPlayerMod:Spade9"],"picked":"PokerPlayerMod:DartThrow+1","floor":28},{"not_picked":["PokerPlayerMod:DiamondStrike+1","PokerPlayerMod:PoorCopy+1"],"picked":"PokerPlayerMod:Overdeal","floor":28},{"not_picked":["PokerPlayerMod:Spade4","PokerPlayerMod:Extraction"],"picked":"PokerPlayerMod:Trickery","floor":29}],"player_experience":132128,"relics_obtained":[{"floor":6,"key":"Ice Cream"},{"floor":12,"key":"Boot"},{"floor":23,"key":"Replay:WaspNest"},{"floor":25,"key":"PokerPlayerMod:Splitter"},{"floor":26,"key":"Pantograph"}],"event_choices":[],"is_beta":false,"boss_relics":[{"not_picked":["Painkiller Herb","Replay:Ancient Bell"],"picked":"Sozu"}],"items_purged_floors":[],"is_endless":false,"potions_floor_spawned":[4,11,12,16,21,25,28],"killed_by":"Gensokyo:Eternal_Rivals","ascension_level":0}}