{"host":"5agrj1fd4s00r127","time":1613395585,"event":{"mods":["BaseMod","Hermit","Minty Spire (QoL Compilation)","StSLib"],"gold_per_floor":[415,427,427,313,325,356,375,154,235,235,246,262,262,282,282,377,377,392,392,317,157,168,168,197,197,197,210,225,225,225],"floor_reached":29,"language":"RUS","playtime":1206,"items_purged":["Decay","Strike_R","Shame"],"score":247,"play_id":"02303954-3458-4209-9e75-8889c7fdfbed","local_time":"20210215152625","is_ascension_mode":false,"campfire_choices":[{"data":"Dark Embrace","floor":10,"key":"SMITH"},{"data":"True Grit","floor":13,"key":"SMITH"},{"data":"Shockwave","floor":15,"key":"SMITH"},{"data":"Berserk","floor":23,"key":"SMITH"},{"data":"Inflame","floor":25,"key":"SMITH"}],"circlet_count":0,"master_deck":["Strike_R","Strike_R","Strike_R","Defend_R","Defend_R","Defend_R","Defend_R","Bash+1","True Grit+1","Shockwave+1","Intimidate","Bludgeon+1","Reckless Charge","Warcry","Power Through","Dark Embrace+1","Cleave","Inflame+1","Berserk+1","Disarm"],"relics":["Burning Blood","Old Coin","StoneCalendar","Whetstone","Paper Frog","Mark of Pain","Oddly Smooth Stone","Ancient Tea Set","Incense Burner"],"acts_visited":["Exordium","TheCity"],"potions_floor_usage":[16,16,16,24,28],"damage_taken":[{"damage":4,"enemies":"2 Louse","floor":1,"turns":3},{"damage":6,"enemies":"Cultist","floor":2,"turns":4},{"damage":7,"enemies":"Small Slimes","floor":5,"turns":5},{"damage":21,"enemies":"3 Sentries","floor":6,"turns":6},{"damage":9,"enemies":"2 Fungi Beasts","floor":7,"turns":3},{"damage":5,"enemies":"Blue Slaver","floor":11,"turns":3},{"damage":10,"enemies":"Looter","floor":12,"turns":3},{"damage":14,"enemies":"3 Louse","floor":14,"turns":4},{"damage":13,"enemies":"Slime Boss","floor":16,"turns":7},{"damage":19,"enemies":"Chosen","floor":18,"turns":5},{"damage":28,"enemies":"Spheric Guardian","floor":22,"turns":5},{"damage":30,"enemies":"Book of Stabbing","floor":24,"turns":6},{"damage":20,"enemies":"3 Cultists","floor":27,"turns":5},{"damage":0,"enemies":"Shelled Parasite and Fungi","floor":28,"turns":3},{"damage":19,"enemies":"Centurion and Healer","floor":29,"turns":5}],"seed_played":"2493292144665072977","potions_obtained":[{"floor":2,"key":"Swift Potion"},{"floor":6,"key":"AttackPotion"},{"floor":7,"key":"Fire Potion"},{"floor":12,"key":"LiquidBronze"},{"floor":14,"key":"SteroidPotion"},{"floor":22,"key":"Weak Potion"},{"floor":27,"key":"Energy Potion"}],"is_trial":false,"path_per_floor":["M","M","?","$","M","E","M","$","T","R","M","M","R","M","R","B",null,"M","?","?","$","M","R","E","R","T","M","M","M"],"character_chosen":"IRONCLAD","items_purchased":["Intimidate","Power Through","Dark Embrace","Disarm"],"campfire_rested":0,"item_purchase_floors":[4,8,8,21],"current_hp_per_floor":[80,80,80,80,79,64,61,61,61,61,62,58,58,50,50,43,80,67,67,67,67,45,45,21,21,21,7,13,0,0],"gold":225,"neow_bonus":"ONE_RARE_RELIC","is_daily":false,"chose_seed":false,"campfire_upgraded":5,"win_rate":0.0,"timestamp":1613395585,"path_taken":["M","M","?","$","M","E","?","$","T","R","M","M","R","M","R","BOSS","M","?","?","$","M","R","E","R","T","M","M","M"],"items_purchased_type":["Card","Card","Card","Card"],"build_version":"2020-12-22","purchased_purges":3,"victory":false,"max_hp_per_floor":[80,80,80,80,80,80,80,80,80,80,80,80,80,80,80,80,80,80,80,80,80,80,80,80,80,80,80,80,80,80],"card_choices":[{"not_picked":["Feel No Pain","Flex"],"picked":"True Grit","floor":1},{"not_picked":["Shrug It Off","Anger"],"picked":"Shockwave","floor":2},{"not_picked":["Shrug It Off","Body Slam"],"picked":"Bludgeon","floor":5},{"not_picked":["Thunderclap","Battle Trance"],"picked":"Reckless Charge","floor":6},{"not_picked":["Shockwave","Clothesline"],"picked":"Warcry","floor":7},{"not_picked":["Anger","Headbutt"],"picked":"Cleave","floor":11},{"not_picked":["Ghostly Armor","Intimidate"],"picked":"Inflame","floor":12},{"not_picked":["Shrug It Off","Iron Wave","Armaments"],"picked":"SKIP","floor":14},{"not_picked":["Demon Form","Bludgeon"],"picked":"Berserk","floor":16},{"not_picked":["Body Slam","Pommel Strike","Whirlwind"],"picked":"SKIP","floor":18},{"not_picked":["Whirlwind+1","Shrug It Off","Infernal Blade"],"picked":"SKIP","floor":22},{"not_picked":["Cleave+1","Power Through+1","Pommel Strike+1"],"picked":"SKIP","floor":24},{"not_picked":["Clothesline","Armaments+1","Blood for Blood"],"picked":"SKIP","floor":27},{"not_picked":["Shrug It Off","Entrench","Clash+1"],"picked":"SKIP","floor":28}],"player_experience":4811,"relics_obtained":[{"floor":6,"key":"Whetstone"},{"floor":9,"key":"Paper Frog"},{"floor":24,"key":"Ancient Tea Set"},{"floor":26,"key":"Incense Burner"}],"event_choices":[{"damage_healed":0,"gold_gain":0,"player_choice":"Gave Potion","damage_taken":0,"relics_obtained":["StoneCalendar"],"max_hp_gain":0,"max_hp_loss":0,"event_name":"WeMeetAgain","floor":3,"gold_loss":0},{"damage_healed":0,"gold_gain":0,"player_choice":"Stole Relic","damage_taken":0,"relics_obtained":["Oddly Smooth Stone"],"max_hp_gain":0,"max_hp_loss":0,"event_name":"Addict","floor":19,"gold_loss":0,"cards_obtained":["Shame"]},{"cards_removed":["Strike_R"],"damage_healed":0,"gold_gain":0,"player_choice":"Gave Gold","damage_taken":0,"max_hp_gain":0,"max_hp_loss":0,"event_name":"Beggar","floor":20,"gold_loss":75}],"is_beta":false,"boss_relics":[{"not_picked":["Black Blood","Empty Cage"],"picked":"Mark of Pain"}],"items_purged_floors":[4,8,21],"is_endless":false,"potions_floor_spawned":[2,6,7,12,14,22,27],"killed_by":"Centurion and Healer","ascension_level":0}}