{"host":"y080dcqw8fj32q7d","time":1613408607,"event":{"mods":["AchievementEnabler","BaseMod","Colored Map","Colored Powertips","DeckTracker","Minty Spire (QoL Compilation)","Relic Sorter"],"gold_per_floor":[115,131,131,145,145,183,198,198,198,198,220,257,275,275,275],"floor_reached":14,"language":"ENG","playtime":679,"items_purged":[],"score":112,"play_id":"84b4a53c-5cde-44ac-8378-73b596c787ed","local_time":"20210215200327","is_ascension_mode":true,"campfire_choices":[{"floor":8,"key":"REST"},{"data":"Metallicize","floor":10,"key":"SMITH"}],"circlet_count":0,"master_deck":["Strike_R","Strike_R","Strike_R","Strike_R","Defend_R","Defend_R","Defend_R","Defend_R","Bash","Headbutt","Pommel Strike","Metallicize+1","Demon Form","Inflame","Pommel Strike"],"relics":["Burning Blood","NeowsBlessing","CeramicFish","Nunchaku","Blue Candle"],"acts_visited":["Exordium"],"potions_floor_usage":[4,6,6,6,13,14],"damage_taken":[{"damage":0,"enemies":"2 Louse","floor":1,"turns":1},{"damage":0,"enemies":"Cultist","floor":2,"turns":1},{"damage":0,"enemies":"Jaw Worm","floor":4,"turns":1},{"damage":25,"enemies":"Lagavulin","floor":6,"turns":8},{"damage":26,"enemies":"Exordium Thugs","floor":7,"turns":7},{"damage":56,"enemies":"Gremlin Gang","floor":11,"turns":7},{"damage":11,"enemies":"Gremlin Nob","floor":12,"turns":4},{"damage":0,"enemies":"3 Louse","floor":13,"turns":3},{"damage":17,"enemies":"Lagavulin","floor":14,"turns":3}],"seed_played":"2192145664451441960","potions_obtained":[{"floor":4,"key":"EntropicBrew"},{"floor":7,"key":"SpeedPotion"},{"floor":13,"key":"GamblersBrew"}],"is_trial":false,"path_per_floor":["M","M","?","M","?","E","M","R","T","R","M","E","M","E"],"character_chosen":"IRONCLAD","items_purchased":[],"campfire_rested":1,"item_purchase_floors":[],"current_hp_per_floor":[80,80,80,80,80,61,41,65,65,65,15,10,16,0,0],"gold":275,"neow_bonus":"THREE_ENEMY_KILL","is_daily":false,"chose_seed":false,"campfire_upgraded":1,"win_rate":0.0,"timestamp":1613408607,"path_taken":["M","M","?","?","?","E","M","R","T","R","M","E","?","E"],"items_purchased_type":[],"build_version":"2020-12-22","purchased_purges":0,"victory":false,"max_hp_per_floor":[80,80,80,80,80,80,80,80,80,80,80,80,80,80,80],"card_choices":[{"not_picked":["Dual Wield","Evolve"],"picked":"Headbutt","floor":1},{"not_picked":["Anger","Sword Boomerang"],"picked":"Pommel Strike","floor":2},{"not_picked":["Body Slam","Pummel"],"picked":"Metallicize","floor":4},{"not_picked":["Warcry","Thunderclap"],"picked":"Demon Form","floor":6},{"not_picked":["Anger","Rage","Hemokinesis"],"picked":"SKIP","floor":7},{"not_picked":["Flex","Reckless Charge"],"picked":"Inflame","floor":11},{"not_picked":["Sentinel","Flex"],"picked":"Pommel Strike","floor":12},{"not_picked":["Dropkick","Body Slam","Anger"],"picked":"SKIP","floor":13}],"player_experience":313421,"relics_obtained":[{"floor":6,"key":"CeramicFish"},{"floor":9,"key":"Nunchaku"},{"floor":12,"key":"Blue Candle"}],"event_choices":[{"damage_healed":0,"gold_gain":0,"player_choice":"Bought 0 Potions","damage_taken":0,"max_hp_gain":0,"max_hp_loss":0,"event_name":"The Woman in Blue","floor":3,"gold_loss":0},{"cards_removed":["Strike_R"],"damage_healed":0,"gold_gain":0,"player_choice":"Card Removal","damage_taken":0,"max_hp_gain":0,"max_hp_loss":0,"event_name":"Wheel of Change","floor":5,"gold_loss":0}],"is_beta":false,"boss_relics":[],"items_purged_floors":[],"is_endless":false,"potions_floor_spawned":[4,7,13],"killed_by":"Lagavulin","ascension_level":2}}