{"host":"9xd9wjw6duoy9kbq","time":1613424814,"event":{"mods":["AchievementEnabler","BaseMod","BetterRewards","Infinite Spire","Jorbs\u0027s Wanderer Trilogy","Minty Spire (QoL Compilation)","Replay The Spire","StSLib"],"gold_per_floor":[116,129,74,94,94,94,121,121,145,171,171,184,213,231,231,327,327,345,357,372,142,142,142,169,181,181,181,181],"floor_reached":27,"language":"ENG","playtime":2058,"items_purged":["Defend_R"],"score":291,"play_id":"9cd84f84-85b0-4bcb-9e03-d37ad579fe84","local_time":"20210215213334","is_ascension_mode":true,"campfire_choices":[{"data":"Infernal Blade","floor":6,"key":"SMITH"},{"data":"Feed","floor":8,"key":"SMITH"},{"floor":11,"key":"REST"},{"data":"Perfected Strike","floor":15,"key":"SMITH"},{"floor":23,"key":"REST"}],"circlet_count":0,"master_deck":["Strike_R","Strike_R","Strike_R","Strike_R","Strike_R","Defend_R","Defend_R","Defend_R","Bash","Iron Wave","Infernal Blade+1","Flame Barrier+1","Wild Strike","Feed+1","Armaments","Abandon","Perfected Strike+1","Clash","Demon Form","Rupture+1","Apotheosis","Inflame+1"],"relics":["Burning Blood","NeowsBlessing","Ornamental Fan","ReplayTheSpireMod:Lightbulb","Nunchaku","Smiling Mask","Orichalcum","Fusion Hammer","infinitespire:Joker Card","Sundial"],"acts_visited":["Exordium","TheCity"],"potions_floor_usage":[13,16,16,19],"damage_taken":[{"damage":0,"enemies":"Cultist","floor":1,"turns":1},{"damage":0,"enemies":"2 Louse","floor":2,"turns":1},{"damage":0,"enemies":"Jaw Worm","floor":4,"turns":1},{"damage":23,"enemies":"Gremlin Nob","floor":7,"turns":4},{"damage":26,"enemies":"Lagavulin","floor":10,"turns":7},{"damage":0,"enemies":"Exordium Wildlife","floor":12,"turns":3},{"damage":14,"enemies":"3 Sentries","floor":13,"turns":6},{"damage":9,"enemies":"Exordium Thugs","floor":14,"turns":6},{"damage":33,"enemies":"The Guardian","floor":16,"turns":6},{"damage":17,"enemies":"Shell Parasite","floor":18,"turns":4},{"damage":10,"enemies":"Chosen","floor":19,"turns":6},{"damage":56,"enemies":"3 Cultists","floor":20,"turns":5},{"damage":49,"enemies":"Book of Stabbing","floor":24,"turns":6},{"damage":10,"enemies":"Centurion and Healer","floor":25,"turns":5},{"damage":28,"enemies":"Replay:Snechameleon","floor":27,"turns":4}],"seed_played":"357127044640509849","potions_obtained":[{"floor":2,"key":"Swift Potion"},{"floor":7,"key":"AttackPotion"},{"floor":12,"key":"LiquidBronze"},{"floor":14,"key":"Adrenaline Potion"},{"floor":20,"key":"SpeedPotion"}],"is_trial":false,"path_per_floor":["M","M","$","M","T","R","E","R","T","E","R","M","E","M","R","B",null,"M","M","M","$","?","R","E","M","T","E"],"character_chosen":"IRONCLAD","items_purchased":["Flame Barrier+1","Apotheosis"],"campfire_rested":2,"item_purchase_floors":[3,21],"current_hp_per_floor":[80,80,80,80,80,80,63,63,63,47,72,82,78,79,79,56,100,93,89,39,39,39,70,27,23,23,0,0],"gold":181,"neow_bonus":"THREE_ENEMY_KILL","is_daily":false,"chose_seed":false,"campfire_upgraded":3,"win_rate":0.0,"timestamp":1613424814,"path_taken":["M","M","?","?","?","R","E","R","T","E","R","M","E","M","R","BOSS","M","M","M","$","?","R","E","M","T","E"],"items_purchased_type":["Card","Card"],"build_version":"2020-12-22","purchased_purges":1,"victory":false,"max_hp_per_floor":[80,80,80,80,80,80,80,80,80,84,84,88,92,96,96,100,100,104,104,104,104,104,104,104,104,104,104,104],"card_choices":[{"not_picked":["Headbutt","Perfected Strike"],"picked":"Iron Wave","floor":1},{"not_picked":["True Grit","Iron Wave"],"picked":"Infernal Blade","floor":2},{"not_picked":["Clothesline","Anger"],"picked":"Wild Strike","floor":4},{"not_picked":["Armaments","Clothesline"],"picked":"Feed","floor":7},{"not_picked":["Hemokinesis","ReplayTheSpireMod:Strike From Hell"],"picked":"Armaments","floor":10},{"not_picked":["Bloodletting","Clothesline"],"picked":"Abandon","floor":12},{"not_picked":["Shrug It Off","Dark Embrace"],"picked":"Perfected Strike","floor":13},{"not_picked":["Infernal Blade","Battle Trance"],"picked":"Clash","floor":14},{"not_picked":["Juggernaut","Corruption"],"picked":"Demon Form","floor":16},{"not_picked":["Uppercut","Body Slam+1","Searing Blow"],"picked":"SKIP","floor":18},{"not_picked":["Replay:Undeath\u0027s Touch","Iron Wave"],"picked":"Rupture+1","floor":19},{"not_picked":["Dropkick","Cleave","Disarm"],"picked":"SKIP","floor":20},{"not_picked":["Dual Wield","Flex+1"],"picked":"Inflame+1","floor":24},{"not_picked":["Thunderclap","Clash","Ghostly Armor"],"picked":"SKIP","floor":25}],"player_experience":136834,"relics_obtained":[{"floor":5,"key":"Ornamental Fan"},{"floor":7,"key":"ReplayTheSpireMod:Lightbulb"},{"floor":9,"key":"Nunchaku"},{"floor":10,"key":"Smiling Mask"},{"floor":13,"key":"Orichalcum"},{"floor":24,"key":"infinitespire:Joker Card"},{"floor":26,"key":"Sundial"}],"event_choices":[],"is_beta":false,"boss_relics":[{"not_picked":["SacredBark","SlaversCollar"],"picked":"Fusion Hammer"}],"items_purged_floors":[21],"is_endless":false,"potions_floor_spawned":[2,7,12,14,20],"killed_by":"Replay:Snechameleon","ascension_level":1}}