{"host":"kdt6w7ix8lwe69i9","time":1613357871,"event":{"mods":["100% Spire Juice","BaseMod","ChefMod","Evolution","Koishi","Minty Spire (QoL Compilation)","Poor People Problems","Reimu（博丽灵梦）","Robot Space Explorer","Shade Mod","StSLib","The Druid","The Gatherer","The Poker Player","The Servant 0.9.4","TheSurvivalist"],"gold_per_floor":[119,40,58,58,233,268,284,312,312,312,347,317,330,343,343,439,439,451,464,464,483,495,495,254,266,266,276,40,55,55,72,72,168,168,182,182,182,196,71,71,96,96,96,111,129,174,204,220,220,220],"floor_reached":51,"language":"ENG","playtime":7293,"items_purged":[],"score":771,"play_id":"0efd8dae-26fb-44bd-8094-c7968e2f3c9d","local_time":"20210214215751","is_ascension_mode":false,"campfire_choices":[{"data":"SilverBlades","floor":10,"key":"SMITH"},{"data":"Luminosity","floor":15,"key":"SMITH"},{"data":"SurpressingFire","floor":23,"key":"SMITH"},{"data":"SilverMatrix","floor":32,"key":"SMITH"},{"data":"MurderousAura","floor":40,"key":"SMITH"},{"floor":42,"key":"REST"},{"floor":49,"key":"DIG"}],"circlet_count":0,"master_deck":["Spin","Strike_S","Strike_S","Strike_S","Defend_S","Defend_S","Defend_S","KidneyShot","Exchange+1","Luminosity+1","SilverBlades+1","Starlight","Doubt","SilverMatrix+1","Sabotage","WasteNot","SurpressingFire+1","Barrier","InstantArmor","Solidify","InstantArmor","Ricochet+1","Manipulate","Rearm","Unruled","LightFlow","Sunlight","Barrier+1","Starlight","Moonlight","Reset+1","Defy","SoulSculpture","Unruled","MurderousAura+1","Manipulate+1","SurpressingFire+1","BestPractice","Contraction+1","Unruled+1","Barrier+1","Orbit+1","Moonlight+1"],"relics":["SplendidAttire","EVO:Axolotl","Orichalcum","The Courier","Toy Ornithopter","Odd Mushroom","Strawberry","Mastiff:ReiMu","MysterySword","Boot","Orrery","Bag of Preparation","Shuriken","Mercury Hourglass","MealTicket","HornCleat","Shovel","Unceasing Top","Anchor","War Paint"],"acts_visited":["Exordium","TheCity","TheBeyond"],"potions_floor_usage":[6,8,16,21,22,22,29,33,33,46,50],"damage_taken":[{"damage":0,"enemies":"Cultist","floor":1,"turns":4},{"damage":3,"enemies":"Small Slimes","floor":3,"turns":4},{"damage":21,"enemies":"3 Sentries","floor":6,"turns":6},{"damage":0,"enemies":"Jaw Worm","floor":7,"turns":2},{"damage":0,"enemies":"The Mushroom Lair","floor":8,"turns":3},{"damage":10,"enemies":"Lagavulin","floor":11,"turns":6},{"damage":0,"enemies":"3 Louse","floor":13,"turns":1},{"damage":0,"enemies":"2 Fungi Beasts","floor":14,"turns":2},{"damage":0,"enemies":"The Guardian","floor":16,"turns":21},{"damage":3,"enemies":"3 Byrds","floor":18,"turns":5},{"damage":0,"enemies":"Spheric Guardian","floor":19,"turns":4},{"damage":22,"enemies":"Cultist and Chosen","floor":21,"turns":9},{"damage":0,"enemies":"Chosen and Byrds","floor":22,"turns":6},{"damage":0,"enemies":"Centurion and Healer","floor":25,"turns":6},{"damage":0,"enemies":"Cultist and Chosen","floor":27,"turns":3},{"damage":0,"enemies":"Shelled Parasite and Fungi","floor":29,"turns":5},{"damage":5,"enemies":"Snake Plant","floor":31,"turns":3},{"damage":13,"enemies":"Collector","floor":33,"turns":9},{"damage":16,"enemies":"3 Shapes","floor":35,"turns":5},{"damage":0,"enemies":"Orb Walker","floor":38,"turns":4},{"damage":29,"enemies":"Reptomancer","floor":41,"turns":4},{"damage":4,"enemies":"3 Darklings","floor":44,"turns":4},{"damage":0,"enemies":"Maw","floor":45,"turns":6},{"damage":5,"enemies":"2 Orb Walkers","floor":46,"turns":3},{"damage":5,"enemies":"Giant Head","floor":47,"turns":9},{"damage":0,"enemies":"Sphere and 2 Shapes","floor":48,"turns":3},{"damage":26,"enemies":"Awakened One","floor":50,"turns":12}],"seed_played":"424341232997392025","potions_obtained":[{"floor":3,"key":"Energy Potion"},{"floor":6,"key":"Energy Potion"},{"floor":7,"key":"Block Potion"},{"floor":12,"key":"DuplicationPotion"},{"floor":12,"key":"SneckoOil"},{"floor":14,"key":"Energy Potion"},{"floor":19,"key":"Ancient Potion"},{"floor":25,"key":"ZuzhouPotion:ReiMu"},{"floor":27,"key":"Regen Potion"},{"floor":31,"key":"GrandPatriotsElixir:ReiMu"},{"floor":41,"key":"GamblersBrew"},{"floor":44,"key":"AttackPotion"},{"floor":45,"key":"FairyPotion"},{"floor":48,"key":"Swift Potion"}],"is_trial":false,"path_per_floor":["M","$","M","?","?","E","M","?","T","R","E","?","M","M","R","B",null,"M","M","?","M","M","R","$","M","T","M","$","M","?","M","R","B",null,"M","?","T","M","$","R","E","R","T","M","M","?","E","M","R","B",null],"character_chosen":"THE_SERVANT","items_purchased":["SilverBlades","Boot","Orrery","Shuriken","Defy","MealTicket"],"campfire_rested":1,"item_purchase_floors":[2,24,24,28,28,39],"current_hp_per_floor":[65,65,62,50,50,29,29,34,41,41,31,31,31,31,31,36,72,69,69,69,50,60,60,60,60,60,60,60,65,65,60,60,65,72,56,56,56,56,56,56,27,48,48,44,44,44,39,39,39,18],"gold":220,"neow_bonus":"RANDOM_COMMON_RELIC","is_daily":false,"chose_seed":false,"campfire_upgraded":5,"win_rate":0.0,"timestamp":1613357871,"path_taken":["M","?","?","?","?","E","M","?","T","R","E","?","M","M","R","BOSS","M","M","?","?","M","R","?","M","T","M","$","?","?","M","R","BOSS","M","?","?","M","?","R","E","R","T","?","M","?","E","M","R","BOSS"],"items_purchased_type":["Card","Relic","Relic","Relic","Card","Relic"],"build_version":"2020-12-22","purchased_purges":0,"victory":true,"max_hp_per_floor":[65,65,65,65,65,65,65,65,72,72,72,72,72,72,72,72,72,72,72,72,72,72,72,72,72,72,72,72,72,72,72,72,72,72,72,72,72,72,72,72,72,72,72,72,72,72,72,72,72,72],"card_choices":[{"not_picked":["Unruled","TimeWarp"],"picked":"Luminosity","floor":1},{"not_picked":["Misdirection","Rewind"],"picked":"Starlight","floor":3},{"not_picked":["ShatteredReality","DoubleEdge"],"picked":"SilverMatrix","floor":6},{"not_picked":["SpecialFormula","Defy"],"picked":"Sabotage","floor":7},{"not_picked":["ShiftingGears","FastForward"],"picked":"WasteNot","floor":8},{"not_picked":["TimeTheft","Potential"],"picked":"SurpressingFire","floor":11},{"not_picked":["ShatteredReality","DoubleEdge"],"picked":"Barrier","floor":13},{"not_picked":["Solidify","Replace"],"picked":"InstantArmor","floor":14},{"not_picked":["TrueSight","Duplication"],"picked":"Solidify","floor":16},{"not_picked":["ShatteredReality","TimeWarp+1"],"picked":"InstantArmor","floor":18},{"not_picked":["Defy+1","Potential+1"],"picked":"Ricochet+1","floor":19},{"not_picked":["Spin+1","BottledTime"],"picked":"Manipulate","floor":21},{"not_picked":["Read","ShatteredReality+1"],"picked":"Rearm","floor":22},{"not_picked":["Spin","Snipe"],"picked":"Unruled","floor":24},{"not_picked":["Revamp","Hightail+1"],"picked":"LightFlow","floor":24},{"not_picked":["TimeWarp","Spin+1"],"picked":"Sunlight","floor":24},{"not_picked":["WasteNot","ShatteredReality"],"picked":"Barrier","floor":24},{"not_picked":["FastForward","StarChef"],"picked":"Starlight","floor":24},{"not_picked":["Rearm+1","TimeWarp"],"picked":"Moonlight","floor":25},{"not_picked":["Unruled","BottledTime+1"],"picked":"Reset+1","floor":27},{"not_picked":["FastForward+1","TimeWarp"],"picked":"SoulSculpture","floor":29},{"not_picked":["RealityMarble+1","Deadline"],"picked":"Unruled","floor":31},{"not_picked":["PendulumOfEternity","TrueSight"],"picked":"MurderousAura","floor":33},{"not_picked":["RealityMarble","Unruled+1"],"picked":"Manipulate+1","floor":35},{"not_picked":["Orbit+1","TimeTheft+1"],"picked":"SurpressingFire+1","floor":38},{"not_picked":["Misdirection+1","Snipe"],"picked":"BestPractice","floor":41},{"not_picked":["Alleviate","Misdirection+1"],"picked":"Contraction+1","floor":44},{"not_picked":["Replace+1","RealityMarble+1"],"picked":"Unruled+1","floor":45},{"not_picked":["Revamp+1","Replace"],"picked":"Barrier+1","floor":46},{"not_picked":["Revamp+1","Rearm+1"],"picked":"Orbit+1","floor":47},{"not_picked":["DoubleEdge+1","ShatteredReality+1"],"picked":"Moonlight+1","floor":48}],"player_experience":1601437,"relics_obtained":[{"floor":6,"key":"Toy Ornithopter"},{"floor":8,"key":"Odd Mushroom"},{"floor":9,"key":"Strawberry"},{"floor":11,"key":"Mastiff:ReiMu"},{"floor":26,"key":"Bag of Preparation"},{"floor":37,"key":"Mercury Hourglass"},{"floor":41,"key":"HornCleat"},{"floor":43,"key":"Shovel"},{"floor":46,"key":"Unceasing Top"},{"floor":47,"key":"Anchor"},{"floor":49,"key":"War Paint"}],"event_choices":[{"damage_healed":0,"gold_gain":0,"player_choice":"Success","damage_taken":12,"relics_obtained":["The Courier"],"max_hp_gain":0,"max_hp_loss":0,"event_name":"Scrap Ooze","floor":4,"gold_loss":0},{"damage_healed":0,"gold_gain":175,"player_choice":"AGREE","damage_taken":0,"max_hp_gain":0,"max_hp_loss":0,"event_name":"Liars Game","floor":5,"gold_loss":0,"cards_obtained":["Doubt"]},{"damage_healed":0,"gold_gain":0,"player_choice":"Fought Mushrooms","damage_taken":0,"max_hp_gain":0,"max_hp_loss":0,"event_name":"Mushrooms","floor":8,"gold_loss":0},{"damage_healed":0,"gold_gain":0,"player_choice":"Bought 2 Potions","damage_taken":0,"max_hp_gain":0,"max_hp_loss":0,"event_name":"The Woman in Blue","floor":12,"gold_loss":0},{"damage_healed":0,"gold_gain":0,"player_choice":"Got Potions","damage_taken":0,"max_hp_gain":0,"max_hp_loss":0,"event_name":"Lab","floor":20,"gold_loss":0},{"damage_healed":0,"gold_gain":0,"player_choice":"Ignored","damage_taken":0,"max_hp_gain":0,"max_hp_loss":0,"event_name":"Vampires","floor":30,"gold_loss":0},{"cards_removed":["Defend_S"],"damage_healed":0,"gold_gain":0,"player_choice":"Removed Skill","damage_taken":0,"max_hp_gain":0,"max_hp_loss":0,"event_name":"Falling","floor":36,"gold_loss":0},{"damage_healed":0,"gold_gain":0,"player_choice":"Fight","damage_taken":0,"max_hp_gain":0,"max_hp_loss":0,"event_name":"Mysterious Sphere","floor":46,"gold_loss":0}],"is_beta":false,"boss_relics":[{"not_picked":["RedLine:ReiMu","Runic Dome"],"picked":"MysterySword"},{"not_picked":["Tiny House","Coffee Dripper"],"picked":"SplendidAttire"}],"items_purged_floors":[],"is_endless":false,"potions_floor_spawned":[3,6,7,14,19,25,27,31,41,44,45,48],"ascension_level":0}}