{"host":"5y2vm16xfq9gfmb2","time":1613375444,"event":{"mods":["AchievementEnabler","BaseMod","Better Third Choice","Colored Map","Colored Powertips","DeckTracker","Friendly Minions","Marisa????????","Minty Spire (QoL Compilation)","Rare Cards Sparkle","Relic Stats","StSLib","The Alterego","The Animator","The Marked","The Servant 0.9.4","Yohane!"],"gold_per_floor":[114,114,141,175,192,235,235,87,133,133,133,167,167,220,220,220,220],"floor_reached":16,"language":"ENG","playtime":968,"items_purged":[],"score":110,"play_id":"77c67a1c-2390-43a8-a873-a21a0c76cc8d","local_time":"20210215025044","is_ascension_mode":false,"campfire_choices":[{"floor":7,"key":"RECALL"},{"data":"PropBag","floor":10,"key":"SMITH"},{"floor":15,"key":"REST"}],"circlet_count":0,"master_deck":["Strike_MRS","Strike_MRS","Strike_MRS","Strike_MRS","Defend_MRS+1","Defend_MRS","Defend_MRS+1","Defend_MRS","MasterSpark","UpSweep","TreasureHunter","WitchOfGreed","6A","PropBag+1","SprinkleStarSeal","IllusionStar","Injury","AlicesGift","EnergyRecoil"],"relics":["MiniHakkero","Lantern","Bird Faced Urn","Toolbox","War Paint","Golden Idol","Pear","Juzu Bracelet","Sundial"],"acts_visited":["Exordium"],"potions_floor_usage":[6,6,16,16,16],"damage_taken":[{"damage":4,"enemies":"Cultist","floor":1,"turns":4},{"damage":0,"enemies":"Small Slimes","floor":3,"turns":3},{"damage":2,"enemies":"2 Louse","floor":4,"turns":3},{"damage":5,"enemies":"Looter","floor":5,"turns":3},{"damage":22,"enemies":"Lagavulin","floor":6,"turns":6},{"damage":8,"enemies":"Exordium Wildlife","floor":12,"turns":4},{"damage":19,"enemies":"Gremlin Nob","floor":14,"turns":5},{"damage":56,"enemies":"Hexaghost","floor":16,"turns":16}],"seed_played":"6191469676434808679","potions_obtained":[{"floor":3,"key":"SkillPotion"},{"floor":3,"key":"Dexterity Potion"},{"floor":4,"key":"Energy Potion"},{"floor":4,"key":"SteroidPotion"},{"floor":6,"key":"LiquidMemories"},{"floor":12,"key":"EntropicBrew"}],"is_trial":false,"path_per_floor":["M","T","M","M","M","E","R","$","T","R","?","M","?","E","R","B"],"character_chosen":"MARISA","items_purchased":["Toolbox"],"campfire_rested":1,"item_purchase_floors":[8],"current_hp_per_floor":[71,71,71,69,64,42,42,42,42,42,42,36,36,29,54,0,0],"gold":220,"neow_bonus":"ONE_RANDOM_RARE_CARD","is_daily":false,"chose_seed":false,"campfire_upgraded":1,"win_rate":0.0,"timestamp":1613375444,"path_taken":["M","?","M","M","M","E","R","?","T","R","?","M","?","E","R","BOSS"],"items_purchased_type":["Relic"],"build_version":"2020-12-22","purchased_purges":0,"victory":false,"max_hp_per_floor":[75,75,75,75,75,75,75,75,75,75,75,75,75,85,85,85,85],"relic_stats":{"counters":[8,44],"Golden Idol":30,"Sundial":[2],"Bird Faced Urn":[6],"Juzu Bracelet":0,"War Paint":["Defend_MRS","Defend_MRS"],"obtain_stats":[{"AmplifyWand":12,"Lantern":6,"Pear":14,"Golden Idol":11,"Blue Candle":14,"Juzu Bracelet":14,"War Paint":9,"Sundial":16,"Bird Faced Urn":6,"Toolbox":8,"MiniHakkero":0,"Kunai":6,"Meat on the Bone":5},{"AmplifyWand":6,"Lantern":5,"Pear":7,"Golden Idol":5,"Blue Candle":7,"Juzu Bracelet":7,"War Paint":5,"Sundial":8,"Bird Faced Urn":5,"Toolbox":5,"MiniHakkero":0,"Kunai":5,"Meat on the Bone":4},{"AmplifyWand":20,"Lantern":19,"Pear":28,"Golden Idol":19,"Blue Candle":24,"Juzu Bracelet":28,"War Paint":19,"Sundial":29,"Bird Faced Urn":19,"Toolbox":19,"MiniHakkero":0,"Kunai":16,"Meat on the Bone":12}]},"card_choices":[{"not_picked":["ShootingEcho","MysteriousBeam"],"picked":"WitchOfGreed","floor":1},{"not_picked":["EarthLightRay","UnstableBomb"],"picked":"6A","floor":3},{"not_picked":["6A","WitchLeyline"],"picked":"PropBag","floor":4},{"not_picked":["UnstableBomb","PowerUp"],"picked":"SprinkleStarSeal","floor":5},{"not_picked":["SporeBomb","GalacticHalo"],"picked":"IllusionStar","floor":6},{"not_picked":["EnergyRecoil","MysteriousBeam"],"picked":"AlicesGift","floor":12},{"not_picked":["ChargingUp","PowerUp"],"picked":"EnergyRecoil","floor":14}],"player_experience":116374,"relics_obtained":[{"floor":6,"key":"Lantern"},{"floor":6,"key":"Bird Faced Urn"},{"floor":9,"key":"War Paint"},{"floor":14,"key":"Pear"},{"floor":14,"key":"Juzu Bracelet"}],"event_choices":[{"damage_healed":0,"gold_gain":0,"player_choice":"Take Wound","damage_taken":0,"relics_obtained":["Golden Idol"],"max_hp_gain":0,"max_hp_loss":0,"event_name":"Golden Idol","floor":11,"gold_loss":0,"cards_obtained":["Injury"]},{"damage_healed":0,"gold_gain":1,"player_choice":"LEAVE","damage_taken":0,"max_hp_gain":0,"max_hp_loss":0,"event_name":"betterThird:BetterScrap","floor":13,"gold_loss":0,"cards_obtained":["Vault"]}],"is_beta":false,"boss_relics":[],"items_purged_floors":[],"is_endless":false,"potions_floor_spawned":[3,4,12],"killed_by":"Hexaghost","ascension_level":0}}