{"host":"j1shzgun22wn368i","time":1613356118,"event":{"mods":["BaseMod","Colored Map","Colored Powertips","Conspire","Downfall","Mad Scientist","Marisa????????","Minty Spire (QoL Compilation)","Prisma Mod","Quick Restart","Remilia??????","Replay The Spire","StSLib","The Blackbeard","The Bug Knight","The Construct","The Cursed","The Disciple","The Elementalist","The Gatherer","The Hierophant","The Jungle","The Mystic","The Necromancer","The Runesmith","The Senshi","The Servant 0.9.4","The Spell Scribe"],"gold_per_floor":[119,3,17,17,37,71,71,86,161,192,192,192,192,206,206,309,309,319,331,0,17,17,17,46,46,121,132,167,167,89,107,107,202,202,220,130,150,170,185,185,185],"floor_reached":40,"language":"ENG","playtime":3521,"items_purged":["Sickly"],"score":463,"play_id":"d9342bff-c373-4989-8782-1334e0171c5f","local_time":"20210215022838","is_ascension_mode":false,"campfire_choices":[{"floor":7,"key":"RECALL"},{"floor":11,"key":"REST"},{"data":"Summon_Lich","floor":13,"key":"SMITH"},{"data":"Summon_Lich","floor":13,"key":"SMITH"},{"floor":15,"key":"REST"},{"data":"Skeleton_Dragon","floor":23,"key":"SMITH"},{"data":"Summon_Undead","floor":23,"key":"SMITH"},{"data":"Toxic_Smoke_Screen","floor":25,"key":"SMITH"},{"data":"Negative_Energy_Mist","floor":25,"key":"SMITH"},{"floor":29,"key":"REST"},{"data":"Defend_W","floor":32,"key":"PURGE"}],"circlet_count":0,"master_deck":["Strike_W+1","Strike_W+1","Strike_W+1","Strike_W+1","Defend_W","Defend_W","Negative_Energy_Arrows","Bone_Wall","Summon_Lich+1","Death_Coil","Summon_Lich+1","Bone_Bullets+1","Grasp_Heart","Summon_Undead+1","Toxic_Smoke_Screen+1","Skeleton_Dragon+1","Exploit","Spectral_Walk","Stop_Heart+1","Toxic_Smoke_Screen+1","Negative_Energy_Shield+1","Summon_Lich","Toxic_Smoke_Screen+1","Bone_Armory","Violent_Necrosis+1","Negative_Energy_Javelin","Skeleton_Dragon","Finger_Of_Death+1","Bone_Armor+1","Spectral_Walk+1"],"relics":["Vampire_Amulet","Replay:Arrowhead","Letter Opener","Pen Nib","Pear","Sozu","Toxic Egg 2","Replay:Rubber Ducky","Replay:Bottled Eggs","ReplayTheSpireMod:CursedCoin","Empty Cage"],"acts_visited":["Exordium","TheCity","TheBeyond"],"potions_floor_usage":[16,18],"damage_taken":[{"damage":6,"enemies":"Jaw Worm","floor":1,"turns":5},{"damage":2,"enemies":"Cultist","floor":3,"turns":4},{"damage":1,"enemies":"Small Slimes","floor":5,"turns":3},{"damage":26,"enemies":"Lagavulin","floor":6,"turns":7},{"damage":22,"enemies":"Gremlin Gang","floor":8,"turns":3},{"damage":27,"enemies":"Gremlin Nob","floor":10,"turns":4},{"damage":5,"enemies":"2 Fungi Beasts","floor":14,"turns":3},{"damage":39,"enemies":"The Guardian","floor":16,"turns":9},{"damage":0,"enemies":"Shell Parasite","floor":18,"turns":4},{"damage":14,"enemies":"Chosen","floor":19,"turns":5},{"damage":14,"enemies":"Snake Plant","floor":21,"turns":4},{"damage":11,"enemies":"Gremlin Leader","floor":24,"turns":6},{"damage":0,"enemies":"Chosen and Byrds","floor":27,"turns":5},{"damage":14,"enemies":"Book of Stabbing","floor":28,"turns":6},{"damage":0,"enemies":"Centurion and Healer","floor":31,"turns":6},{"damage":4,"enemies":"conspire:MysteriousRune","floor":33,"turns":9},{"damage":1,"enemies":"Orb Walker","floor":35,"turns":4},{"damage":4,"enemies":"3 Darklings","floor":37,"turns":5},{"damage":50,"enemies":"Maw","floor":38,"turns":8},{"damage":26,"enemies":"Spire Growth","floor":39,"turns":6},{"damage":18,"enemies":"Nemesis","floor":40,"turns":6}],"seed_played":"-7664110763868785611","potions_obtained":[{"floor":1,"key":"Elixir"},{"floor":5,"key":"bronze:BurnAndBuffPotion"},{"floor":14,"key":"Fire Potion"},{"floor":16,"key":"SkillPotion"}],"is_trial":false,"path_per_floor":["M","$","M","$","M","E","R","M","T","E","R","?","R","M","R","B",null,"M","M","$","M","$","R","E","R","T","M","E","R","$","M","R_BF","B",null,"M","?","M","M","M","E"],"character_chosen":"NECROMANCER","items_purchased":["Summon_Lich","Death_Coil","Toxic Egg 2","Stop_Heart+1","ReplayTheSpireMod:CursedCoin","Bone_Armory","Violent_Necrosis+1"],"campfire_rested":3,"item_purchase_floors":[2,2,20,20,30,30,30],"current_hp_per_floor":[78,78,78,78,81,57,57,43,43,18,42,52,52,51,78,41,92,92,80,80,77,77,77,76,76,76,83,71,92,92,92,92,90,92,92,92,90,42,18,0,0],"gold":185,"neow_bonus":"TEN_PERCENT_HP_BONUS","is_daily":false,"chose_seed":false,"campfire_upgraded":6,"win_rate":0.0,"timestamp":1613356118,"path_taken":["M","$","M","$","M","E","R","M","T","E","R","?","R","M","R","BOSS","M","M","$","M","$","R","E","R","T","M","E","R","?","M","R_BF","BOSS","M","?","?","?","M","E"],"items_purchased_type":["Card","Card","Relic","Card","Relic","Card","Card"],"build_version":"2020-12-22","purchased_purges":1,"victory":false,"max_hp_per_floor":[82,82,82,82,82,82,82,82,82,82,82,92,92,92,92,92,92,92,92,92,92,92,92,92,92,92,92,92,92,92,92,92,92,92,92,92,92,92,92,92,92],"card_choices":[{"not_picked":["Violent_Necrosis","Bones_to_Steel"],"picked":"Death_March_Dance","floor":1},{"not_picked":["Stop_Heart","Bone_Armory"],"picked":"Summon_Lich","floor":3},{"not_picked":["Shackles_Of_Pain","Bone_Armory"],"picked":"Bone_Bullets","floor":5},{"not_picked":["Blood_Magic","Blood_Whip"],"picked":"Grasp_Heart","floor":6},{"not_picked":["Bone_Shift","Chill_Blood"],"picked":"Negative_Energy_Mist","floor":8},{"not_picked":["Whirlwind_of_Bones","Blood_Curse"],"picked":"Summon_Undead","floor":10},{"not_picked":["Shade_Step","Bone_Shift"],"picked":"Toxic_Smoke_Screen","floor":14},{"not_picked":["Blood_Magic","Reap_The_Weak"],"picked":"Skeleton_Dragon","floor":16},{"not_picked":["Thousand_Bone_Knives+1","Bone_Spikes+1"],"picked":"Exploit","floor":18},{"not_picked":["Consume_Illness","Deaths_Shadow"],"picked":"Spectral_Walk","floor":19},{"not_picked":["Bone_Spikes","Scare+1"],"picked":"Toxic_Smoke_Screen+1","floor":21},{"not_picked":["Acid_Javelin","Shade_Step+1"],"picked":"Negative_Energy_Shield+1","floor":24},{"not_picked":["Blood_Shield+1","Pandemic+1"],"picked":"Summon_Lich","floor":27},{"not_picked":["Toxic_Smoke_Screen+1","Deaths_Shadow","Negative_Energy_Mist+1"],"picked":"SKIP","floor":28},{"not_picked":["Deaths_Shadow","Negative_Energy_Mist+1"],"picked":"Toxic_Smoke_Screen+1","floor":28},{"not_picked":["Death_March_Dance+1","Shackles_Of_Pain+1"],"picked":"Negative_Energy_Javelin","floor":31},{"not_picked":["Reap_The_Weak","Grasp_Heart"],"picked":"Skeleton_Dragon","floor":33},{"not_picked":["Negative_Energy_Sphere+1","Negative_Energy_Mist+1"],"picked":"Finger_Of_Death+1","floor":35},{"not_picked":["Bone_Spikes","Necromantic_Selection+1"],"picked":"Bone_Armor+1","floor":37},{"not_picked":["Scare+1","Whirlwind_of_Bones+1","Death_Knell"],"picked":"SKIP","floor":38},{"not_picked":["Strike_from_Beyond","Negative_Energy_Mist+1"],"picked":"Spectral_Walk+1","floor":39}],"player_experience":269337,"relics_obtained":[{"floor":6,"key":"Replay:Arrowhead"},{"floor":9,"key":"Letter Opener"},{"floor":10,"key":"Pen Nib"},{"floor":24,"key":"Replay:Rubber Ducky"},{"floor":28,"key":"Replay:Bottled Eggs"}],"event_choices":[{"damage_healed":0,"gold_gain":0,"player_choice":"Gave Potion","damage_taken":0,"relics_obtained":["Pear"],"max_hp_gain":0,"max_hp_loss":0,"event_name":"WeMeetAgain","floor":12,"gold_loss":0},{"cards_removed":["Death_March_Dance"],"damage_healed":0,"gold_gain":0,"player_choice":"Upgrade and Remove","damage_taken":0,"max_hp_gain":0,"max_hp_loss":0,"event_name":"Designer","floor":36,"gold_loss":90,"cards_upgraded":["Bone_Bullets"]}],"is_beta":false,"boss_relics":[{"not_picked":["ReplayTheSpireMod:DimensionalGlitch","Cursed Key"],"picked":"Sozu"},{"not_picked":["Velvet Choker","Replay:Ancient Bell"],"picked":"Empty Cage"}],"items_purged_floors":[30],"is_endless":false,"potions_floor_spawned":[1,5,14,16,18,21,27,28,35],"killed_by":"Nemesis","ascension_level":0}}