{"host":"gtoa8h4im74f14p0","time":1613360903,"event":{"mods":["AchievementEnabler","BaseMod","Better Silent Start","Block Reminder","Colored Powertips","Custom Start","Downfall","Hermit","Minty Spire (QoL Compilation)","Reliquary","Shop Mod","StSLib","Swap Starting Deck Mod","The Cursed","The Marked"],"gold_per_floor":[115,115,42,42,57,57,68,68,68,44,79,154,167,179,179,278,278,296,84,84,98,115,128,128,3,28,58,58,73,73,73],"floor_reached":30,"language":"ENG","playtime":1430,"items_purged":[],"score":230,"play_id":"2bc65495-5ac4-46b3-be82-883df73789ce","local_time":"20210214224823","is_ascension_mode":false,"campfire_choices":[{"data":"Rainbow","floor":6.0,"key":"SMITH"},{"floor":15.0,"key":"REST"},{"floor":24.0,"key":"REST"}],"circlet_count":0,"master_deck":["Strike_B+1","Strike_B+1","Strike_B+1","Strike_B+1","Defend_B+1","Defend_B+1","Defend_B+1","Defend_B+1","Zap","Dualcast","Rebound+1","Rainbow+1","Streamline","Leap","Ball Lightning","Hologram","Redo","Self Repair","Electrodynamics","Rebound","Defragment","Capacitor","Beam Cell","Stack","Capacitor","Hologram","Melter","Capacitor"],"relics":["Cracked Core","Blood Vial","Letter Opener","reliquary:PartyBalloon","SacredBark","Happy Flower","Bag of Preparation","Bronze Scales","Red Mask"],"acts_visited":["Exordium","TheCity"],"potions_floor_usage":[30],"damage_taken":[{"damage":5.0,"enemies":"2 Louse","floor":1.0,"turns":3.0},{"damage":0.0,"enemies":"Jaw Worm","floor":5.0,"turns":4.0},{"damage":0.0,"enemies":"Small Slimes","floor":7.0,"turns":2.0},{"damage":32.0,"enemies":"Gremlin Nob","floor":11.0,"turns":4.0},{"damage":0.0,"enemies":"Looter","floor":13.0,"turns":3.0},{"damage":0.0,"enemies":"2 Fungi Beasts","floor":14.0,"turns":3.0},{"damage":53.0,"enemies":"The Guardian","floor":16.0,"turns":11.0},{"damage":10.0,"enemies":"3 Byrds","floor":18.0,"turns":2.0},{"damage":40.0,"enemies":"2 Thieves","floor":21.0,"turns":3.0},{"damage":15.0,"enemies":"Snecko","floor":22.0,"turns":5.0},{"damage":10.0,"enemies":"Cultist and Chosen","floor":23.0,"turns":4.0},{"damage":47.0,"enemies":"Masked Bandits","floor":27.0,"turns":4.0},{"damage":8.0,"enemies":"Sentry and Sphere","floor":29.0,"turns":5.0},{"damage":19,"enemies":"Slavers","floor":30,"turns":1}],"seed_played":"-4371095714881507089","potions_obtained":[{"floor":5.0,"key":"SteroidPotion"},{"floor":7.0,"key":"LiquidBronze"},{"floor":13.0,"key":"BlessingOfTheForge"},{"floor":21.0,"key":"champ:CounterPotion"},{"floor":27.0,"key":"EssenceOfSteel"},{"floor":29.0,"key":"BlessingOfTheForge"}],"is_trial":false,"path_per_floor":["M","?","$","?","M","R","M","?","T","$","E","?","M","M","R","B",null,"M","$","?","M","M","M","R","$","T","?","?","M","E"],"character_chosen":"DEFECT","items_purchased":["Rainbow","Ball Lightning","Defragment","Happy Flower","Capacitor","Hologram"],"campfire_rested":2,"item_purchase_floors":[3,10,19,19,25,25],"current_hp_per_floor":[77,77,77,70,72,72,74,74,74,74,44,33,35,37,61,17,82,79,79,79,48,42,34,58,58,58,20,20,14,0,0],"gold":73,"neow_bonus":"TEN_PERCENT_HP_BONUS","is_daily":false,"chose_seed":false,"campfire_upgraded":1,"win_rate":0.0,"timestamp":1613360903,"path_taken":["M","?","$","?","M","R","M","?","T","?","E","?","?","M","R","BOSS","M","$","?","M","M","M","R","$","T","?","?","M","E"],"items_purchased_type":["Card","Card","Card","Relic","Card","Card"],"build_version":"2020-12-22","purchased_purges":0,"victory":false,"max_hp_per_floor":[82,82,82,82,82,82,82,82,82,82,82,82,82,82,82,82,82,82,82,82,82,82,82,82,82,82,82,82,82,82,82],"card_choices":[{"not_picked":["Hologram","Leap"],"picked":"Rebound","floor":1.0},{"not_picked":["Reprogram","Undo"],"picked":"Streamline","floor":5.0},{"not_picked":["Double Energy","Barrage"],"picked":"Leap","floor":7.0},{"not_picked":["Ball Lightning","Cold Snap"],"picked":"Hologram","floor":11.0},{"not_picked":["Streamline","Coolheaded"],"picked":"Redo","floor":13.0},{"not_picked":["Cold Snap","Streamline"],"picked":"Self Repair","floor":14.0},{"not_picked":["Creative AI","Seek"],"picked":"Electrodynamics","floor":16.0},{"not_picked":["Hello World","Stack+1"],"picked":"Rebound","floor":18.0},{"not_picked":["Compile Driver","Conserve Battery"],"picked":"Capacitor","floor":21.0},{"not_picked":["Cold Snap","Doom and Gloom"],"picked":"Beam Cell","floor":22.0},{"not_picked":["Ball Lightning","Scrape"],"picked":"Stack","floor":23.0},{"not_picked":["Fusion","Auto Shields+1"],"picked":"Melter","floor":27.0},{"not_picked":["Force Field","Blizzard"],"picked":"Capacitor","floor":29.0}],"player_experience":39176,"relics_obtained":[{"floor":9.0,"key":"Letter Opener"},{"floor":11.0,"key":"reliquary:PartyBalloon"},{"floor":26.0,"key":"Bronze Scales"},{"floor":27.0,"key":"Red Mask"}],"event_choices":[{"damage_healed":0.0,"max_hp_gain":0.0,"max_hp_loss":0.0,"gold_gain":0.0,"event_name":"Living Wall","player_choice":"Grow","floor":2.0,"gold_loss":0.0,"damage_taken":0.0,"cards_upgraded":["Rebound"]},{"damage_healed":0.0,"max_hp_gain":0.0,"max_hp_loss":0.0,"gold_gain":0.0,"event_name":"Scrap Ooze","player_choice":"Success","floor":4.0,"gold_loss":0.0,"damage_taken":7.0,"relics_obtained":["Blood Vial"]},{"damage_healed":0.0,"max_hp_gain":0.0,"max_hp_loss":0.0,"gold_gain":0.0,"event_name":"The Cleric","player_choice":"Leave","floor":8.0,"gold_loss":0.0,"damage_taken":0.0},{"damage_healed":0.0,"max_hp_gain":0.0,"max_hp_loss":0.0,"gold_gain":75.0,"event_name":"World of Goop","player_choice":"Gather Gold","floor":12.0,"gold_loss":0.0,"damage_taken":11.0},{"damage_healed":0.0,"max_hp_gain":0.0,"max_hp_loss":0.0,"gold_gain":0.0,"event_name":"The Mausoleum","player_choice":"Opened","floor":20.0,"gold_loss":0.0,"damage_taken":0.0,"relics_obtained":["Bag of Preparation"]},{"damage_healed":0.0,"max_hp_gain":0.0,"max_hp_loss":0.0,"gold_gain":0.0,"event_name":"Masked Bandits","player_choice":"Fought Bandits","floor":27.0,"gold_loss":0.0,"damage_taken":0.0},{"damage_healed":0.0,"max_hp_gain":0.0,"max_hp_loss":0.0,"gold_gain":0.0,"event_name":"Back to Basics","player_choice":"Simplicity","floor":28.0,"gold_loss":0.0,"damage_taken":0.0,"cards_upgraded":["Strike_B","Strike_B","Strike_B","Strike_B","Defend_B","Defend_B","Defend_B","Defend_B"]}],"is_beta":false,"boss_relics":[{"not_picked":["Astrolabe","reliquary:Ember"],"picked":"SacredBark"}],"items_purged_floors":[],"is_endless":false,"potions_floor_spawned":[5,7,13,21,27,29],"killed_by":"Slavers","ascension_level":0}}