{"host":"cw5mrddkw4tq3s8v","time":1613428284,"event":{"mods":["BaseMod","Block Reminder","Colored Map","Colored Powertips","DeckTracker","Downfall","Highlight Path","Infinite Spire","Minty Spire (QoL Compilation)","Permanent Neow","Quick Restart","Random Character Button","Relic Sorter","Relic Stats","StSLib","SuperFastMode","The Jungle"],"gold_per_floor":[114,132,42,59,59,59,85,100,129,129,148,148,174,274,274,373,373,387,400,500,500,517,517,517,517,536,436,449,475,375,402,302,405,405,422,435,435,449,466,494,494,594,594,594,594],"floor_reached":43,"language":"ENG","playtime":6405,"items_purged":["Parasite"],"score":533,"play_id":"ceffa00f-4ac3-4f40-be1f-c6afa6868fd6","local_time":"20210216003124","is_ascension_mode":false,"campfire_choices":[{"data":"champ:IgnorePain","floor":10.0,"key":"SMITH"},{"data":"champ:StanceDance","floor":12.0,"key":"SMITH"},{"data":"champ:PreciseThrust","floor":15.0,"key":"SMITH"},{"data":"champ:StrikeOfGenius","floor":23,"key":"SMITH"},{"data":"champ:FlashCut","floor":27,"key":"SMITH"},{"floor":30,"key":"RECALL"},{"data":"champ:RisingSlash","floor":32,"key":"SMITH"}],"circlet_count":0,"master_deck":["champ:Strike+1","champ:Strike","champ:Strike","champ:Defend","champ:Defend","champ:Defend","champ:Defend","champ:Execute+1","champ:Taunt+1","champ:CrownThrow","champ:RisingSlash+1","champ:IronFortress","champ:PreciseThrust+1","champ:Endure","champ:IgnorePain+1","champ:StanceDance+1","champ:StrikeOfGenius+1","champ:Circumvent","champ:FlashCut+1","champ:DefensiveShout","champ:VampiricStrike+1","champ:GladiatorForm","champ:Lariat+1","infinitespire:Gouge+1","champ:EnGarde+1"],"relics":["champ:ChampionCrownUpgraded","Vajra","HornCleat","Pear","champ:BlackKnightHelmet","Molten Egg 2","champ:BerserkersGuideToSlaughter","downfall:HeartBlessingBlue","Gambling Chip","downfall:HeartBlessingGreen","infinitespire:Joker Card","downfall:HeartBlessingRed","Philosopher\u0027s Stone","Regal Pillow","Whetstone","Ginger"],"acts_visited":["Exordium","TheCity","TheBeyond"],"potions_floor_usage":[20,20,29,29,40,42,43,43],"damage_taken":[{"damage":14.0,"enemies":"2 Louse","floor":1.0,"turns":4.0},{"damage":16.0,"enemies":"Jaw Worm","floor":2.0,"turns":3.0},{"damage":20.0,"enemies":"downfall:FleeingMerchant","floor":3.0,"turns":4.0},{"damage":10.0,"enemies":"Cultist","floor":4.0,"turns":3.0},{"damage":0.0,"enemies":"Exordium Wildlife","floor":8.0,"turns":2.0},{"damage":24.0,"enemies":"Gremlin Nob","floor":9.0,"turns":3.0},{"damage":10.0,"enemies":"3 Louse","floor":11.0,"turns":3.0},{"damage":20.0,"enemies":"3 Sentries","floor":13.0,"turns":7.0},{"damage":88.0,"enemies":"SI_SHIV_ARCHETYPE","floor":16.0,"turns":9.0},{"damage":15,"enemies":"Spheric Guardian","floor":18,"turns":3},{"damage":19,"enemies":"3 Byrds","floor":19,"turns":6},{"damage":5,"enemies":"3 Byrds","floor":20,"turns":9},{"damage":9,"enemies":"Centurion and Healer","floor":22,"turns":7},{"damage":9,"enemies":"Cultist and Chosen","floor":26,"turns":6},{"damage":21,"enemies":"Snecko","floor":28,"turns":4},{"damage":15,"enemies":"Slavers","floor":29,"turns":6},{"damage":41,"enemies":"Gremlin Leader","floor":31,"turns":8},{"damage":63,"enemies":"IC_MUSHROOM_ARCHETYPE","floor":33,"turns":8},{"damage":13,"enemies":"3 Darklings","floor":35,"turns":7},{"damage":0,"enemies":"Orb Walker","floor":36,"turns":2},{"damage":10,"enemies":"Writhing Mass","floor":38,"turns":4},{"damage":36,"enemies":"Sphere and 2 Shapes","floor":39,"turns":5},{"damage":16,"enemies":"Nemesis","floor":40,"turns":9},{"damage":57,"enemies":"infinitespire:Three Voidlings","floor":42,"turns":5},{"damage":109,"enemies":"Nightmare_Alpha","floor":42,"turns":11},{"damage":48,"enemies":"Nightmare","floor":43,"turns":6}],"seed_played":"793157902818645787","potions_obtained":[{"floor":1.0,"key":"Fire Potion"},{"floor":4.0,"key":"champ:CounterPotion"},{"floor":8.0,"key":"Guardian:BlockOnCardUsePotion"},{"floor":9.0,"key":"Swift Potion"},{"floor":16.0,"key":"AttackPotion"},{"floor":18,"key":"Block Potion"},{"floor":19,"key":"LiquidMemories"},{"floor":26,"key":"DuplicationPotion"},{"floor":28,"key":"GamblersBrew"},{"floor":35,"key":"Weak Potion"},{"floor":36,"key":"Strength Potion"},{"floor":42,"key":"Regen Potion"}],"is_trial":false,"path_per_floor":["M","M","$","M","?","?","T","M","E","R","M","R","E","?","R","B",null,"M","M","?","?","M","R","T","?","M","R","M","E","R","E","R","B",null,"M","M","?","M","M","E","T","?","NM"],"character_chosen":"THE_CHAMP","items_purchased":[],"campfire_rested":0,"item_purchase_floors":[],"current_hp_per_floor":[104,98,98,98,98,98,98,98,84,84,84,84,84,84,84,31,115,115,111,111,111,115,115,115,115,115,125,125,115,115,104,104,56,125,117,122,122,125,104,113,113,29,0,0,0],"gold":594,"neow_bonus":"TWENTY_PERCENT_HP_BONUS","is_daily":false,"chose_seed":false,"campfire_upgraded":6,"win_rate":0.0,"timestamp":1613428284,"path_taken":["M","M","$","M","?","?","T","M","E","R","M","R","E","?","R","BOSS","M","M","?","?","M","R","T","?","?","R","M","E","R","E","R","BOSS","M","M","?","?","M","E","T","?","NM"],"items_purchased_type":[],"build_version":"2020-12-13","purchased_purges":1,"victory":false,"max_hp_per_floor":[108,108,105,105,105,105,105,105,105,105,105,105,115,115,115,115,115,115,115,115,115,115,115,115,115,115,125,125,125,125,125,125,125,125,125,125,125,125,125,125,125,125,125,125,125],"relic_stats":{"Regal Pillow":0,"counters":[26,144],"Gambling Chip":[27],"Whetstone":["champ:Strike","champ:Execute"],"Ginger":[0],"obtain_stats":[{"champ:BlackKnightHelmet":20,"Regal Pillow":40,"Pear":13,"downfall:HeartBlessingRed":32,"Vajra":7,"champ:ChampionCrown":0,"downfall:HeartBlessingGreen":30,"champ:ChampionCrownUpgraded":17,"infinitespire:Joker Card":31,"Whetstone":41,"Ginger":42,"HornCleat":9,"downfall:HeartBlessingBlue":27,"Gambling Chip":29,"Molten Egg 2":20,"Philosopher\u0027s Stone":34,"champ:BerserkersGuideToSlaughter":21},{"champ:BlackKnightHelmet":12,"Regal Pillow":23,"Pear":8,"downfall:HeartBlessingRed":17,"Vajra":4,"champ:ChampionCrown":0,"downfall:HeartBlessingGreen":16,"champ:ChampionCrownUpgraded":9,"infinitespire:Joker Card":17,"Whetstone":23,"Ginger":25,"HornCleat":6,"downfall:HeartBlessingBlue":14,"Gambling Chip":16,"Molten Egg 2":12,"Philosopher\u0027s Stone":18,"champ:BerserkersGuideToSlaughter":12},{"champ:BlackKnightHelmet":56,"Regal Pillow":122,"Pear":29,"downfall:HeartBlessingRed":87,"Vajra":14,"champ:ChampionCrown":0,"downfall:HeartBlessingGreen":79,"champ:ChampionCrownUpgraded":38,"infinitespire:Joker Card":87,"Whetstone":122,"Ginger":138,"HornCleat":19,"downfall:HeartBlessingBlue":69,"Gambling Chip":79,"Molten Egg 2":56,"Philosopher\u0027s Stone":95,"champ:BerserkersGuideToSlaughter":56}]},"card_choices":[{"not_picked":["champ:GutPunch","champ:EndlessRage"],"picked":"champ:CrownThrow","floor":1.0},{"not_picked":["champ:BladeFlurry","champ:BerserkersShout"],"picked":"champ:RisingSlash","floor":2.0},{"not_picked":["champ:FancyFootwork","champ:Shatter"],"picked":"champ:IronFortress","floor":3.0},{"not_picked":["champ:HeartStrike","champ:Duel"],"picked":"champ:PreciseThrust","floor":4.0},{"not_picked":["champ:Shatter","champ:EnragedBash"],"picked":"champ:Endure","floor":8.0},{"not_picked":["champ:CrownThrow","champ:Shatter"],"picked":"champ:IgnorePain","floor":9.0},{"not_picked":["champ:CrownThrow","champ:Backstep"],"picked":"champ:StanceDance","floor":11.0},{"not_picked":["champ:BladeFlurry","champ:FaceSlap","champ:PerfectedStrike"],"picked":"SKIP","floor":13.0},{"not_picked":["champ:TripleStrike","champ:CheapShot"],"picked":"champ:StrikeOfGenius","floor":16.0},{"not_picked":["champ:FalseCounter","champ:AdrenalArmor"],"picked":"champ:Circumvent","floor":18},{"not_picked":["champ:AdrenalArmor+1","champ:Circumvent"],"picked":"champ:FlashCut","floor":19},{"not_picked":["champ:CrownThrow+1","champ:GutPunch+1"],"picked":"champ:DefensiveShout","floor":22},{"not_picked":["champ:Endure","champ:FalseCounter+1","champ:TornadoPunch+1"],"picked":"SKIP","floor":26},{"not_picked":["champ:AdrenalArmor","champ:BladeFlurry+1","champ:SetATrap+1"],"picked":"SKIP","floor":28},{"not_picked":["champ:Duel+1","champ:IronFortress","champ:PerfectedStrike+1"],"picked":"SKIP","floor":29},{"not_picked":["champ:TornadoPunch+1","champ:FanOfKnives+1","champ:HeavySlash+1"],"picked":"SKIP","floor":31},{"not_picked":["champ:UltimateStance","champ:LastStand"],"picked":"champ:VampiricStrike+1","floor":33},{"not_picked":["champ:EnGarde","champ:SetATrap+1","champ:FaceSlap+1"],"picked":"SKIP","floor":35},{"not_picked":["champ:Circumvent","champ:Backstep","champ:RecklessLeap+1"],"picked":"SKIP","floor":36},{"not_picked":["champ:Backstep","champ:Haymaker+1"],"picked":"champ:GladiatorForm","floor":38},{"not_picked":["champ:BladeFlurry+1","champ:PerfectedStrike+1"],"picked":"champ:Lariat+1","floor":39},{"not_picked":["champ:StanceDance+1","champ:GutPunch+1","champ:FlashCut+1"],"picked":"SKIP","floor":40},{"not_picked":["infinitespire:TheBestDefense","infinitespire:NeuralNetwork"],"picked":"infinitespire:Gouge","floor":42},{"not_picked":["champ:PerfectedStrike+1","champ:Backstep"],"picked":"champ:EnGarde+1","floor":42}],"player_experience":102143,"relics_obtained":[{"floor":7.0,"key":"Vajra"},{"floor":9.0,"key":"HornCleat"},{"floor":13.0,"key":"Pear"},{"floor":20,"key":"champ:BlackKnightHelmet"},{"floor":20,"key":"Molten Egg 2"},{"floor":29,"key":"Gambling Chip"},{"floor":31,"key":"infinitespire:Joker Card"},{"floor":40,"key":"Regal Pillow"},{"floor":41,"key":"Whetstone"},{"floor":42,"key":"Ginger"}],"event_choices":[{"cards_removed":["champ:Strike"],"damage_healed":0.0,"max_hp_gain":0.0,"max_hp_loss":0.0,"gold_gain":0.0,"event_name":"The Cleric","player_choice":"Card Removal","floor":6.0,"gold_loss":0.0,"damage_taken":0.0},{"damage_healed":0,"gold_gain":0,"player_choice":"Ignored","damage_taken":0,"max_hp_gain":0,"max_hp_loss":0,"event_name":"NoteForYourself","floor":37,"gold_loss":0}],"is_beta":false,"boss_relics":[{"not_picked":["SacredBark","Calling Bell"],"picked":"champ:ChampionCrownUpgraded"},{"not_picked":["SlaversCollar","infinitespire:Cupcake"],"picked":"Philosopher\u0027s Stone"}],"items_purged_floors":[3],"is_endless":false,"potions_floor_spawned":[1,4,8,9,16,18,19,26,28,35,36,42,42],"killed_by":"Nightmare","ascension_level":0}}