{"host":"gtoa8h4im74f14p0","time":1613409322,"event":{"mods":["AchievementEnabler","BaseMod","Better Silent Start","Block Reminder","Colored Powertips","Custom Start","Downfall","Hermit","Minty Spire (QoL Compilation)","Reliquary","Shop Mod","StSLib","Swap Starting Deck Mod","The Cursed","The Marked"],"gold_per_floor":[116,116,18,29,39,70,2,2,82,82,100,111,175,202,202,301,301,314,50,50,60,79,79,99,119,119,149,149,168,181,181,181],"floor_reached":31,"language":"ENG","playtime":1853,"items_purged":["Pain"],"score":319,"play_id":"3c205ca2-2160-4e55-863e-a70eb63a50d0","local_time":"20210215121522","is_ascension_mode":false,"campfire_choices":[{"data":"Anger","floor":8,"key":"SMITH"},{"data":"Flex","floor":10,"key":"SMITH"},{"floor":15,"key":"REST"},{"floor":23,"key":"REST"},{"floor":28,"key":"REST"}],"circlet_count":0,"master_deck":["Anger+1","Twin Strike","Twin Strike","Twin Strike","Twin Strike","Rage","Rage","Rage","Rage","Flex+1","Heavy Blade","Armaments","Headbutt","Cleave","Juggernaut","Thunderclap","Searing Blow","Body Slam","Cleave","Feed","Flex+1","Limit Break+1","Feed","Armaments+1","J.A.X.+1","Blood for Blood","Sword Boomerang","Barricade","Shrug It Off+1","Cleave+1","Iron Wave","Sword Boomerang"],"relics":["Burning Blood","WarpedTongs","reliquary:PorcupineQuills","Toxic Egg 2","reliquary:SharkskinSheath","reliquary:WeakTea","Mark of Pain","reliquary:Stiletto","Regal Pillow"],"acts_visited":["Exordium","TheCity"],"potions_floor_usage":[6,16,18,22,25,27,31,31],"damage_taken":[{"damage":0,"enemies":"2 Louse","floor":1,"turns":2},{"damage":0,"enemies":"Cultist","floor":4,"turns":2},{"damage":0,"enemies":"Jaw Worm","floor":5,"turns":2},{"damage":9,"enemies":"3 Sentries","floor":6,"turns":4},{"damage":1,"enemies":"2 Fungi Beasts","floor":11,"turns":2},{"damage":15,"enemies":"Looter","floor":12,"turns":3},{"damage":6,"enemies":"3 Sentries","floor":13,"turns":5},{"damage":20,"enemies":"Lagavulin","floor":14,"turns":5},{"damage":49,"enemies":"The Guardian","floor":16,"turns":7},{"damage":17,"enemies":"Shell Parasite","floor":18,"turns":4},{"damage":13,"enemies":"Chosen","floor":21,"turns":3},{"damage":19,"enemies":"Snake Plant","floor":22,"turns":3},{"damage":29,"enemies":"Chosen and Byrds","floor":24,"turns":6},{"damage":0,"enemies":"Shelled Parasite and Fungi","floor":25,"turns":2},{"damage":21,"enemies":"Gremlin Leader","floor":27,"turns":3},{"damage":3,"enemies":"Centurion and Healer","floor":29,"turns":5},{"damage":24,"enemies":"Snake Plant","floor":30,"turns":3},{"damage":26,"enemies":"Colosseum Slavers","floor":31,"turns":3},{"damage":24,"enemies":"Colosseum Nobs","floor":31,"turns":3}],"seed_played":"-2074953642427281181","potions_obtained":[{"floor":1,"key":"AttackPotion"},{"floor":5,"key":"Dexterity Potion"},{"floor":14,"key":"ColorlessPotion"},{"floor":16,"key":"Swift Potion"},{"floor":18,"key":"PowerPotion"},{"floor":22,"key":"DistilledChaos"},{"floor":24,"key":"hexamod:SoulburnPotion"},{"floor":29,"key":"ElixirPotion"},{"floor":30,"key":"DuplicationPotion"}],"is_trial":false,"path_per_floor":["M","?","$","M","M","E","$","R","T","R","M","M","?","E","R","B",null,"M","$","?","M","M","R","M","M","T","E","R","M","M","?"],"character_chosen":"IRONCLAD","items_purchased":["Armaments","Juggernaut","Limit Break+1","Feed","Armaments+1"],"campfire_rested":3,"item_purchase_floors":[3,7,19,19,19],"current_hp_per_floor":[60,60,60,60,60,57,57,57,57,57,60,51,51,37,55,12,60,49,49,49,42,29,47,28,34,34,19,53,59,44,0,0],"gold":181,"neow_bonus":"","is_daily":false,"chose_seed":false,"campfire_upgraded":2,"win_rate":0.0,"timestamp":1613409322,"path_taken":["M","?","?","M","M","E","$","R","T","R","?","M","?","E","R","BOSS","M","$","?","M","M","R","M","M","T","E","R","M","M","?"],"items_purchased_type":["Card","Card","Card","Card","Card"],"build_version":"2020-12-22","purchased_purges":1,"victory":false,"max_hp_per_floor":[60,60,60,60,60,60,60,60,60,60,60,60,60,60,60,60,60,60,60,60,60,60,60,64,64,64,64,64,67,70,70,70],"card_choices":[{"not_picked":["Pummel","Armaments"],"picked":"Heavy Blade","floor":1},{"not_picked":["Shrug It Off","Disarm","Hemokinesis"],"picked":"SKIP","floor":4},{"not_picked":["Dark Embrace","True Grit"],"picked":"Headbutt","floor":5},{"not_picked":["Headbutt","Sword Boomerang"],"picked":"Cleave","floor":6},{"not_picked":["Bloodletting+1","Reckless Charge"],"picked":"Thunderclap","floor":11},{"not_picked":["Thunderclap","Second Wind+1"],"picked":"Searing Blow","floor":12},{"not_picked":["Headbutt","Perfected Strike"],"picked":"Body Slam","floor":13},{"not_picked":["Dropkick","Hemokinesis"],"picked":"Cleave","floor":14},{"not_picked":["Brutality","Double Tap+1"],"picked":"Feed","floor":16},{"not_picked":["Thunderclap","Cleave+1"],"picked":"Flex+1","floor":18},{"not_picked":["Cleave","Body Slam"],"picked":"Blood for Blood","floor":21},{"not_picked":["Heavy Blade","Perfected Strike"],"picked":"Sword Boomerang","floor":22},{"not_picked":["Armaments+1","True Grit+1"],"picked":"Barricade","floor":24},{"not_picked":["Body Slam+1","Bludgeon"],"picked":"Shrug It Off+1","floor":25},{"not_picked":["Hemokinesis","Blood for Blood"],"picked":"Cleave+1","floor":27},{"not_picked":["Searing Blow","Dual Wield+1"],"picked":"Iron Wave","floor":29},{"not_picked":["Clothesline+1","Twin Strike"],"picked":"Sword Boomerang","floor":30}],"player_experience":56302,"relics_obtained":[{"floor":6,"key":"reliquary:PorcupineQuills"},{"floor":9,"key":"Toxic Egg 2"},{"floor":14,"key":"reliquary:WeakTea"},{"floor":26,"key":"reliquary:Stiletto"},{"floor":27,"key":"Regal Pillow"}],"event_choices":[{"damage_healed":0,"gold_gain":0,"player_choice":"Rummage","damage_taken":0,"relics_obtained":["WarpedTongs"],"max_hp_gain":0,"max_hp_loss":0,"event_name":"Accursed Blacksmith","floor":2,"gold_loss":0,"cards_obtained":["Pain"]},{"damage_healed":0,"gold_gain":30,"player_choice":"Searched \u00273\u0027 times","damage_taken":0,"relics_obtained":["reliquary:SharkskinSheath"],"max_hp_gain":0,"max_hp_loss":0,"event_name":"Dead Adventurer","floor":13,"gold_loss":0},{"damage_healed":0,"gold_gain":0,"player_choice":"Obtain J.A.X.","damage_taken":0,"max_hp_gain":0,"max_hp_loss":0,"event_name":"Drug Dealer","floor":20,"gold_loss":0,"cards_obtained":["J.A.X."]},{"damage_healed":0,"gold_gain":0,"player_choice":"Fight","damage_taken":0,"max_hp_gain":0,"max_hp_loss":0,"event_name":"Colosseum","floor":31,"gold_loss":0},{"damage_healed":0,"gold_gain":0,"player_choice":"Fought Nobs","damage_taken":0,"max_hp_gain":0,"max_hp_loss":0,"event_name":"Colosseum","floor":31,"gold_loss":0}],"is_beta":false,"boss_relics":[{"not_picked":["Empty Cage","Astrolabe"],"picked":"Mark of Pain"}],"items_purged_floors":[3],"is_endless":false,"potions_floor_spawned":[1,5,14,16,18,22,24,29,30],"killed_by":"Colosseum Nobs","ascension_level":0}}