{"host":"6xsbn6ynqlzwllfm","time":1613394908,"event":{"mods":["2.2 Compatiblity","BaseMod","Bestiary","Colored Map","Colored Powertips","Curses Come First","Downfall","Highlight Path","Keyboard Shortcuts","Minty Spire (QoL Compilation)","Relic Stats","Slay the Relics Exporter","StSLib","SuperFastMode"],"gold_per_floor":[99,111,45,145,595,595,595,609,639,539,72,84,84,84,104,175,175,175,188,188,200,214,248,298,53,87,72,92,92,92,192,203,277,277,77,90,110,127,127,86,86,120,20,37,67,67,86,105,118,118,118,118,118,118],"floor_reached":52,"language":"ENG","playtime":2885,"items_purged":["Normality","bronze:Strike"],"score":1523,"play_id":"b8e5a55c-b299-4424-b0ad-1069a216abf3","local_time":"20210215081508","is_ascension_mode":true,"campfire_choices":[{"data":"bronze:Goto","floor":1,"key":"SMITH"},{"floor":6,"key":"RECALL"},{"data":"bronze:DelayedGuard","floor":10,"key":"SMITH"},{"data":"bronze:Overheat","floor":13,"key":"SMITH"},{"data":"bronze:Shell","floor":18,"key":"SMITH"},{"data":"bronze:ClassDefault","floor":29,"key":"SMITH"},{"data":"bronze:Boost","floor":35,"key":"SMITH"}],"circlet_count":0,"master_deck":["AscendersBane","bronze:Strike","bronze:Strike","bronze:Strike","bronze:Defend","bronze:Defend","bronze:Defend","bronze:Defend","bronze:Replicate","bronze:Goto+1","bronze:Overheat+1","bronze:Shell+1","bronze:DelayedGuard+1","downfall:Icky","downfall:Icky","bronze:BronzeOrb","bronze:Branch","bronze:FindAndReplace","bronze:Return+1","bronze:Boost+1","bronze:FunctionCard","bronze:Iterate","bronze:Virus","bronze:ClassDefault+1","bronze:Optimize","bronze:CloningBeam","bronze:Format","bronze:MaxOutput+1","bronze:FunctionCard","downfall:Aged","downfall:Bewildered","bronze:OilSpill+1"],"relics":["Coffee Dripper","White Beast Statue","Oddly Smooth Stone","downfall:HeartBlessingRed","ClockworkSouvenir","MealTicket","bronze:BronzeIdol","Cursed Key","Pantograph","OrangePellets","Matryoshka","Toy Ornithopter","Black Star","downfall:HeartBlessingGreen","downfall:HeartBlessingBlue","bronze:CableSpool","Bag of Preparation","Vajra","Slimebound:PreparedRelic","Strawberry","Art of War","StrikeDummy","bronze:SilverBullet","Lantern","Regal Pillow"],"acts_visited":["Exordium","TheCity","TheBeyond","TheEnding"],"potions_floor_usage":[9,16,16,16,16,23,26,26,31,31,32,33,33,36,38,42,44,45,48,49,50,52],"damage_taken":[{"damage":0,"enemies":"Small Slimes","floor":2,"turns":3},{"damage":0,"enemies":"downfall:FleeingMerchant","floor":3,"turns":4},{"damage":2,"enemies":"Jaw Worm","floor":8,"turns":3},{"damage":32,"enemies":"Gremlin Nob","floor":9,"turns":4},{"damage":0,"enemies":"downfall:FleeingMerchant","floor":11,"turns":4},{"damage":0,"enemies":"2 Louse","floor":12,"turns":3},{"damage":2,"enemies":"Large Slime","floor":15,"turns":5},{"damage":9,"enemies":"IC_STATUS_ARCHETYPE","floor":16,"turns":3},{"damage":6,"enemies":"downfall:LooterAlt2","floor":19,"turns":3},{"damage":0,"enemies":"Spheric Guardian","floor":21,"turns":4},{"damage":5,"enemies":"Cultist and Chosen","floor":22,"turns":7},{"damage":2,"enemies":"Book of Stabbing","floor":23,"turns":5},{"damage":0,"enemies":"downfall:FleeingMerchant","floor":25,"turns":4},{"damage":9,"enemies":"Gremlin Leader","floor":26,"turns":6},{"damage":0,"enemies":"downfall:FleeingMerchant","floor":27,"turns":4},{"damage":17,"enemies":"Snake Plant","floor":28,"turns":5},{"damage":0,"enemies":"downfall:LadyInBlue","floor":31,"turns":9},{"damage":9,"enemies":"Centurion and Healer","floor":32,"turns":5},{"damage":0,"enemies":"WA_ARCHETYPE_CALM","floor":33,"turns":8},{"damage":10,"enemies":"3 Darklings","floor":36,"turns":8},{"damage":11,"enemies":"3 Shapes","floor":37,"turns":6},{"damage":15,"enemies":"Transient","floor":38,"turns":5},{"damage":0,"enemies":"downfall:FleeingMerchant","floor":40,"turns":2},{"damage":29,"enemies":"Nemesis","floor":42,"turns":5},{"damage":15,"enemies":"Writhing Mass","floor":44,"turns":5},{"damage":1,"enemies":"Giant Head","floor":45,"turns":7},{"damage":0,"enemies":"Maw","floor":47,"turns":4},{"damage":8,"enemies":"Spire Growth","floor":48,"turns":4},{"damage":20,"enemies":"3 Darklings","floor":49,"turns":5},{"damage":7,"enemies":"SI_POISON_ARCHETYPE","floor":50,"turns":7},{"damage":107,"enemies":"downfall:CharBossMerchant","floor":52,"turns":5}],"seed_played":"7876652892656248668","potions_obtained":[{"floor":8,"key":"SkillPotion"},{"floor":9,"key":"SteroidPotion"},{"floor":11,"key":"DistilledChaos"},{"floor":12,"key":"EntropicBrew"},{"floor":16,"key":"Dexterity Potion"},{"floor":19,"key":"LiquidBronze"},{"floor":21,"key":"Dexterity Potion"},{"floor":22,"key":"Explosive Potion"},{"floor":23,"key":"PowerPotion"},{"floor":25,"key":"LiquidMemories"},{"floor":26,"key":"Regen Potion"},{"floor":27,"key":"SpeedPotion"},{"floor":31,"key":"Energy Potion"},{"floor":31,"key":"FairyPotion"},{"floor":31,"key":"Explosive Potion"},{"floor":31,"key":"Swift Potion"},{"floor":32,"key":"Swift Potion"},{"floor":33,"key":"Energy Potion"},{"floor":36,"key":"bronze:CleanCodePotion"},{"floor":37,"key":"BlessingOfTheForge"},{"floor":38,"key":"Fruit Juice"},{"floor":40,"key":"PowerPotion"},{"floor":42,"key":"SkillPotion"},{"floor":44,"key":"FairyPotion"},{"floor":45,"key":"AttackPotion"},{"floor":47,"key":"CultistPotion"},{"floor":48,"key":"sneckomod:MuddlingPotion"},{"floor":49,"key":"bronze:FreeFunctionsPotion"}],"is_trial":false,"path_per_floor":["R","M","$","?","?","R","T","M","E","R","$","M","R","?","M","B",null,"R","M","?","M","M","E","T","$","E","$","M","R","?","?","M","B",null,"R","M","M","M","?","$","T","E","$","M","E","?","M","M","M","B",null,"E"],"character_chosen":"THE_AUTOMATON","items_purchased":["bronze:DelayedGuard","ClockworkSouvenir","MealTicket","bronze:BronzeIdol","OrangePellets","bronze:CableSpool","Bag of Preparation"],"campfire_rested":0,"item_purchase_floors":[3,11,11,11,25,40,40],"current_hp_per_floor":[63,63,63,63,63,63,63,61,29,29,29,29,29,29,27,18,57,57,51,51,51,46,44,44,59,50,65,48,48,35,50,46,75,75,85,80,69,64,64,79,79,62,77,67,71,71,71,68,53,76,92,0,0,0],"gold":118,"neow_bonus":"BOSS_RELIC","is_daily":false,"chose_seed":false,"campfire_upgraded":6,"win_rate":0.0,"timestamp":1613394908,"path_taken":["R","M","$","?","?","R","T","M","E","R","$","M","R","?","M","BOSS","R","M","?","M","M","E","T","$","E","$","?","R","?","?","M","BOSS","R","M","M","M","?","$","T","E","?","M","E","?","M","M","M","BOSS","E"],"items_purchased_type":["Card","Relic","Relic","Relic","Relic","Relic","Relic"],"build_version":"2020-12-22","purchased_purges":2,"victory":false,"max_hp_per_floor":[70,70,70,70,70,70,70,70,70,70,70,70,70,70,70,70,70,70,70,70,70,70,70,70,70,70,70,70,70,75,75,75,75,75,85,85,85,90,90,90,90,97,97,97,97,97,97,97,97,97,97,97,97,97],"relic_stats":{"OrangePellets":[7],"Regal Pillow":0,"counters":[31,152],"Pantograph":50,"MealTicket":60,"Black Star":2,"Bag of Preparation":[16],"Art of War":[2],"Cursed Key":3,"obtain_stats":[{"Lantern":46,"Regal Pillow":46,"bronze:BronzeCore":0,"Vajra":41,"downfall:HeartBlessingGreen":35,"Bag of Preparation":40,"Cursed Key":17,"ClockworkSouvenir":11,"bronze:CableSpool":40,"Matryoshka":26,"downfall:HeartBlessingBlue":35,"Pantograph":23,"Strawberry":42,"MealTicket":11,"downfall:HeartBlessingRed":10,"Oddly Smooth Stone":9,"White Beast Statue":7,"bronze:BronzeIdol":11,"OrangePellets":25,"Slimebound:PreparedRelic":41,"Coffee Dripper":0,"Black Star":34,"Art of War":42,"StrikeDummy":45,"bronze:SilverBullet":45,"Toy Ornithopter":31},{"Lantern":26,"Regal Pillow":26,"bronze:BronzeCore":0,"Vajra":23,"downfall:HeartBlessingGreen":19,"Bag of Preparation":23,"Cursed Key":8,"ClockworkSouvenir":5,"bronze:CableSpool":23,"Matryoshka":14,"downfall:HeartBlessingBlue":19,"Pantograph":12,"Strawberry":24,"MealTicket":5,"downfall:HeartBlessingRed":4,"Oddly Smooth Stone":4,"White Beast Statue":2,"bronze:BronzeIdol":5,"OrangePellets":13,"Slimebound:PreparedRelic":23,"Coffee Dripper":0,"Black Star":19,"Art of War":24,"StrikeDummy":26,"bronze:SilverBullet":26,"Toy Ornithopter":17},{"Lantern":127,"Regal Pillow":127,"bronze:BronzeCore":0,"Vajra":110,"downfall:HeartBlessingGreen":89,"Bag of Preparation":110,"Cursed Key":29,"ClockworkSouvenir":18,"bronze:CableSpool":110,"Matryoshka":58,"downfall:HeartBlessingBlue":89,"Pantograph":48,"Strawberry":115,"MealTicket":18,"downfall:HeartBlessingRed":14,"Oddly Smooth Stone":14,"White Beast Statue":7,"bronze:BronzeIdol":18,"OrangePellets":52,"Slimebound:PreparedRelic":110,"Coffee Dripper":0,"Black Star":89,"Art of War":115,"StrikeDummy":127,"bronze:SilverBullet":127,"Toy Ornithopter":76}],"Toy Ornithopter":54},"card_choices":[{"not_picked":["bronze:Iterate","bronze:Separator"],"picked":"bronze:Overheat","floor":2},{"not_picked":["bronze:Overheat","bronze:Invalidate"],"picked":"bronze:Shell","floor":3},{"not_picked":["bronze:InfiniteBeams","bronze:GetLatest"],"picked":"bronze:BronzeOrb","floor":8},{"not_picked":["bronze:WildBeam","bronze:BuggyMess"],"picked":"bronze:Branch","floor":9},{"not_picked":["bronze:DelayedSlice","bronze:BitShift"],"picked":"bronze:FindAndReplace","floor":11},{"not_picked":["bronze:FineTuning","bronze:CutThrough"],"picked":"bronze:OilSpill","floor":12},{"not_picked":["bronze:GetLatest","bronze:DelayedSlice"],"picked":"bronze:Invalidate","floor":15},{"not_picked":["bronze:Assembly","bronze:Virus"],"picked":"bronze:Hardcode","floor":16},{"not_picked":["bronze:Deprecate","bronze:Shield"],"picked":"bronze:Return+1","floor":19},{"not_picked":["bronze:Separator","bronze:Overheat","bronze:Turbo"],"picked":"SKIP","floor":21},{"not_picked":["bronze:FineTuning","bronze:Terminator"],"picked":"bronze:Iterate","floor":22},{"not_picked":["bronze:OilSpill","bronze:WildBeam"],"picked":"bronze:Virus","floor":23},{"not_picked":["bronze:CutThrough","bronze:WhirlingStrike"],"picked":"bronze:ClassDefault","floor":25},{"not_picked":["bronze:BurnOut","bronze:OilSpill"],"picked":"bronze:Optimize","floor":26},{"not_picked":["bronze:DelayedGuard","bronze:Branch","bronze:BugBarrage"],"picked":"SKIP","floor":27},{"not_picked":["bronze:Shield","bronze:Philosophize"],"picked":"bronze:CloningBeam","floor":31},{"not_picked":["bronze:BuggyMess","bronze:WhirlingStrike","bronze:ChosenStrike"],"picked":"SKIP","floor":32},{"not_picked":["bronze:Mutator","bronze:Break"],"picked":"bronze:Format","floor":33},{"not_picked":["bronze:FineTuning+1","bronze:FollowUp","bronze:Branch"],"picked":"SKIP","floor":36},{"not_picked":["bronze:Branch","bronze:Overheat","bronze:Constructor+1"],"picked":"SKIP","floor":37},{"not_picked":["bronze:Return","bronze:Frontload"],"picked":"bronze:MaxOutput+1","floor":38},{"not_picked":["bronze:BuggyMess","bronze:Invalidate+1","bronze:Allocate"],"picked":"SKIP","floor":40},{"not_picked":["bronze:BuggyMess","bronze:Terminator","bronze:ItsAFeature"],"picked":"SKIP","floor":42},{"not_picked":["bronze:Boost+1","bronze:CloningBeam","bronze:Separator+1"],"picked":"SKIP","floor":44},{"not_picked":["bronze:Turbo","bronze:DigitalCarnage","bronze:Safeguard"],"picked":"SKIP","floor":45},{"not_picked":["bronze:Separator+1","bronze:WhirlingStrike"],"picked":"bronze:OilSpill+1","floor":47},{"not_picked":["bronze:DarkDash","bronze:DelayedGuard","bronze:RecursiveStrike"],"picked":"SKIP","floor":48},{"not_picked":["bronze:Frontload","bronze:ItsAFeature","bronze:Boost"],"picked":"SKIP","floor":49}],"player_experience":1794850,"relics_obtained":[{"floor":7,"key":"White Beast Statue"},{"floor":9,"key":"Oddly Smooth Stone"},{"floor":23,"key":"Pantograph"},{"floor":26,"key":"Matryoshka"},{"floor":31,"key":"Toy Ornithopter"},{"floor":41,"key":"Vajra"},{"floor":41,"key":"Slimebound:PreparedRelic"},{"floor":42,"key":"Strawberry"},{"floor":42,"key":"Art of War"},{"floor":45,"key":"StrikeDummy"},{"floor":45,"key":"bronze:SilverBullet"},{"floor":46,"key":"Lantern"},{"floor":46,"key":"Regal Pillow"}],"event_choices":[{"cards_removed":["downfall:Icky"],"damage_healed":0,"gold_gain":0,"player_choice":"Forget","damage_taken":0,"max_hp_gain":0,"max_hp_loss":0,"event_name":"Living Wall","floor":14,"gold_loss":0}],"is_beta":false,"boss_relics":[{"not_picked":["Velvet Choker","Astrolabe"],"picked":"Cursed Key"},{"not_picked":["Tiny House","Busted Crown"],"picked":"Black Star"}],"items_purged_floors":[25,43],"is_endless":false,"potions_floor_spawned":[8,9,11,12,15,16,19,21,22,23,25,26,27,28,31,32,33,36,37,38,40,42,44,45,47,48,49],"killed_by":"downfall:CharBossMerchant","ascension_level":13}}