{"host":"6wux4armhsntp4yb","time":1613399471,"event":{"mods":["BaseMod","Colored Map","DeckTracker","Minty Spire (QoL Compilation)","Relic Stats"],"gold_per_floor":[110,110,110,130,140,140,151,151,176,195,222,238,268,71,71,142,142,142],"floor_reached":17,"language":"JPN","playtime":817,"items_purged":[],"score":384,"play_id":"d8f9a52f-cee7-458a-beea-f94c33f97c04","local_time":"20210215233111","is_ascension_mode":true,"campfire_choices":[{"data":"Crippling Poison","floor":6,"key":"SMITH"},{"data":"Malaise","floor":8,"key":"SMITH"},{"floor":15,"key":"REST"}],"circlet_count":0,"master_deck":["AscendersBane","Survivor","Neutralize+1","Backflip","Malaise+1","Crippling Poison+1","Leg Sweep","Well Laid Plans","Poisoned Stab+1","Tactician","Apotheosis","After Image","Dash","Heel Hook","Backstab","Outmaneuver","Masterful Stab","Tools of the Trade","Riddle With Holes","Deadly Poison","All Out Attack"],"relics":["Velvet Choker","Bronze Scales","Blood Vial","Whetstone","Pandora\u0027s Box"],"acts_visited":["Exordium","TheCity"],"potions_floor_usage":[11],"damage_taken":[{"damage":0,"enemies":"2 Louse","floor":1,"turns":3},{"damage":0,"enemies":"Cultist","floor":4,"turns":6},{"damage":0,"enemies":"Small Slimes","floor":5,"turns":6},{"damage":0,"enemies":"2 Fungi Beasts","floor":7,"turns":4},{"damage":0,"enemies":"Blue Slaver","floor":10,"turns":5},{"damage":0,"enemies":"Lagavulin","floor":11,"turns":9},{"damage":8,"enemies":"Exordium Thugs","floor":12,"turns":5},{"damage":26,"enemies":"Gremlin Nob","floor":13,"turns":6},{"damage":21,"enemies":"Slime Boss","floor":16,"turns":13}],"seed_played":"2717436425533454046","potions_obtained":[{"floor":1,"key":"Poison Potion"},{"floor":5,"key":"SpeedPotion"},{"floor":11,"key":"Dexterity Potion"}],"is_trial":false,"path_per_floor":["M","?","?","M","M","R","M","R","T","M","E","M","E","$","R","B",null],"character_chosen":"THE_SILENT","items_purchased":["Apotheosis"],"campfire_rested":1,"item_purchase_floors":[14],"current_hp_per_floor":[59,59,59,59,59,59,59,59,59,59,59,53,29,29,48,29,57,57],"gold":142,"neow_bonus":"BOSS_RELIC","is_daily":false,"chose_seed":false,"campfire_upgraded":2,"win_rate":0.0,"timestamp":1613399471,"path_taken":["M","?","?","M","M","R","M","R","T","M","E","M","E","$","R","BOSS"],"items_purchased_type":["Card"],"build_version":"2020-12-22","purchased_purges":0,"victory":false,"max_hp_per_floor":[66,66,66,66,66,66,66,66,66,66,66,66,66,66,66,66,66,66],"relic_stats":{"Blood Vial":6,"counters":[9,57],"Bronze Scales":[69],"Pandora\u0027s Box":["Dash","Heel Hook","Backstab","Outmaneuver","Masterful Stab","Tools of the Trade","Riddle With Holes","Deadly Poison","All Out Attack"],"Whetstone":["Strike_G","Poisoned Stab"],"obtain_stats":[{"Blood Vial":11,"Bronze Scales":9,"Velvet Choker":0,"Pandora\u0027s Box":17,"Whetstone":13,"Ring of the Snake":0},{"Blood Vial":6,"Bronze Scales":4,"Velvet Choker":0,"Pandora\u0027s Box":9,"Whetstone":8,"Ring of the Snake":0},{"Blood Vial":33,"Bronze Scales":19,"Velvet Choker":0,"Pandora\u0027s Box":57,"Whetstone":44,"Ring of the Snake":0}]},"card_choices":[{"not_picked":["Backstab","Riddle With Holes"],"picked":"Backflip","floor":1},{"not_picked":["Choke","Concentrate"],"picked":"Crippling Poison","floor":4},{"not_picked":["Masterful Stab","Cloak And Dagger","Finisher"],"picked":"SKIP","floor":5},{"not_picked":["Masterful Stab","Cloak And Dagger","Finisher"],"picked":"SKIP","floor":5},{"not_picked":["Concentrate","Accuracy"],"picked":"Leg Sweep","floor":7},{"not_picked":["Choke","Dagger Throw"],"picked":"Well Laid Plans","floor":10},{"not_picked":["Infinite Blades","Quick Slash"],"picked":"Poisoned Stab","floor":11},{"not_picked":["Heel Hook","Deflect","Expertise"],"picked":"SKIP","floor":12},{"not_picked":["Outmaneuver","Reflex"],"picked":"Tactician","floor":13},{"not_picked":["Envenom","Phantasmal Killer"],"picked":"After Image","floor":16}],"player_experience":5877097,"relics_obtained":[{"floor":9,"key":"Bronze Scales"},{"floor":11,"key":"Blood Vial"},{"floor":13,"key":"Whetstone"}],"event_choices":[{"damage_healed":0,"gold_gain":0,"player_choice":"Grow","damage_taken":0,"max_hp_gain":0,"max_hp_loss":0,"event_name":"Living Wall","floor":2,"gold_loss":0,"cards_upgraded":["Neutralize"]},{"damage_healed":0,"gold_gain":0,"cards_transformed":["Strike_G"],"player_choice":"Transformed","damage_taken":0,"max_hp_gain":0,"max_hp_loss":0,"event_name":"Transmorgrifier","floor":3,"gold_loss":0,"cards_obtained":["Malaise"]}],"is_beta":false,"boss_relics":[{"not_picked":["Snecko Eye","Tiny House"],"picked":"Pandora\u0027s Box"}],"items_purged_floors":[],"is_endless":false,"potions_floor_spawned":[1,5,10,11],"ascension_level":20}}