{"host":"egwexuw5uvnxf11j","time":1613357859,"event":{"mods":["2.2 Compatiblity","Aspiration","BaseMod","Better Note","Better Sensory Stone","Better Third Choice","Displayed Cursed Tome","Downfall","Hermit","Key Reminder","Koishi","Marisa????????","Minty Spire (QoL Compilation)","Quick Restart","Shade Mod","Spicy Shops","StSLib","The Construct","The Cursed","The Runesmith","The Senshi","The Servant 0.9.4","Transform Curses"],"gold_per_floor":[118,14,14,14,14,49,49,49,75,95,95,128,41,41,41,140,140,151,151,178,165,80,80,20,20,20,50,60,60,26,42,42,147,147,157,157,175,20,37,37,54,54,54],"floor_reached":42,"language":"ENG","playtime":1744,"items_purged":[],"score":608,"play_id":"0e454fa1-7fe3-42c3-861f-74dd1e81b51a","local_time":"20210214215739","is_ascension_mode":true,"campfire_choices":[{"floor":7,"key":"REST"},{"floor":11,"key":"REST"},{"floor":15,"key":"REST"},{"floor":23,"key":"REST"},{"floor":25,"key":"REST"},{"floor":32,"key":"REST"},{"floor":40,"key":"REST"}],"circlet_count":0,"master_deck":["Strike_B","Strike_B","Strike_B","Strike_B","Defend_B","Defend_B","Defend_B","Defend_B","Zap","Dualcast","Scrape","Redo","Coolheaded+1","Regret","Stack","Injury","Seek","TheCursedMod:Dregs","Static Discharge","Go for the Eyes","Defragment","Static Discharge","Gash","Mind Blast","Conserve Battery","Rainbow","Static Discharge","Redo","Chaos","Compile Driver","Gash","Pain","downfall:Malfunctioning","Fusion+1","Gash","Doom and Gloom","Steam","Go for the Eyes","Seek","Darkness+1","Creative AI","Glacier","Zap","Hologram+1","Conserve Battery","Defragment+1","Leap"],"relics":["Cracked Core","aspiration:Nostalgia","Ring of the Snake","Blood Vial","Anchor","theSenshi:FeatherClipsRelic","keyreminder:keyreminder","downfall:ExtraCursedKey","Dream Catcher","White Beast Statue","aspiration:Stellarator","Red Mask","Bird Faced Urn","Toy Ornithopter","aspiration:ChemicalBlood","construct:ClawGrip","Membership Card"],"acts_visited":["Exordium","TheCity","TheBeyond"],"potions_floor_usage":[27,28,31,31,33,33,33,33,37,41,42,42],"damage_taken":[{"damage":2,"enemies":"Jaw Worm","floor":1,"turns":3},{"damage":57,"enemies":"Lagavulin","floor":6,"turns":8},{"damage":0,"enemies":"Small Slimes","floor":10,"turns":2},{"damage":40,"enemies":"Gremlin Nob","floor":12,"turns":4},{"damage":24,"enemies":"Hexaghost","floor":16,"turns":7},{"damage":23,"enemies":"Shell Parasite","floor":18,"turns":4},{"damage":44,"enemies":"Masked Bandits","floor":20,"turns":4},{"damage":9,"enemies":"2 Thieves","floor":21,"turns":4},{"damage":50,"enemies":"Gremlin Leader","floor":27,"turns":4},{"damage":15,"enemies":"Snake Plant","floor":28,"turns":3},{"damage":12,"enemies":"Sentry and Sphere","floor":31,"turns":4},{"damage":57,"enemies":"Automaton","floor":33,"turns":10},{"damage":46,"enemies":"3 Darklings","floor":35,"turns":4},{"damage":7,"enemies":"Orb Walker","floor":37,"turns":5},{"damage":40,"enemies":"Jaw Worm Horde","floor":39,"turns":5},{"damage":33,"enemies":"Writhing Mass","floor":41,"turns":3},{"damage":65,"enemies":"Reptomancer","floor":42,"turns":2}],"seed_played":"1634076238720210003","potions_obtained":[{"floor":6,"key":"Weak Potion"},{"floor":10,"key":"FearPotion"},{"floor":16,"key":"Guardian:BlockOnCardUsePotion"},{"floor":27,"key":"Block Potion"},{"floor":28,"key":"Fire Potion"},{"floor":31,"key":"Explosive Potion"},{"floor":33,"key":"SmokeBomb"},{"floor":35,"key":"AttackPotion"},{"floor":37,"key":"GamblersBrew"},{"floor":37,"key":"Energy Potion"},{"floor":39,"key":"FocusPotion"}],"is_trial":false,"path_per_floor":["M","$","?","?","?","E","R","?","T","M","R","E","$","?","R","B",null,"M","?","?","M","?","R","?","R","T","E","M","$","$","M","R","B",null,"M","?","M","$","M","R","M","E"],"character_chosen":"DEFECT","items_purchased":["Redo","Coolheaded","Static Discharge","Gash","Doom and Gloom","Membership Card"],"campfire_rested":7,"item_purchase_floors":[2,2,13,13,30,38],"current_hp_per_floor":[73,73,73,73,70,15,37,37,37,45,67,35,35,35,57,41,75,58,58,22,21,21,43,43,65,65,35,37,37,37,45,67,43,75,41,41,57,57,29,51,35,0,0],"gold":54,"neow_bonus":"NOSTALGIA","is_daily":false,"chose_seed":false,"campfire_upgraded":0,"win_rate":0.0,"timestamp":1613357859,"path_taken":["M","$","?","?","?","E","R","?","T","M","R","E","$","?","R","BOSS","M","?","?","M","?","R","?","R","T","E","?","?","$","M","R","BOSS","M","?","M","$","?","R","M","E"],"items_purchased_type":["Card","Card","Card","Card","Card","Relic"],"build_version":"2020-12-22","purchased_purges":0,"victory":false,"max_hp_per_floor":[75,75,75,75,75,75,75,75,75,75,75,75,75,75,75,75,75,75,75,75,75,75,75,75,75,75,75,75,75,75,75,75,75,75,75,75,75,75,75,75,75,75,75],"card_choices":[{"not_picked":["Steam","Steam Power"],"picked":"Scrape","floor":1},{"not_picked":["Double Energy","Reinforced Body"],"picked":"Stack","floor":6},{"not_picked":["Barrage","Beam Cell"],"picked":"Static Discharge","floor":10},{"not_picked":["FTL","Cold Snap"],"picked":"Go for the Eyes","floor":11},{"not_picked":["Turbo","Sweeping Beam"],"picked":"Defragment","floor":12},{"not_picked":["Panache","Bandage Up"],"picked":"Mind Blast","floor":14},{"not_picked":["Rebound","Fusion"],"picked":"Conserve Battery","floor":15},{"not_picked":["Creative AI","Biased Cognition"],"picked":"Rainbow","floor":16},{"not_picked":["Auto Shields","Heatsinks"],"picked":"Static Discharge","floor":18},{"not_picked":["Leap","Hologram"],"picked":"Redo","floor":20},{"not_picked":["Steam","Blizzard"],"picked":"Chaos","floor":21},{"not_picked":["Hologram","Sunder+1"],"picked":"Compile Driver","floor":23},{"not_picked":["BootSequence","Leap+1"],"picked":"Gash","floor":25},{"not_picked":["Compile Driver","Biased Cognition"],"picked":"Fusion+1","floor":27},{"not_picked":["Steam Power","Consume"],"picked":"Gash","floor":28},{"not_picked":["Heatsinks","Turbo"],"picked":"Steam","floor":31},{"not_picked":["Leap+1","Conserve Battery"],"picked":"Go for the Eyes","floor":32},{"not_picked":["Fission","Hyperbeam"],"picked":"Seek","floor":33},{"not_picked":["Stack","Consume+1"],"picked":"Darkness+1","floor":35},{"not_picked":["Double Energy+1","Compile Driver"],"picked":"Hologram+1","floor":37},{"not_picked":["Hologram+1","Ball Lightning"],"picked":"Conserve Battery","floor":39},{"not_picked":["Streamline+1","Steam Power+1"],"picked":"Defragment+1","floor":40},{"not_picked":["Steam","Buffer"],"picked":"Leap","floor":41}],"player_experience":2081698,"relics_obtained":[{"floor":6,"key":"theSenshi:FeatherClipsRelic"},{"floor":9,"key":"Dream Catcher"},{"floor":12,"key":"White Beast Statue"},{"floor":20,"key":"Red Mask"},{"floor":26,"key":"Toy Ornithopter"},{"floor":27,"key":"aspiration:ChemicalBlood"}],"event_choices":[{"damage_healed":0,"gold_gain":0,"player_choice":"Grow","damage_taken":0,"max_hp_gain":0,"max_hp_loss":0,"event_name":"Living Wall","floor":3,"gold_loss":0,"cards_upgraded":["Coolheaded"]},{"damage_healed":0,"gold_gain":0,"player_choice":"Box","damage_taken":0,"relics_obtained":["Blood Vial"],"max_hp_gain":0,"max_hp_loss":0,"event_name":"Big Fish","floor":4,"gold_loss":0,"cards_obtained":["Regret"]},{"damage_healed":0,"gold_gain":0,"player_choice":"Relic ","damage_taken":3,"max_hp_gain":0,"max_hp_loss":0,"event_name":"betterThird:BetterScrap","floor":5,"gold_loss":0,"cards_obtained":["Skewer"]},{"damage_healed":0,"gold_gain":1,"player_choice":"1","damage_taken":0,"max_hp_gain":0,"max_hp_loss":0,"event_name":"betterStone:BetterStone","floor":14,"gold_loss":0},{"damage_healed":0,"gold_gain":0,"player_choice":"Ignored","damage_taken":0,"max_hp_gain":0,"max_hp_loss":0,"event_name":"Ghosts","floor":19,"gold_loss":0},{"damage_healed":0,"gold_gain":0,"player_choice":"Fought Bandits","damage_taken":0,"max_hp_gain":0,"max_hp_loss":0,"event_name":"Masked Bandits","floor":20,"gold_loss":0},{"damage_healed":0,"gold_gain":0,"player_choice":"Obtained Relic","damage_taken":0,"relics_obtained":["Bird Faced Urn"],"max_hp_gain":0,"max_hp_loss":0,"event_name":"Addict","floor":22,"gold_loss":85},{"cards_removed":["downfall:Bewildered"],"damage_healed":0,"gold_gain":0,"player_choice":"Single Remove","damage_taken":0,"max_hp_gain":0,"max_hp_loss":0,"event_name":"Designer","floor":24,"gold_loss":60},{"damage_healed":0,"gold_gain":0,"player_choice":"Random: Orange","damage_taken":0,"max_hp_gain":0,"max_hp_loss":0,"event_name":"betterThird:BetterPortal","floor":36,"gold_loss":0},{"damage_healed":0,"gold_gain":0,"player_choice":"3 cards matched","damage_taken":0,"max_hp_gain":0,"max_hp_loss":0,"event_name":"Match and Keep!","floor":36,"gold_loss":0,"cards_obtained":["Creative AI","Glacier","Zap"]}],"is_beta":false,"boss_relics":[{"not_picked":["aspiration:RitualDagger","aspiration:ServantSkillbook"],"picked":"aspiration:Stellarator"},{"not_picked":["Tiny House","Pandora\u0027s Box"],"picked":"construct:ClawGrip"}],"items_purged_floors":[],"is_endless":false,"potions_floor_spawned":[6,10,16,18,20,21,27,28,31,33,35,37,39,41],"killed_by":"Reptomancer","ascension_level":3}}