{"host":"1hw3ks68c0zl1mxv","time":1613366186,"event":{"mods":["2.2 Compatiblity","Act Like it!","Aspiration","BaseMod","Beaked The Cultist","BetterRewards","Colored Map","Colored Powertips","Conspire","Downfall","Energized Spire","GungeonMod","Halation","Hallownest","Hubris","Infinite Spire","Marisa????????","Mimic Mod","Minty Spire (QoL Compilation)","Quick Restart","Replay The Spire","Shop Mod","StSLib","The Bug Knight","The Construct","The Elementalist","The Necromancer","The Saiyan","The Servant 0.9.4","TheHero"],"gold_per_floor":[99,116,116,116,132,132,158,158,176,37,67,67,67,78,96,191,191,191,204,37,37,55,66,91,105,121,121,121,132,132,151,163,259,259,159,169,169,187,212,232,280,280,280,291,291,310,310,310,330,330],"floor_reached":51,"language":"ENG","playtime":2903,"items_purged":["Saiyan:BurningSoul"],"score":703,"play_id":"dc3e042f-b44f-4e1f-a936-1aad26d5bbdf","local_time":"20210214221626","is_ascension_mode":false,"campfire_choices":[{"data":"sneckomod:TailWhip","floor":8.0,"key":"SMITH"},{"data":"sneckomod:DiceBoulder+1","floor":12.0,"key":"SMITH"},{"data":"sneckomod:Cheat","floor":18.0,"key":"SMITH"},{"floor":28.0,"key":"REST"},{"data":"sneckomod:DiceBoulder+2","floor":35.0,"key":"SMITH"},{"data":"sneckomod:UnknownRarePower","floor":43.0,"key":"SMITH"},{"data":"sneckomod:UnknownBlock","floor":45.0,"key":"SMITH"},{"data":"sneckomod:UnknownUncommonSkill","floor":47,"key":"SMITH"},{"floor":48,"key":"REST"}],"circlet_count":0,"master_deck":["sneckomod:Strike","sneckomod:Strike","sneckomod:Strike","sneckomod:Defend","sneckomod:Defend","sneckomod:Defend","sneckomod:TailWhip+1","sneckomod:SnekBite+1","sneckomod:Unknown","Injury","sneckomod:UnknownClassINFINITE_BLACK","Madness","sneckomod:UnknownUncommonSkill+1","sneckomod:UnknownCommonAttack+1","sneckomod:CheapStock+1","sneckomod:DiceBoulder+3","sneckomod:WideSting+1","sneckomod:Cheat+1","sneckomod:IronFang+1","Pride","sneckomod:UnknownBlock+1","sneckomod:IronFang+1","sneckomod:UnknownRarePower+1","sneckomod:DiceBlock+1","sneckomod:TrashToTreasure+1","sneckomod:IronFang+1","sneckomod:DiceBlock+1"],"relics":["sneckomod:SneckoSoul","Molten Egg 2","Pet Ghost","Vajra","DemoMod:RiddleOfLead","downfall:RedIOU","hubris:Towel","Potion Belt","aspiration:RitualDagger","downfall:HeartBlessingBlue","hubris:Icosahedron","DemoMod:ClearGuonStone","Gremlin Food","halation:PinkSoulGem"],"acts_visited":["Exordium","TheCity","TheBeyond"],"potions_floor_usage":[49,50,50,50],"damage_taken":[{"damage":10.0,"enemies":"Jaw Worm","floor":2.0,"turns":4.0},{"damage":2.0,"enemies":"conspire:RoseBush","floor":5.0,"turns":4.0},{"damage":3.0,"enemies":"Cultist","floor":9.0,"turns":4.0},{"damage":5.0,"enemies":"downfall:FleeingMerchant","floor":10.0,"turns":4.0},{"damage":14.0,"enemies":"Gremlin Nob","floor":11.0,"turns":4.0},{"damage":4.0,"enemies":"conspire:2 RoseBushes","floor":14.0,"turns":5.0},{"damage":0.0,"enemies":"Exordium Wildlife","floor":15.0,"turns":2.0},{"damage":19.0,"enemies":"IC_STATUS_ARCHETYPE","floor":16.0,"turns":6.0},{"damage":16.0,"enemies":"downfall:LooterAlt2","floor":19.0,"turns":4.0},{"damage":0.0,"enemies":"downfall:FleeingMerchant","floor":20.0,"turns":4.0},{"damage":3.0,"enemies":"conspire:FuzzyDice","floor":22.0,"turns":4.0},{"damage":16.0,"enemies":"3 Cultists","floor":23.0,"turns":4.0},{"damage":28.0,"enemies":"Shelled Parasite and Fungi","floor":25.0,"turns":4.0},{"damage":3.0,"enemies":"Centurion and Healer","floor":26.0,"turns":5.0},{"damage":8.0,"enemies":"Chosen and Byrds","floor":29.0,"turns":4.0},{"damage":19.0,"enemies":"Cultist and Chosen","floor":31.0,"turns":6.0},{"damage":22.0,"enemies":"Snake Plant","floor":32.0,"turns":6.0},{"damage":60.0,"enemies":"DF_ARCHETYPE_CLAW","floor":33.0,"turns":9.0},{"damage":61.0,"enemies":"3 Darklings","floor":36.0,"turns":6.0},{"damage":24.0,"enemies":"3 Shapes","floor":38.0,"turns":5.0},{"damage":35.0,"enemies":"Spire Growth","floor":40.0,"turns":6.0},{"damage":23.0,"enemies":"Writhing Mass","floor":44.0,"turns":6.0},{"damage":38,"enemies":"3 Darklings","floor":46,"turns":6},{"damage":28,"enemies":"Sphere and 2 Shapes","floor":49,"turns":5},{"damage":66,"enemies":"WA_ARCHETYPE_DIVINITY","floor":50,"turns":9}],"seed_played":"-8075977640920062195","potions_obtained":[{"floor":9.0,"key":"FearPotion"},{"floor":11.0,"key":"SkillPotion"},{"floor":14.0,"key":"Block Potion"},{"floor":15.0,"key":"FairyPotion"},{"floor":23.0,"key":"LifebloodPotion"},{"floor":25.0,"key":"Reflective Coating"},{"floor":26.0,"key":"SpeedPotion"},{"floor":32.0,"key":"Elixir"},{"floor":40.0,"key":"Guardian:BlockOnCardUsePotion"},{"floor":46,"key":"SkillPotion"},{"floor":49,"key":"champ:CounterPotion"}],"is_trial":false,"path_per_floor":["R","M","?","?","M","R","T","R","M","$","E","R","?","M","M","B",null,"R","M","$","?","M","M","T","M","M","?","R","M","?","M","M","B",null,"R","M","?","M","T","M","T","?","R","M","R","M","R","R","M","B",null],"character_chosen":"THE_SNECKO","items_purchased":["sneckomod:CheapStock+1","Oddly Smooth Stone"],"campfire_rested":2,"item_purchase_floors":[10,20],"current_hp_per_floor":[99,89,89,89,87,87,87,87,84,79,65,65,70,66,66,47,114,114,98,101,101,98,82,82,54,51,51,85,77,77,58,36,14,114,124,63,63,39,39,4,4,4,4,124,124,101,101,124,107,96],"gold":330,"neow_bonus":"TEN_PERCENT_HP_BONUS","is_daily":false,"chose_seed":false,"campfire_upgraded":7,"win_rate":0.0,"timestamp":1613366186,"path_taken":["R","M","?","?","?","R","T","R","?","$","E","R","?","M","M","BOSS","R","M","$","?","M","M","T","M","M","?","R","M","?","M","M","BOSS","R","M","?","M","?","?","T","?","R","M","R","M","R","R","M","BOSS"],"items_purchased_type":["Card","Relic"],"build_version":"2020-12-22","purchased_purges":1,"victory":true,"max_hp_per_floor":[99,99,99,99,99,99,99,99,99,99,99,99,104,104,104,104,114,114,114,114,114,114,114,114,114,114,114,114,114,114,114,114,114,114,124,124,124,124,124,124,124,124,124,124,124,124,124,124,124,124],"card_choices":[{"not_picked":["sneckomod:UnknownCommonAttack","sneckomod:SnekBeam"],"picked":"sneckomod:UnknownClassINFINITE_BLACK","floor":2.0},{"not_picked":["sneckomod:IronFang+1","sneckomod:UnknownUncommonSkill"],"picked":"sneckomod:UnknownClassINFINITE_BLACK","floor":5.0},{"not_picked":["sneckomod:UnknownX","sneckomod:DiceBlock"],"picked":"sneckomod:UnknownUncommonSkill","floor":9.0},{"not_picked":["sneckomod:UnknownVulnerable","sneckomod:UnknownClassWHITE"],"picked":"sneckomod:UnknownCommonAttack+1","floor":10.0},{"not_picked":["sneckomod:UnknownX","sneckomod:UnknownBlock"],"picked":"sneckomod:DiceBoulder+1","floor":11.0},{"not_picked":["sneckomod:SoulRoll","sneckomod:IronFang+1"],"picked":"sneckomod:WideSting+1","floor":14.0},{"not_picked":["sneckomod:SoulRoll","sneckomod:DefensiveFlair","sneckomod:DiceBlock"],"picked":"SKIP","floor":15.0},{"not_picked":["sneckomod:UnknownBoss","sneckomod:UnlimitedRolls"],"picked":"sneckomod:Cheat","floor":16.0},{"not_picked":["sneckomod:UnknownCommonSkill","sneckomod:ImprovisedGuard","sneckomod:DiceBlock"],"picked":"SKIP","floor":19.0},{"not_picked":["sneckomod:Mudshield","sneckomod:Unknown2Cost","sneckomod:UnknownVulnerable"],"picked":"SKIP","floor":20.0},{"not_picked":["sneckomod:DiceCrush+1","sneckomod:UnknownExhaust","sneckomod:UnknownUncommonAttack+1"],"picked":"SKIP","floor":22.0},{"not_picked":["sneckomod:SoulDraw","sneckomod:SnekBeam+1","sneckomod:Unknown2Cost"],"picked":"SKIP","floor":23.0},{"not_picked":["sneckomod:UnknownCommonSkill","sneckomod:UnknownUncommonAttack+1"],"picked":"sneckomod:IronFang+1","floor":25.0},{"not_picked":["sneckomod:ImprovisedAttack+1","sneckomod:Nope","sneckomod:MasterEye"],"picked":"SKIP","floor":26.0},{"not_picked":["sneckomod:TrashToTreasure","sneckomod:DefensiveFlair","sneckomod:UnknownUncommonPower"],"picked":"SKIP","floor":29.0},{"not_picked":["sneckomod:UnknownExhaust","sneckomod:UnknownClassSAIYAN_CARD_COLOR"],"picked":"sneckomod:UnknownBlock","floor":31.0},{"not_picked":["sneckomod:Unknown0Cost","sneckomod:ImprovisedAttack+1"],"picked":"sneckomod:IronFang+1","floor":32.0},{"not_picked":["sneckomod:Mudshield","sneckomod:SerpentMind"],"picked":"sneckomod:UnknownRarePower","floor":33.0},{"not_picked":["sneckomod:SoulRoll","sneckomod:ImprovisedGuard"],"picked":"sneckomod:DiceBlock+1","floor":36.0},{"not_picked":["sneckomod:UnknownClassWHITE+1","sneckomod:UnknownWeak","sneckomod:UnknownCommonAttack+1"],"picked":"SKIP","floor":38.0},{"not_picked":["sneckomod:UnknownX+1","sneckomod:UnknownCommonAttack+1"],"picked":"sneckomod:TrashToTreasure+1","floor":40.0},{"not_picked":["sneckomod:ImprovisedGuard","sneckomod:SoulCleanse+1"],"picked":"sneckomod:IronFang+1","floor":44.0},{"not_picked":["sneckomod:DiceBlock","sneckomod:DiceCrush+1","sneckomod:UnknownClassWHITE+1"],"picked":"SKIP","floor":46},{"not_picked":["sneckomod:SlitherStrike+1","sneckomod:DiceCrush+1"],"picked":"sneckomod:DiceBlock+1","floor":49}],"player_experience":1584808,"relics_obtained":[{"floor":7.0,"key":"Pet Ghost"},{"floor":11.0,"key":"Vajra"},{"floor":39.0,"key":"DemoMod:ClearGuonStone"},{"floor":41.0,"key":"Gremlin Food"}],"event_choices":[{"damage_healed":0.0,"max_hp_gain":5.0,"max_hp_loss":0.0,"gold_gain":0.0,"event_name":"Big Fish","player_choice":"Donut","floor":13.0,"gold_loss":0.0,"damage_taken":0.0},{"damage_healed":0.0,"max_hp_gain":0.0,"max_hp_loss":0.0,"gold_gain":0.0,"event_name":"Addict","player_choice":"Stole Relic","floor":30.0,"gold_loss":0.0,"damage_taken":0.0,"relics_obtained":["Potion Belt"],"cards_obtained":["Pride"]}],"is_beta":false,"boss_relics":[{"not_picked":["halation:MonkeysPaw","conspire:SpecialSausage"],"picked":"DemoMod:RiddleOfLead"},{"not_picked":["energizedSpire:SpiderWeb","energizedSpire:HugeHouse"],"picked":"aspiration:RitualDagger"}],"items_purged_floors":[10],"is_endless":false,"potions_floor_spawned":[9,11,14,15,16,23,25,26,32,40,46,49],"ascension_level":0}}