{"host":"prxrhpgaxnj4om9r","time":1613395758,"event":{"mods":["AchievementEnabler","BaseMod","Colored Map","DeckTracker","Minty Spire (QoL Compilation)"],"gold_per_floor":[110,124,124,137,137,137,175,193,217,238,238,238],"floor_reached":11,"language":"KOR","playtime":412,"items_purged":[],"score":90,"play_id":"8a998370-5bcc-45d3-8d61-4472e657ab25","local_time":"20210215222918","is_ascension_mode":true,"campfire_choices":[{"data":"Armaments","floor":6,"key":"SMITH"}],"circlet_count":0,"master_deck":["Strike_R","Strike_R","Strike_R","Strike_R","Strike_R","Defend_R+1","Defend_R","Defend_R","Defend_R","Bash","Armaments+1","Inflame+1","True Grit","Injury","Shrug It Off","Thunderclap","Fire Breathing"],"relics":["Burning Blood","NeowsBlessing","Golden Idol","Bag of Preparation","MealTicket"],"acts_visited":["Exordium"],"potions_floor_usage":[7,8,11],"damage_taken":[{"damage":0,"enemies":"Jaw Worm","floor":1,"turns":1},{"damage":0,"enemies":"Small Slimes","floor":2,"turns":1},{"damage":0,"enemies":"2 Louse","floor":4,"turns":1},{"damage":28,"enemies":"Gremlin Nob","floor":7,"turns":4},{"damage":8,"enemies":"Large Slime","floor":8,"turns":7},{"damage":39,"enemies":"Gremlin Gang","floor":10,"turns":5},{"damage":28,"enemies":"Lagavulin","floor":11,"turns":5}],"seed_played":"-2546503724176516320","potions_obtained":[{"floor":4,"key":"SteroidPotion"},{"floor":7,"key":"GamblersBrew"},{"floor":10,"key":"BlessingOfTheForge"}],"is_trial":false,"path_per_floor":["M","M","?","M","?","R","E","M","T","M","E"],"character_chosen":"IRONCLAD","items_purchased":[],"campfire_rested":0,"item_purchase_floors":[],"current_hp_per_floor":[80,80,64,70,70,70,48,46,46,13,0,0],"gold":238,"neow_bonus":"THREE_ENEMY_KILL","is_daily":false,"chose_seed":false,"campfire_upgraded":1,"win_rate":0.0,"timestamp":1613395758,"path_taken":["M","M","?","M","?","R","E","M","T","M","E"],"items_purchased_type":[],"build_version":"2020-12-22","purchased_purges":0,"victory":false,"max_hp_per_floor":[80,80,80,80,80,80,80,80,80,80,80,80],"card_choices":[{"not_picked":["Thunderclap","Pummel"],"picked":"Armaments","floor":1},{"not_picked":["Feel No Pain","Ghostly Armor"],"picked":"Inflame","floor":2},{"not_picked":["Twin Strike","Thunderclap"],"picked":"True Grit","floor":4},{"not_picked":["Body Slam","Metallicize"],"picked":"Shrug It Off","floor":7},{"not_picked":["Warcry","Perfected Strike"],"picked":"Thunderclap","floor":8},{"not_picked":["Anger","Dropkick"],"picked":"Fire Breathing","floor":10}],"player_experience":464457,"relics_obtained":[{"floor":7,"key":"Bag of Preparation"},{"floor":9,"key":"MealTicket"}],"event_choices":[{"damage_healed":0,"gold_gain":0,"player_choice":"Entered Light","damage_taken":16,"max_hp_gain":0,"max_hp_loss":0,"event_name":"Shining Light","floor":3,"gold_loss":0,"cards_upgraded":["Defend_R","Inflame"]},{"damage_healed":0,"gold_gain":0,"player_choice":"Take Wound","damage_taken":0,"relics_obtained":["Golden Idol"],"max_hp_gain":0,"max_hp_loss":0,"event_name":"Golden Idol","floor":5,"gold_loss":0,"cards_obtained":["Injury"]}],"is_beta":false,"boss_relics":[],"items_purged_floors":[],"is_endless":false,"potions_floor_spawned":[4,7,10],"killed_by":"Lagavulin","ascension_level":4}}