{"host":"uzp1tn8qxn9571p9","time":1613366246,"event":{"mods":["Aspiration","BaseMod","Bossed Relics","Colored Map","Colored Powertips","Curses Come First","Hermit","Marisa£®ÏF”Í°°ƒß¿Ì…≥£©","Mimic Mod","Minty Spire (QoL Compilation)","StSLib","The Hierophant","The Jungle","The Marked","The Runesmith"],"gold_per_floor":[118,19,19,19,55,82,82,82,82],"floor_reached":8,"language":"ZHS","playtime":371,"items_purged":["theMarked:Strike"],"score":55,"play_id":"1cd6812c-3a14-4db4-ad1c-25db57150b5a","local_time":"20210215131726","is_ascension_mode":true,"campfire_choices":[],"circlet_count":0,"master_deck":["theMarked:Strike","theMarked:Strike","theMarked:Strike","theMarked:Strike","theMarked:Defend","theMarked:Defend","theMarked:Defend","theMarked:Defend","theMarked:SoldierOfQuellstein","theMarked:BanishingWave","theMarked:SwordAndMagic","theMarked:EmpowerWeapon","theMarked:EmpowerWeapon"],"relics":["theMarked:ArtifactOfAir","theMarked:SecretDocuments","Letter Opener","aspiration:Lifesprig","Kunai"],"acts_visited":["Exordium"],"potions_floor_usage":[8],"damage_taken":[{"damage":1,"enemies":"Jaw Worm","floor":1,"turns":3},{"damage":4,"enemies":"Small Slimes","floor":5,"turns":7},{"damage":37,"enemies":"Lagavulin","floor":6,"turns":6},{"damage":4,"enemies":"3 Sentries","floor":8,"turns":1}],"seed_played":"1816125088358981731","potions_obtained":[{"floor":6,"key":"theMarked:ChargePotion"}],"is_trial":false,"path_per_floor":["M","$","?","?","MIM","E","$","E"],"character_chosen":"THE_DEFAULT","items_purchased":["theMarked:SwordAndMagic"],"campfire_rested":0,"item_purchase_floors":[2],"current_hp_per_floor":[48,48,48,45,41,4,4,0,0],"gold":82,"neow_bonus":"ONE_RARE_RELIC","is_daily":false,"chose_seed":false,"campfire_upgraded":0,"win_rate":0.0,"timestamp":1613366246,"path_taken":["M","$","?","?","?","E","$","E"],"items_purchased_type":["Card"],"build_version":"2020-12-22","purchased_purges":1,"victory":false,"max_hp_per_floor":[70,70,70,70,70,70,70,70,70],"card_choices":[{"not_picked":["theMarked:Frustration","theMarked:WastefulAttack"],"picked":"theMarked:BanishingWave","floor":1},{"not_picked":["theMarked:WardOff","theMarked:ElectricStrings"],"picked":"theMarked:EmpowerWeapon","floor":5},{"not_picked":["theMarked:ChainLightning","theMarked:SwordAndMagic"],"picked":"theMarked:EmpowerWeapon","floor":6}],"player_experience":419803,"relics_obtained":[{"floor":5,"key":"aspiration:Lifesprig"},{"floor":6,"key":"Kunai"}],"event_choices":[{"damage_healed":0,"gold_gain":0,"player_choice":"Ignored","damage_taken":0,"max_hp_gain":0,"max_hp_loss":0,"event_name":"Liars Game","floor":3,"gold_loss":0},{"damage_healed":0,"gold_gain":0,"player_choice":"Success","damage_taken":3,"relics_obtained":["Letter Opener"],"max_hp_gain":0,"max_hp_loss":0,"event_name":"Scrap Ooze","floor":4,"gold_loss":0}],"is_beta":false,"boss_relics":[],"items_purged_floors":[2],"is_endless":false,"potions_floor_spawned":[6],"killed_by":"3 Sentries","ascension_level":1}}