{"host":"ga4s3hj9m6nkn6gp","time":1613430641,"event":{"mods":["AchievementEnabler","BaseMod","Bestiary","Colored Powertips","Highlight Path","Minty Spire (QoL Compilation)","Relic Stats","everything is the same but u backflip on backflip"],"gold_per_floor":[109,109,109,28,28,28,353,353,403,430,442,236,263,280,280,352,352,364,364,382,582,602,634,646,646,646,561,580,680,330,57,57,57,57],"floor_reached":33,"language":"ENG","playtime":1398,"items_purged":["Strike_G","Strike_G"],"score":662,"play_id":"0b5aad74-312b-433c-836e-299d6bff086e","local_time":"20210216001041","is_ascension_mode":true,"campfire_choices":[{"data":"Noxious Fumes","floor":6,"key":"SMITH"},{"data":"Crippling Poison","floor":8,"key":"SMITH"},{"data":"Glass Knife","floor":15,"key":"SMITH"},{"data":"Wraith Form v2","floor":25,"key":"SMITH"},{"data":"Catalyst","floor":32,"key":"SMITH"}],"circlet_count":0,"master_deck":["AscendersBane","Strike_G","Strike_G","Defend_G","Defend_G","Defend_G","Defend_G","Defend_G","Survivor","Neutralize","Crippling Poison+1","Noxious Fumes+1","Slice","Predator","Well Laid Plans","Glass Knife+1","Terror","Wraith Form v2+1","Backstab","RitualDagger","PiercingWail","Caltrops","Noxious Fumes","Catalyst+1"],"relics":["Ring of the Snake","NeowsBlessing","White Beast Statue","Old Coin","Orichalcum","Meat on the Bone","ClockworkSouvenir","Mummified Hand","Philosopher\u0027s Stone","Anchor","Mercury Hourglass","Darkstone Periapt","The Specimen","Letter Opener","Bottled Tornado","Orrery"],"acts_visited":["Exordium","TheCity"],"potions_floor_usage":[13,23,24,33,33],"damage_taken":[{"damage":0,"enemies":"2 Louse","floor":1,"turns":1},{"damage":0,"enemies":"Gremlin Nob","floor":7,"turns":1},{"damage":0,"enemies":"Lagavulin","floor":10,"turns":1},{"damage":0,"enemies":"Small Slimes","floor":11,"turns":2},{"damage":12,"enemies":"Gremlin Nob","floor":13,"turns":4},{"damage":0,"enemies":"Cultist","floor":14,"turns":3},{"damage":16,"enemies":"Hexaghost","floor":16,"turns":8},{"damage":4,"enemies":"Chosen","floor":18,"turns":5},{"damage":26,"enemies":"Shell Parasite","floor":20,"turns":3},{"damage":6,"enemies":"Snecko","floor":22,"turns":4},{"damage":11,"enemies":"Book of Stabbing","floor":23,"turns":5},{"damage":27,"enemies":"Chosen and Byrds","floor":24,"turns":6},{"damage":0,"enemies":"3 Cultists","floor":28,"turns":4},{"damage":2,"enemies":"Colosseum Slavers","floor":29,"turns":4},{"damage":1,"enemies":"Colosseum Nobs","floor":29,"turns":4},{"damage":45,"enemies":"Champ","floor":33,"turns":10}],"seed_played":"-8502032654612263626","potions_obtained":[{"floor":1,"key":"GhostInAJar"},{"floor":5,"key":"ColorlessPotion"},{"floor":7,"key":"DuplicationPotion"},{"floor":13,"key":"DuplicationPotion"},{"floor":16,"key":"PowerPotion"},{"floor":23,"key":"GamblersBrew"},{"floor":24,"key":"Block Potion"}],"is_trial":false,"path_per_floor":["M","?","?","$","?","R","E","R","T","E","M","$","E","M","R","B",null,"M","?","M","?","M","E","M","R","T","?","M","?","$","$","R","B"],"character_chosen":"THE_SILENT","items_purchased":["Noxious Fumes","ClockworkSouvenir","Well Laid Plans","Bottled Tornado","Orrery"],"campfire_rested":0,"item_purchase_floors":[4,12,12,30,31],"current_hp_per_floor":[59,52,41,41,41,41,41,41,41,41,41,41,41,41,41,37,59,55,49,35,35,41,42,27,27,27,27,39,36,36,36,36,0,0],"gold":57,"neow_bonus":"THREE_ENEMY_KILL","is_daily":false,"chose_seed":false,"campfire_upgraded":5,"win_rate":0.0,"timestamp":1613430641,"path_taken":["M","?","?","$","?","R","E","R","T","E","M","$","E","M","R","BOSS","M","?","M","?","?","E","M","R","T","?","M","?","?","$","R","BOSS"],"items_purchased_type":["Card","Relic","Card","Relic","Relic"],"build_version":"2020-12-22","purchased_purges":2,"victory":false,"max_hp_per_floor":[66,66,66,66,66,66,66,66,66,66,66,66,66,66,66,66,66,66,66,66,66,66,66,66,66,66,66,66,66,66,66,66,66,66],"relic_stats":{"Darkstone Periapt":0,"counters":[16,64],"Mummified Hand":[27],"Letter Opener":[0],"Orichalcum":[192],"obtain_stats":[{"Darkstone Periapt":27,"NeowsBlessing":0,"The Specimen":29,"Letter Opener":29,"Orichalcum":9,"Bottled Tornado":30,"White Beast Statue":3,"Old Coin":7,"ClockworkSouvenir":12,"Mercury Hourglass":26,"Anchor":23,"Mummified Hand":13,"Orrery":31,"Philosopher\u0027s Stone":17,"Ring of the Snake":0,"Meat on the Bone":10},{"Darkstone Periapt":12,"NeowsBlessing":0,"The Specimen":15,"Letter Opener":15,"Orichalcum":2,"Bottled Tornado":15,"White Beast Statue":1,"Old Coin":2,"ClockworkSouvenir":4,"Mercury Hourglass":12,"Anchor":11,"Mummified Hand":5,"Orrery":15,"Philosopher\u0027s Stone":7,"Ring of the Snake":0,"Meat on the Bone":3},{"Darkstone Periapt":43,"NeowsBlessing":0,"The Specimen":54,"Letter Opener":54,"Orichalcum":2,"Bottled Tornado":54,"White Beast Statue":1,"Old Coin":2,"ClockworkSouvenir":5,"Mercury Hourglass":43,"Anchor":37,"Mummified Hand":9,"Orrery":54,"Philosopher\u0027s Stone":20,"Ring of the Snake":0,"Meat on the Bone":3}],"Ring of the Snake":[32],"Meat on the Bone":84,"Mercury Hourglass":[63]},"card_choices":[{"not_picked":["Acrobatics","Quick Slash"],"picked":"Crippling Poison","floor":1},{"not_picked":["Backflip","Expertise"],"picked":"Slice","floor":7},{"not_picked":["Dagger Throw","Concentrate"],"picked":"Predator","floor":10},{"not_picked":["PiercingWail","Underhanded Strike","Footwork"],"picked":"SKIP","floor":11},{"not_picked":["Flying Knee","Eviscerate"],"picked":"Glass Knife","floor":13},{"not_picked":["Outmaneuver","Slice"],"picked":"Terror","floor":14},{"not_picked":["After Image","Burst"],"picked":"Wraith Form v2","floor":16},{"not_picked":["PiercingWail","Heel Hook"],"picked":"Backstab","floor":18},{"not_picked":["Dagger Throw","Sucker Punch","Bane"],"picked":"SKIP","floor":20},{"not_picked":["Heel Hook","Endless Agony"],"picked":"PiercingWail","floor":22},{"not_picked":["Cloak And Dagger","A Thousand Cuts","Deadly Poison"],"picked":"SKIP","floor":23},{"not_picked":["Slice","Setup","Sucker Punch"],"picked":"SKIP","floor":24},{"not_picked":["Doppelganger","Quick Slash"],"picked":"Caltrops","floor":28},{"not_picked":["Footwork","Bouncing Flask"],"picked":"Noxious Fumes","floor":29},{"not_picked":["Poisoned Stab","Sucker Punch"],"picked":"Catalyst","floor":31}],"player_experience":779074,"relics_obtained":[{"floor":7,"key":"Old Coin"},{"floor":9,"key":"Orichalcum"},{"floor":10,"key":"Meat on the Bone"},{"floor":13,"key":"Mummified Hand"},{"floor":23,"key":"Anchor"},{"floor":26,"key":"Mercury Hourglass"},{"floor":29,"key":"The Specimen"},{"floor":29,"key":"Letter Opener"}],"event_choices":[{"cards_removed":["Strike_G"],"damage_healed":0,"gold_gain":0,"player_choice":"Card Removal","damage_taken":7,"max_hp_gain":0,"max_hp_loss":0,"event_name":"Golden Wing","floor":2,"gold_loss":0},{"damage_healed":0,"gold_gain":0,"player_choice":"Success","damage_taken":11,"relics_obtained":["White Beast Statue"],"max_hp_gain":0,"max_hp_loss":0,"event_name":"Scrap Ooze","floor":3,"gold_loss":0},{"damage_healed":0,"gold_gain":0,"player_choice":"Got Potions","damage_taken":0,"max_hp_gain":0,"max_hp_loss":0,"event_name":"Lab","floor":5,"gold_loss":0},{"damage_healed":0,"gold_gain":0,"player_choice":"Joined the Cult","damage_taken":6,"max_hp_gain":0,"max_hp_loss":0,"event_name":"Nest","floor":19,"gold_loss":0,"cards_obtained":["RitualDagger"]},{"damage_healed":0,"gold_gain":200,"player_choice":"Gold","damage_taken":0,"max_hp_gain":0,"max_hp_loss":0,"event_name":"Wheel of Change","floor":21,"gold_loss":0},{"damage_healed":0,"gold_gain":0,"player_choice":"Obtained Relic","damage_taken":0,"relics_obtained":["Darkstone Periapt"],"max_hp_gain":0,"max_hp_loss":0,"event_name":"Addict","floor":27,"gold_loss":85},{"damage_healed":0,"gold_gain":0,"player_choice":"Fight","damage_taken":0,"max_hp_gain":0,"max_hp_loss":0,"event_name":"Colosseum","floor":29,"gold_loss":0},{"damage_healed":0,"gold_gain":0,"player_choice":"Fought Nobs","damage_taken":0,"max_hp_gain":0,"max_hp_loss":0,"event_name":"Colosseum","floor":29,"gold_loss":0}],"is_beta":false,"boss_relics":[{"not_picked":["WristBlade","Pandora\u0027s Box"],"picked":"Philosopher\u0027s Stone"}],"items_purged_floors":[30,31],"is_endless":false,"potions_floor_spawned":[1,7,10,11,13,14,16,18,20,22,23,24,28,29,29],"killed_by":"Champ","ascension_level":20}}