{"host":"er8s5flrc5z1a07t","time":1613398942,"event":{"mods":["2.2 Compatiblity","Act Like it!","Aspiration","Bard","BaseMod","Better Note","Better Third Choice","Downfall","Duelist Mod","Elementarium","Energized Spire","GifTheSpireLib","Googly Eyes","Hermit","Hubris","Infinite Spire","Minty Spire (QoL Compilation)","Relic Stats","Replay The Spire","Shop Mod","StSLib","Stuff the Spire","Synergy Search","The Cursed"],"gold_per_floor":[99,99,99,99,99,99,99,38,114,14,0,0,27,41,59,59,79,178,178,78,90,90,101,101,120,145,145,155,255,272,172,201,217,231,329,329,329,348,348,348,364,397,397,407,439,456,556,572,572,604,618,618,618,650,4,4,4,4],"floor_reached":59,"language":"ENG","playtime":4689,"items_purged":["Pain","Regret"],"score":1047,"play_id":"65e38452-ab52-42d9-9eba-a445d23cd6f4","local_time":"20210215092222","is_ascension_mode":false,"campfire_choices":[{"floor":1,"key":"RECALL"},{"data":"Guardian:TwinSlam","floor":10,"key":"SMITH"},{"data":"Guardian:FloatingOrbs","floor":12,"key":"SMITH"},{"data":"Guardian:Repulse","floor":20,"key":"SMITH"},{"data":"Guardian:Orbwalk","floor":31,"key":"SMITH"},{"data":"Guardian:TemporalShield","floor":37,"key":"SMITH"},{"floor":49,"key":"REST"},{"data":"Replay:SS_hec_1","floor":56,"key":"SMITH"}],"circlet_count":0,"master_deck":["Guardian:CurlUp","Guardian:TwinSlam+1","Guardian:PiercingHide","Guardian:Recover","Guardian:PrimingBeam","Guardian:ChargeCore","Guardian:FloatingOrbs+1","Guardian:Planning","Guardian:RollAttack","Guardian:Orbwalk+1","Guardian:ExploitGems","Guardian:ConstructionForm","Guardian:GemFire","Guardian:TimeBomb","Guardian:SentryBeam","Guardian:EvasiveProtocol","Guardian:Repulse+1","Guardian:CrystalBeam","Guardian:Harden+1","Guardian:Suspension+1","Guardian:ArmoredProtocol+1","hubris:Fate+1","Guardian:TemporalShield+1","Guardian:GemFinder","Guardian:DecasProtection","Guardian:DonusPower","Guardian:AncientConstruct","Guardian:WalkerClaw+1","Replay:SS_hec_1+1"],"relics":["Guardian:ModeShifter","downfall:HeartsMalice","Question Card","downfall:HeartBlessingRed","hubris:DisguiseKit","StuffTheSpire:RedRose","Pandora\u0027s Box","downfall:HeartBlessingGreen","WarpedTongs","Ice Cream","Busted Crown","Potion Belt","downfall:HeartBlessingBlue","StuffTheSpire:HeavyRock","Replay:Bronze Core","OrangePellets","InkBottle","hubris:DeckOfHolding","hubris:BundleOfHerbs","StuffTheSpire:Nightcore","Incense Burner","Snack Pack"],"acts_visited":["Exordium","TheCity","TheBeyond","TheEnding"],"potions_floor_usage":[18,29,32,35,35,48,52,52,57,57,58],"damage_taken":[{"damage":0,"enemies":"Cultist","floor":2,"turns":1},{"damage":0,"enemies":"2 Louse","floor":6,"turns":1},{"damage":0,"enemies":"Small Slimes","floor":7,"turns":1},{"damage":0,"enemies":"downfall:FleeingMerchant","floor":8,"turns":4},{"damage":0,"enemies":"downfall:FleeingMerchant","floor":11,"turns":4},{"damage":4,"enemies":"Replay:BlueRogue","floor":13,"turns":5},{"damage":8,"enemies":"3 Louse","floor":14,"turns":3},{"damage":10,"enemies":"Exordium Thugs","floor":15,"turns":4},{"damage":15,"enemies":"Large Slime","floor":17,"turns":5},{"damage":15,"enemies":"IC_STATUS_ARCHETYPE","floor":18,"turns":5},{"damage":8,"enemies":"3 Byrds","floor":21,"turns":4},{"damage":0,"enemies":"Snecko","floor":23,"turns":5},{"damage":11,"enemies":"3 Cultists","floor":25,"turns":5},{"damage":0,"enemies":"Centurion and Healer","floor":28,"turns":4},{"damage":4,"enemies":"downfall:LadyInBlue","floor":29,"turns":8},{"damage":13,"enemies":"Snake Plant","floor":30,"turns":4},{"damage":0,"enemies":"Gremlin Leader","floor":32,"turns":4},{"damage":9,"enemies":"Snecko","floor":33,"turns":5},{"damage":14,"enemies":"Shelled Parasite and Fungi","floor":34,"turns":3},{"damage":0,"enemies":"DF_ARCHETYPE_CLAW","floor":35,"turns":4},{"damage":0,"enemies":"Orb Walker","floor":38,"turns":3},{"damage":3,"enemies":"3 Shapes","floor":41,"turns":4},{"damage":33,"enemies":"Reptomancer","floor":42,"turns":4},{"damage":0,"enemies":"Writhing Mass","floor":44,"turns":4},{"damage":0,"enemies":"Giant Head","floor":45,"turns":6},{"damage":11,"enemies":"4 Shapes","floor":46,"turns":5},{"damage":0,"enemies":"Transient","floor":48,"turns":5},{"damage":0,"enemies":"R_Hoarder","floor":50,"turns":8},{"damage":7,"enemies":"Writhing Mass","floor":51,"turns":3},{"damage":0,"enemies":"SI_POISON_ARCHETYPE","floor":52,"turns":3},{"damage":17,"enemies":"downfall:CharBossMerchant","floor":54,"turns":8},{"damage":8,"enemies":"downfall:NeowBoss","floor":57,"turns":10},{"damage":30,"enemies":"downfall:NeowBossFinal","floor":58,"turns":9}],"seed_played":"-1857219930400363991","potions_obtained":[{"floor":13,"key":"Cursed Concoction"},{"floor":14,"key":"FairyPotion"},{"floor":15,"key":"PowerPotion"},{"floor":21,"key":"PowerPotion"},{"floor":29,"key":"hexamod:SoulburnPotion"},{"floor":29,"key":"FearPotion"},{"floor":29,"key":"Fire Potion"},{"floor":32,"key":"PowerPotion"},{"floor":33,"key":"Elixir"},{"floor":34,"key":"CultistPotion"},{"floor":45,"key":"Venom Potion"},{"floor":46,"key":"FearPotion"},{"floor":50,"key":"Energy Potion"},{"floor":54,"key":"BlessingOfTheForge"}],"is_trial":false,"path_per_floor":["R","M","?","PTL","PTL","M","M","$","T","R","$","R","E","M","M","?","M","B",null,"R","M","?","M","?","M","T","AVR","M","?","M","R","E","M","M","B",null,"R","M","AVR","?","M","E","T","M","E","M","?","M","R","E","M","B",null,"E","$","R","B","B",null],"character_chosen":"GUARDIAN","items_purchased":["Guardian:ChargeCore","Incense Burner","Snack Pack","Replay:SS_hec_1"],"campfire_rested":1,"item_purchase_floors":[8,55,55,55],"current_hp_per_floor":[80,80,80,80,80,80,80,80,80,80,80,80,76,68,58,58,43,28,80,80,72,72,72,72,61,61,61,61,57,59,69,69,60,46,46,90,90,90,90,90,87,54,54,54,54,43,43,43,70,70,63,63,90,73,73,73,90,73],"gold":4,"neow_bonus":"THREE_ENEMY_KILL","is_daily":false,"chose_seed":false,"campfire_upgraded":6,"win_rate":0.0,"timestamp":1613398942,"path_taken":["R","M","?","PTL","PTL","M","M","$","T","R","?","R","E","M","M","?","M","BOSS","R","M","?","M","?","?","T","AVR","M","?","?","R","E","M","M","BOSS","R","M","AVR","?","M","E","T","?","E","M","?","?","R","E","M","BOSS","E","$","R","BOSS","BOSS"],"items_purchased_type":["Card","Relic","Relic","Card"],"build_version":"2020-12-22","purchased_purges":2,"victory":true,"max_hp_per_floor":[80,80,80,80,80,80,80,80,80,80,80,80,80,80,80,80,80,80,80,80,80,80,80,80,80,80,80,80,80,80,90,90,90,90,90,90,90,90,90,90,90,90,90,90,90,90,90,90,90,90,90,90,90,90,90,90,90,90],"relic_stats":{"OrangePellets":[41],"Busted Crown":68,"counters":[33,148],"Pandora\u0027s Box":["Guardian:ConstructionForm","Guardian:GemFire","Guardian:TimeBomb","Guardian:SentryBeam","Guardian:EvasiveProtocol","Guardian:Repulse","Guardian:CrystalBeam"],"Question Card":127,"obtain_stats":[{"Ice Cream":27,"Potion Belt":29,"hubris:DisguiseKit":13,"downfall:HeartBlessingRed":10,"Guardian:ModeShifter":0,"downfall:HeartsMalice":0,"downfall:HeartBlessingGreen":20,"Incense Burner":55,"Question Card":9,"WarpedTongs":24,"OrangePellets":39,"Busted Crown":27,"downfall:HeartBlessingBlue":31,"StuffTheSpire:HeavyRock":32,"Replay:Bronze Core":36,"Pandora\u0027s Box":19,"hubris:DeckOfHolding":43,"hubris:BundleOfHerbs":45,"Snack Pack":55,"StuffTheSpire:Nightcore":50,"StuffTheSpire:RedRose":16,"InkBottle":42},{"Ice Cream":13,"Potion Belt":15,"hubris:DisguiseKit":6,"downfall:HeartBlessingRed":4,"Guardian:ModeShifter":0,"downfall:HeartsMalice":0,"downfall:HeartBlessingGreen":10,"Incense Burner":31,"Question Card":4,"WarpedTongs":12,"OrangePellets":21,"Busted Crown":13,"downfall:HeartBlessingBlue":16,"StuffTheSpire:HeavyRock":17,"Replay:Bronze Core":20,"Pandora\u0027s Box":10,"hubris:DeckOfHolding":23,"hubris:BundleOfHerbs":25,"Snack Pack":31,"StuffTheSpire:Nightcore":28,"StuffTheSpire:RedRose":8,"InkBottle":23},{"Ice Cream":44,"Potion Belt":56,"hubris:DisguiseKit":13,"downfall:HeartBlessingRed":4,"Guardian:ModeShifter":0,"downfall:HeartsMalice":0,"downfall:HeartBlessingGreen":30,"Incense Burner":129,"Question Card":4,"WarpedTongs":39,"OrangePellets":79,"Busted Crown":44,"downfall:HeartBlessingBlue":60,"StuffTheSpire:HeavyRock":64,"Replay:Bronze Core":76,"Pandora\u0027s Box":30,"hubris:DeckOfHolding":87,"hubris:BundleOfHerbs":97,"Snack Pack":129,"StuffTheSpire:Nightcore":115,"StuffTheSpire:RedRose":20,"InkBottle":87}],"InkBottle":[44],"WarpedTongs":[109]},"card_choices":[{"not_picked":["Guardian:Orbwalk","Guardian:VentSteam"],"picked":"Guardian:PiercingHide","floor":2},{"not_picked":["Guardian:PiercingHide","Guardian:Reroute"],"picked":"Guardian:Recover","floor":6},{"not_picked":["Guardian:Gem_Green","Guardian:GemFinder"],"picked":"Guardian:PrimingBeam","floor":7},{"not_picked":["Guardian:Repulse","Guardian:GuardianWhirl"],"picked":"Guardian:Gem_Blue","floor":8},{"not_picked":["Guardian:BronzeArmor","Guardian:GuardianWhirl","Guardian:TemporalShield"],"picked":"Guardian:FloatingOrbs","floor":11},{"not_picked":["Guardian:Recover","Guardian:TemporalShield","Guardian:Emergency"],"picked":"Guardian:Planning","floor":13},{"not_picked":["Guardian:CrystalBeam","Guardian:Recover","Guardian:TimeCapacitor","bronze:Invalidate"],"picked":"Guardian:RollAttack","floor":14},{"not_picked":["Guardian:Suspension","Guardian:Planning","Guardian:FloatingOrbs","bronze:BitShift"],"picked":"Guardian:Orbwalk","floor":15},{"not_picked":["Guardian:PiercingHide","Guardian:Planning","Guardian:TemporalShield","bronze:WildBeam"],"picked":"Guardian:ExploitGems","floor":17},{"not_picked":["Guardian:SphericShield","Guardian:StasisField","Guardian:GatlingBeam","bronze:RecursiveStrike"],"picked":"Guardian:Gem_Orange","floor":18},{"not_picked":["Guardian:Gem_Yellow","Guardian:CrystalBeam","Guardian:TimeBomb+1","bronze:ForLoop"],"picked":"Guardian:Harden+1","floor":21},{"not_picked":["Guardian:MultiBeam","Guardian:WalkerClaw","Guardian:GuardianWhirl","bronze:FineTuning"],"picked":"Guardian:Suspension+1","floor":23},{"not_picked":["Guardian:Incinerate+1","Guardian:PiercingHide","Guardian:VentSteam","bronze:Iterate"],"picked":"Guardian:ArmoredProtocol+1","floor":25},{"not_picked":["Guardian:SentryBeam+1","Guardian:Repulse","bronze:WildBeam"],"picked":"SKIP","floor":28},{"not_picked":["Guardian:Recover","bronze:Iterate"],"picked":"Guardian:Gem_Cyan","floor":29},{"not_picked":["Guardian:ShieldCharger","bronze:Frontload"],"picked":"Guardian:Gem_Red","floor":30},{"not_picked":["Guardian:TimeSifter","bronze:Fortify"],"picked":"Guardian:Gem_Cyan","floor":32},{"not_picked":["Guardian:Planning+1","bronze:CutThrough"],"picked":"Guardian:TemporalShield","floor":33},{"not_picked":["Guardian:PiercingHide","bronze:BitShift"],"picked":"Guardian:Gem_Crimson","floor":34},{"not_picked":["Guardian:GemFire","bronze:HardenedForm"],"picked":"Guardian:GemFinder","floor":35},{"not_picked":["Guardian:SpikerProtocol","bronze:Flail"],"picked":"Guardian:Gem_Cyan","floor":38},{"not_picked":["Guardian:Gem_Red","Guardian:Gem_Cyan"],"picked":"Guardian:Gem_Green","floor":41},{"not_picked":["Guardian:RollAttack+1","Guardian:CrystalBeam+1","bronze:ChosenStrike"],"picked":"SKIP","floor":41},{"not_picked":["Guardian:Gem_Cyan","Guardian:Gem_Red"],"picked":"Guardian:Gem_Lightblue","floor":42},{"not_picked":["Guardian:StasisStrike","Guardian:ShieldCharger","bronze:BugBarrage"],"picked":"SKIP","floor":42},{"not_picked":["Guardian:Gem_Cyan","Guardian:Gem_Red"],"picked":"Guardian:Gem_Lightblue","floor":44},{"not_picked":["Guardian:TemporalShield","Guardian:CrystalBeam","bronze:Philosophize"],"picked":"SKIP","floor":44},{"not_picked":["Guardian:ChargeCore","bronze:CloningBeam"],"picked":"Guardian:DecasProtection","floor":45},{"not_picked":["Guardian:PiercingHide","Guardian:VentSteam","bronze:DarkDash"],"picked":"SKIP","floor":46},{"not_picked":["Guardian:VentSteam+1","bronze:ForLoop"],"picked":"Guardian:DonusPower","floor":48},{"not_picked":["Guardian:WalkerClaw+1","bronze:ChosenStrike"],"picked":"Guardian:AncientConstruct","floor":50},{"not_picked":["Guardian:ChargeCore+1","bronze:ChosenStrike"],"picked":"Guardian:WalkerClaw+1","floor":51}],"player_experience":1172732,"relics_obtained":[{"floor":9,"key":"Question Card"},{"floor":13,"key":"hubris:DisguiseKit"},{"floor":29,"key":"Potion Belt"},{"floor":32,"key":"StuffTheSpire:HeavyRock"},{"floor":42,"key":"InkBottle"},{"floor":43,"key":"hubris:DeckOfHolding"},{"floor":45,"key":"hubris:BundleOfHerbs"},{"floor":50,"key":"StuffTheSpire:Nightcore"}],"event_choices":[{"damage_healed":0,"gold_gain":0,"player_choice":"Ignored","damage_taken":0,"max_hp_gain":0,"max_hp_loss":0,"event_name":"betterNote:BetterNote","floor":22,"gold_loss":0,"cards_obtained":["champ:VampiricStrike"]}],"is_beta":false,"boss_relics":[{"not_picked":["energizedSpire:EnergizedDie","Empty Cage"],"picked":"Pandora\u0027s Box"},{"not_picked":["aspiration:BardSkillbook","hubris:Backtick"],"picked":"Replay:Bronze Core"}],"items_purged_floors":[27,39],"is_endless":false,"potions_floor_spawned":[13,14,15,17,21,23,32,33,34,42,45,46,50,54],"ascension_level":0}}