{"host":"ifvrsrzj00f2ebkn","time":1613370122,"event":{"mods":["BaseMod","Colored Map","Colored Powertips","Minty Spire (QoL Compilation)","Random Character Button","Shop Mod","StSLib"],"gold_per_floor":[117,134,134,59,59,90,121,149,174,204,204,204,12,43,43,143,143,143,162,162,192,64,95,95,121,121,155,114,138,168,196,196,298,298,313,313,313,330,380,413,463,492,517,533,160,160,190,221,221,221],"floor_reached":51,"language":"ENG","playtime":10295,"items_purged":["Rebound","Searing Blow","Pummel","Shame"],"score":1561,"play_id":"d3f2ad27-4a39-4ed1-9df4-0c4367ef9c53","local_time":"20210215142202","daily_mods":["Draft","Red Cards","Green Cards","Blue Cards","Colorless Cards","Heirloom","Time Dilation","Flight","DeadlyEvents","Elite Swarm"],"is_ascension_mode":true,"campfire_choices":[{"data":"Flying Knee","floor":11.0,"key":"SMITH"},{"data":"Backflip","floor":12.0,"key":"SMITH"},{"data":"After Image","floor":15.0,"key":"SMITH"},{"data":"Self Repair","floor":24,"key":"SMITH"},{"floor":32,"key":"DIG"},{"floor":46,"key":"DIG"},{"floor":49,"key":"REST"}],"circlet_count":0,"master_deck":["AscendersBane","Self Repair+1","Shrug It Off+1","Pommel Strike","Backflip","Flying Knee+1","Backflip+1","Iron Wave","Leap+1","Steam","Steam","Flying Knee","Steam+1","Apotheosis","After Image+1","Immolate","Impervious","Master of Strategy","Hyperbeam+1","Offering+1","Hologram+1","Dark Shackles+1","Armaments+1","Doubt","Immolate+1","Regret","Secret Weapon+1","Leap+1","Dual Wield+1"],"relics":["Burning Blood","Champion Belt","Tiny Chest","Gremlin Horn","Oddly Smooth Stone","Darkstone Periapt","Bottled Flame","MerchantsRug","Shovel","Toxic Egg 2","Molten Egg 2","MealTicket","Self Forming Clay","Mummified Hand","Bag of Marbles","Cursed Key","Orichalcum","PreservedInsect","Lantern","TungstenRod","Regal Pillow","Pen Nib","White Beast Statue","Lizard Tail","Turnip"],"acts_visited":["Exordium","TheCity","TheBeyond"],"potions_floor_usage":[23,33,33,33,50,50,50],"damage_taken":[{"damage":0.0,"enemies":"Small Slimes","floor":1.0,"turns":4.0},{"damage":0.0,"enemies":"Cultist","floor":2.0,"turns":3.0},{"damage":30.0,"enemies":"Gremlin Nob","floor":6.0,"turns":5.0},{"damage":10.0,"enemies":"3 Sentries","floor":7.0,"turns":12.0},{"damage":0.0,"enemies":"Lagavulin","floor":8.0,"turns":5.0},{"damage":26.0,"enemies":"Gremlin Nob","floor":10.0,"turns":5.0},{"damage":0.0,"enemies":"Lagavulin","floor":14.0,"turns":6.0},{"damage":8.0,"enemies":"The Guardian","floor":16.0,"turns":9.0},{"damage":0.0,"enemies":"Chosen","floor":18.0,"turns":5.0},{"damage":0,"enemies":"Shell Parasite","floor":19,"turns":6},{"damage":23,"enemies":"Gremlin Leader","floor":21,"turns":8},{"damage":10,"enemies":"Slavers","floor":23,"turns":5},{"damage":24,"enemies":"Book of Stabbing","floor":25,"turns":7},{"damage":16,"enemies":"Gremlin Leader","floor":27,"turns":5},{"damage":10,"enemies":"Slavers","floor":30,"turns":5},{"damage":0,"enemies":"Gremlin Leader","floor":31,"turns":5},{"damage":90,"enemies":"Automaton","floor":33,"turns":18},{"damage":1,"enemies":"3 Darklings","floor":35,"turns":5},{"damage":6,"enemies":"Reptomancer","floor":40,"turns":3},{"damage":63,"enemies":"Giant Head","floor":42,"turns":10},{"damage":0,"enemies":"3 Shapes","floor":44,"turns":1},{"damage":12,"enemies":"Nemesis","floor":47,"turns":7},{"damage":21,"enemies":"Giant Head","floor":48,"turns":8},{"damage":158,"enemies":"Awakened One","floor":50,"turns":25}],"seed_played":"-3389627450826986776","potions_obtained":[{"floor":8.0,"key":"SteroidPotion"},{"floor":10.0,"key":"CultistPotion"},{"floor":14.0,"key":"Explosive Potion"},{"floor":23,"key":"CultistPotion"},{"floor":33,"key":"SteroidPotion"},{"floor":40,"key":"BloodPotion"},{"floor":42,"key":"AttackPotion"},{"floor":48,"key":"SpeedPotion"}],"is_trial":true,"path_per_floor":["M","M","?","$","?","E","E","E","T","E","R","R","$","E","R","B",null,"M","M","?","E","$","E","R","E","T","E","$","T","E","E","R","B",null,"M","?","?","$","T","E","T","E","T","M","$","R","E","E","R","B",null],"character_chosen":"IRONCLAD","items_purchased":["Apotheosis","MerchantsRug","Dodge and Roll+1","Armaments+1","Dual Wield+1","Pen Nib"],"campfire_rested":1,"item_purchase_floors":[13,22,28,38,45,45],"current_hp_per_floor":[80,80,80,80,80,70,73,86,86,73,73,73,73,86,86,87,87,87,87,87,77,77,94,94,86,86,86,86,86,92,101,101,27,83,98,98,98,101,107,107,113,66,72,78,93,93,97,92,119,60],"gold":221,"neow_bonus":"","is_daily":false,"chose_seed":false,"campfire_upgraded":4,"win_rate":0.0,"timestamp":1613370122,"path_taken":["M","M","?","?","?","E","E","E","T","E","R","R","$","?","R","BOSS","M","M","?","?","$","E","R","E","T","E","$","?","E","E","R","BOSS","M","?","?","$","?","E","?","E","T","M","$","R","E","E","R","BOSS"],"items_purchased_type":["Card","Relic","Card","Card","Card","Relic"],"build_version":"2020-12-22","purchased_purges":4,"victory":true,"max_hp_per_floor":[80,80,80,80,80,87,87,87,87,87,87,87,87,87,87,87,87,87,87,87,87,87,101,101,101,101,101,101,101,101,101,101,101,101,101,101,101,101,107,107,113,113,119,119,119,119,119,119,119,119],"card_choices":[{"not_picked":["Streamline","Underhanded Strike"],"picked":"Self Repair","floor":0.0},{"not_picked":["Sucker Punch","Havoc"],"picked":"Glacier","floor":0.0},{"not_picked":["Panacea","Beam Cell"],"picked":"Shrug It Off","floor":0.0},{"not_picked":["Acrobatics","Prepared"],"picked":"Pommel Strike","floor":0.0},{"not_picked":["Twin Strike","Slice"],"picked":"Backflip","floor":0.0},{"not_picked":["Clash","Twin Strike"],"picked":"Flying Knee","floor":0.0},{"not_picked":["Sunder","Compile Driver"],"picked":"Rebound","floor":0.0},{"not_picked":["PiercingWail","Armaments"],"picked":"Backflip","floor":0.0},{"not_picked":["Well Laid Plans","Escape Plan"],"picked":"Iron Wave","floor":0.0},{"not_picked":["Loop","Gash"],"picked":"Well Laid Plans","floor":0.0},{"not_picked":["Warcry","Storm"],"picked":"Pummel","floor":0.0},{"not_picked":["Redo","Capacitor"],"picked":"Leap","floor":0.0},{"not_picked":["Thunderclap","Slice"],"picked":"Steam","floor":0.0},{"not_picked":["Panacea","Outmaneuver"],"picked":"Steam","floor":0.0},{"not_picked":["Rebound","Clash"],"picked":"Searing Blow","floor":0.0},{"not_picked":["Forethought","Cold Snap"],"picked":"Flying Knee","floor":1.0},{"not_picked":["Go for the Eyes","Cold Snap"],"picked":"Steam","floor":2.0},{"not_picked":["Panache","Meteor Strike","Thunder Strike"],"picked":"SKIP","floor":6.0},{"not_picked":["Panache","Meteor Strike","Thunder Strike"],"picked":"SKIP","floor":6.0},{"not_picked":["Multi-Cast","A Thousand Cuts","Amplify"],"picked":"SKIP","floor":7.0},{"not_picked":["Fiend Fire","Venomology","Thunder Strike"],"picked":"SKIP","floor":8.0},{"not_picked":["Electrodynamics","HandOfGreed","Thunder Strike"],"picked":"SKIP","floor":10.0},{"not_picked":["Reboot","Double Tap"],"picked":"After Image","floor":14.0},{"not_picked":["Coolheaded"],"picked":"SKIP","floor":18},{"not_picked":["Steam Power+1"],"picked":"SKIP","floor":19},{"not_picked":[],"picked":"Immolate","floor":21},{"not_picked":["Glass Knife","Wraith Form v2"],"picked":"Impervious","floor":23},{"not_picked":["Night Terror","Grand Finale"],"picked":"Master of Strategy","floor":25},{"not_picked":["Chrysalis+1","Meteor Strike+1","Corpse Explosion+1"],"picked":"SKIP","floor":27},{"not_picked":["Chrysalis+1","Meteor Strike+1","Corpse Explosion+1"],"picked":"SKIP","floor":27},{"not_picked":["Juggernaut","Adrenaline+1"],"picked":"Hyperbeam+1","floor":30},{"not_picked":["A Thousand Cuts","Transmutation+1","Burst+1"],"picked":"SKIP","floor":31},{"not_picked":["Doppelganger+1","Corpse Explosion+1"],"picked":"Offering+1","floor":33},{"not_picked":["Sucker Punch+1","Prepared+1"],"picked":"Hologram+1","floor":35},{"not_picked":["Mayhem","Mind Blast+1"],"picked":"Dark Shackles+1","floor":36},{"not_picked":["Unload+1","Venomology+1"],"picked":"Immolate+1","floor":40},{"not_picked":["Rainbow+1","Amplify+1"],"picked":"Secret Weapon+1","floor":42},{"not_picked":["Cleave+1","Beam Cell+1"],"picked":"Leap+1","floor":44},{"not_picked":["Secret Technique+1","Rainbow+1","Sadistic Nature"],"picked":"SKIP","floor":47},{"not_picked":["Multi-Cast+1","Bullet Time+1","Envenom"],"picked":"SKIP","floor":48}],"player_experience":61651,"relics_obtained":[{"floor":6.0,"key":"Strawberry"},{"floor":7.0,"key":"Tiny Chest"},{"floor":8.0,"key":"Matryoshka"},{"floor":9.0,"key":"Gremlin Horn"},{"floor":9.0,"key":"Oddly Smooth Stone"},{"floor":10.0,"key":"Pocketwatch"},{"floor":14.0,"key":"Darkstone Periapt"},{"floor":21,"key":"Bottled Flame"},{"floor":23,"key":"Mango"},{"floor":25,"key":"Shovel"},{"floor":26,"key":"War Paint"},{"floor":26,"key":"Toxic Egg 2"},{"floor":27,"key":"Molten Egg 2"},{"floor":29,"key":"MealTicket"},{"floor":30,"key":"Self Forming Clay"},{"floor":31,"key":"Mummified Hand"},{"floor":32,"key":"Bag of Marbles"},{"floor":39,"key":"Orichalcum"},{"floor":40,"key":"PreservedInsect"},{"floor":41,"key":"Lantern"},{"floor":42,"key":"TungstenRod"},{"floor":43,"key":"Regal Pillow"},{"floor":46,"key":"White Beast Statue"},{"floor":47,"key":"Lizard Tail"},{"floor":48,"key":"Turnip"}],"event_choices":[{"cards_removed":["Well Laid Plans"],"damage_healed":0.0,"max_hp_gain":0.0,"max_hp_loss":0.0,"gold_gain":0.0,"event_name":"Purifier","player_choice":"Purged","floor":3.0,"gold_loss":0.0,"damage_taken":0.0},{"cards_removed":["Glacier"],"damage_healed":0.0,"max_hp_gain":0.0,"max_hp_loss":0.0,"gold_gain":0.0,"event_name":"Living Wall","player_choice":"Forget","floor":5.0,"gold_loss":0.0,"damage_taken":0.0},{"damage_healed":0,"gold_gain":0,"player_choice":"Forge","damage_taken":0,"max_hp_gain":0,"max_hp_loss":0,"event_name":"Accursed Blacksmith","floor":20,"gold_loss":0,"cards_upgraded":["Steam"]},{"damage_healed":0,"gold_gain":0,"player_choice":"Memory 1","damage_taken":0,"max_hp_gain":0,"max_hp_loss":0,"event_name":"SensoryStone","floor":36,"gold_loss":0},{"cards_removed":["Dodge and Roll"],"damage_healed":0,"gold_gain":0,"player_choice":"Removed Skill","damage_taken":0,"max_hp_gain":0,"max_hp_loss":0,"event_name":"Falling","floor":37,"gold_loss":0}],"is_beta":false,"boss_relics":[{"not_picked":["Snecko Eye","Astrolabe"],"picked":"Busted Crown"},{"not_picked":["Fusion Hammer","Velvet Choker"],"picked":"Cursed Key"}],"items_purged_floors":[4,22,28,45],"is_endless":false,"potions_floor_spawned":[6,8,10,14,21,23,31,33,40,42,47,48],"ascension_level":10}}