{"host":"zwezhz46a5cjkxff","time":1613361203,"event":{"mods":["AchievementEnabler","BaseMod","Colored Map","Colored Powertips","DeckTracker","Minty Spire (QoL Compilation)","Permanent Neow","Quick Restart","Rare Cards Sparkle","Relic Stats","StSLib","SuperFastMode"],"gold_per_floor":[12,27,37,37,51,84,102,140,140,140,165,201,221,237,237,366,366,387,410,454,475,475,475],"floor_reached":22,"language":"ENG","playtime":669,"items_purged":[],"score":231,"play_id":"271d7533-0646-4780-9233-96c8ccc601d6","local_time":"20210214215323","is_ascension_mode":true,"campfire_choices":[{"floor":10,"key":"REST"},{"data":"Catalyst","floor":15,"key":"SMITH"}],"circlet_count":0,"master_deck":["Strike_G","Strike_G","Strike_G","Strike_G","Strike_G","Defend_G","Defend_G","Defend_G","Defend_G","Defend_G","Survivor","Neutralize","Sadistic Nature","Deadly Poison","Crippling Poison","Catalyst+1","Noxious Fumes","Poisoned Stab","After Image","Well Laid Plans+1"],"relics":["Ring of the Serpent","Golden Idol","Gremlin Horn","Meat on the Bone","Lantern","Toxic Egg 2","Red Mask"],"acts_visited":["Exordium","TheCity"],"potions_floor_usage":[5,18,20,20,22],"damage_taken":[{"damage":2,"enemies":"Jaw Worm","floor":1,"turns":4},{"damage":0,"enemies":"Cultist","floor":2,"turns":3},{"damage":2,"enemies":"Small Slimes","floor":3,"turns":4},{"damage":3,"enemies":"3 Louse","floor":5,"turns":2},{"damage":16,"enemies":"3 Sentries","floor":6,"turns":10},{"damage":2,"enemies":"Exordium Thugs","floor":7,"turns":4},{"damage":7,"enemies":"Gremlin Nob","floor":8,"turns":3},{"damage":20,"enemies":"3 Sentries","floor":12,"turns":6},{"damage":6,"enemies":"2 Fungi Beasts","floor":13,"turns":4},{"damage":5,"enemies":"3 Louse","floor":14,"turns":2},{"damage":24,"enemies":"Slime Boss","floor":16,"turns":8},{"damage":23,"enemies":"2 Thieves","floor":18,"turns":5},{"damage":7,"enemies":"Shell Parasite","floor":19,"turns":4},{"damage":15,"enemies":"Masked Bandits","floor":20,"turns":4},{"damage":36,"enemies":"Snake Plant","floor":21,"turns":4},{"damage":13,"enemies":"Snecko","floor":22,"turns":2}],"seed_played":"2066689030542254795","potions_obtained":[{"floor":3,"key":"CunningPotion"},{"floor":8,"key":"SteroidPotion"},{"floor":13,"key":"SneckoOil"},{"floor":14,"key":"SpeedPotion"},{"floor":16,"key":"Fire Potion"},{"floor":18,"key":"Fire Potion"},{"floor":19,"key":"Poison Potion"}],"is_trial":false,"path_per_floor":["M","M","M","?","M","E","M","E","T","R","T","E","M","M","R","B",null,"M","M","?","M","M"],"character_chosen":"THE_SILENT","items_purchased":[],"campfire_rested":1,"item_purchase_floors":[],"current_hp_per_floor":[68,68,66,49,46,30,28,21,21,42,42,34,40,47,47,35,70,47,40,37,13,0,0],"gold":475,"neow_bonus":"RANDOM_COLORLESS_2","is_daily":false,"chose_seed":false,"campfire_upgraded":1,"win_rate":0.0,"timestamp":1613361203,"path_taken":["M","M","M","?","M","E","M","E","T","R","?","E","?","M","R","BOSS","M","M","?","M","M"],"items_purchased_type":[],"build_version":"2020-12-22","purchased_purges":0,"victory":false,"max_hp_per_floor":[70,70,70,70,70,70,70,70,70,70,70,70,70,70,70,70,70,70,70,70,70,70,70],"relic_stats":{"Gremlin Horn":[12,12],"counters":[16,69],"Golden Idol":84,"obtain_stats":[{"Lantern":11,"Gremlin Horn":6,"Golden Idol":4,"Red Mask":20,"Toxic Egg 2":12,"Ring of the Serpent":17,"Ring of the Snake":0,"Meat on the Bone":8},{"Lantern":7,"Gremlin Horn":5,"Golden Idol":3,"Red Mask":14,"Toxic Egg 2":8,"Ring of the Serpent":11,"Ring of the Snake":0,"Meat on the Bone":7},{"Lantern":30,"Gremlin Horn":23,"Golden Idol":11,"Red Mask":63,"Toxic Egg 2":36,"Ring of the Serpent":50,"Ring of the Snake":0,"Meat on the Bone":30}],"Meat on the Bone":72},"card_choices":[{"not_picked":["Violence","Mayhem"],"picked":"Sadistic Nature","floor":0},{"not_picked":["PiercingWail","Cloak And Dagger"],"picked":"Deadly Poison","floor":1},{"not_picked":["Dodge and Roll","Cloak And Dagger","Acrobatics"],"picked":"SKIP","floor":2},{"not_picked":["Quick Slash","Dagger Throw","Dodge and Roll"],"picked":"SKIP","floor":3},{"not_picked":["Skewer","Dagger Spray"],"picked":"Crippling Poison","floor":5},{"not_picked":["Setup","Dagger Throw","Finisher"],"picked":"SKIP","floor":6},{"not_picked":["Flying Knee","Choke"],"picked":"Catalyst","floor":7},{"not_picked":["Masterful Stab","Deadly Poison"],"picked":"Noxious Fumes","floor":8},{"not_picked":["Grand Finale","Cloak And Dagger+1","Bane"],"picked":"SKIP","floor":12},{"not_picked":["Accuracy","Underhanded Strike","Heel Hook"],"picked":"SKIP","floor":13},{"not_picked":["Deadly Poison+1","Acrobatics+1"],"picked":"Poisoned Stab","floor":14},{"not_picked":["Grand Finale","Night Terror+1"],"picked":"After Image","floor":16},{"not_picked":["Quick Slash","Distraction+1","Prepared+1"],"picked":"SKIP","floor":18},{"not_picked":["Finisher","All Out Attack","Deadly Poison+1"],"picked":"SKIP","floor":19},{"not_picked":["Choke","Escape Plan+1"],"picked":"Well Laid Plans+1","floor":20},{"not_picked":["Deadly Poison+1","Calculated Gamble+1","Flying Knee"],"picked":"SKIP","floor":21}],"player_experience":111661,"relics_obtained":[{"floor":6,"key":"Gremlin Horn"},{"floor":8,"key":"Meat on the Bone"},{"floor":11,"key":"Lantern"},{"floor":12,"key":"Toxic Egg 2"},{"floor":20,"key":"Red Mask"}],"event_choices":[{"damage_healed":0,"gold_gain":0,"player_choice":"Take Damage","damage_taken":17,"relics_obtained":["Golden Idol"],"max_hp_gain":0,"max_hp_loss":0,"event_name":"Golden Idol","floor":4,"gold_loss":0},{"damage_healed":0,"gold_gain":0,"player_choice":"Fought Bandits","damage_taken":0,"max_hp_gain":0,"max_hp_loss":0,"event_name":"Masked Bandits","floor":20,"gold_loss":0}],"is_beta":false,"boss_relics":[{"not_picked":["Tiny House","Sozu"],"picked":"Ring of the Serpent"}],"items_purged_floors":[],"is_endless":false,"potions_floor_spawned":[3,8,13,14,16,18,19],"killed_by":"Snecko","ascension_level":2}}