{"host":"or8fr2mp0k3eluj8","time":1613385110,"event":{"mods":["AchievementEnabler","BaseMod","Colored Map","DeckTracker","Minty Spire (QoL Compilation)","SuperFastMode"],"gold_per_floor":[110,110,110,122,122,136,65,75,75,105,105,124,143,161,161,263,263,275,294,63,63,80,80,91,91,91,91,91,105,105,116,116,116,116],"floor_reached":33,"language":"KOR","playtime":1007,"items_purged":["Defend_P"],"score":251,"play_id":"639a5ac1-1c73-4693-992c-acc8ec8b3fdf","local_time":"20210215193150","is_ascension_mode":false,"campfire_choices":[{"data":"Eruption","floor":11,"key":"SMITH"},{"data":"TalkToTheHand","floor":15,"key":"SMITH"},{"floor":23,"key":"REST"},{"data":"MentalFortress","floor":25,"key":"SMITH"},{"floor":30,"key":"REST"},{"data":"FlurryOfBlows","floor":32,"key":"SMITH"}],"circlet_count":0,"master_deck":["Strike_P","Strike_P","Strike_P","Defend_P","Defend_P","Eruption+1","Vigilance","MentalFortress+1","TalkToTheHand+1","InnerPeace","CrushJoints","DeusExMachina","FlurryOfBlows+1","Consecrate+1"],"relics":["PureWater","NeowsBlessing","Meat on the Bone","Pear","Orichalcum","Empty Cage","Art of War","Question Card","The Courier"],"acts_visited":["Exordium","TheCity"],"potions_floor_usage":[10,19],"damage_taken":[{"damage":0,"enemies":"Jaw Worm","floor":1,"turns":1},{"damage":0,"enemies":"Cultist","floor":4,"turns":1},{"damage":0,"enemies":"Small Slimes","floor":6,"turns":1},{"damage":4,"enemies":"2 Fungi Beasts","floor":8,"turns":4},{"damage":27,"enemies":"3 Sentries","floor":10,"turns":10},{"damage":13,"enemies":"3 Louse","floor":12,"turns":4},{"damage":20,"enemies":"Exordium Wildlife","floor":13,"turns":2},{"damage":0,"enemies":"Looter","floor":14,"turns":3},{"damage":40,"enemies":"Slime Boss","floor":16,"turns":14},{"damage":41,"enemies":"2 Thieves","floor":18,"turns":5},{"damage":35,"enemies":"Chosen","floor":19,"turns":7},{"damage":29,"enemies":"Centurion and Healer","floor":22,"turns":6},{"damage":28,"enemies":"Snake Plant","floor":24,"turns":6},{"damage":30,"enemies":"Colosseum Slavers","floor":27,"turns":6},{"damage":26,"enemies":"Snecko","floor":29,"turns":5},{"damage":12,"enemies":"Cultist and Chosen","floor":31,"turns":6},{"damage":94,"enemies":"Automaton","floor":33,"turns":6}],"seed_played":"-740991942326994412","potions_obtained":[{"floor":1,"key":"Dexterity Potion"},{"floor":4,"key":"EssenceOfSteel"},{"floor":8,"key":"DuplicationPotion"},{"floor":14,"key":"PowerPotion"},{"floor":16,"key":"FairyPotion"},{"floor":19,"key":"SmokeBomb"},{"floor":29,"key":"Swift Potion"}],"is_trial":false,"path_per_floor":["M","?","?","M","?","M","$","M","T","E","R","M","M","M","R","B",null,"M","M","$","?","M","R","M","R","T","?","$","M","R","M","R","B"],"character_chosen":"WATCHER","items_purchased":["TalkToTheHand","Art of War"],"campfire_rested":2,"item_purchase_floors":[7,20],"current_hp_per_floor":[72,65,75,75,67,67,67,63,63,48,48,47,39,51,51,23,82,53,30,30,30,13,37,21,21,21,33,33,19,43,43,43,0,0],"gold":116,"neow_bonus":"THREE_ENEMY_KILL","is_daily":false,"chose_seed":false,"campfire_upgraded":4,"win_rate":0.0,"timestamp":1613385110,"path_taken":["M","?","?","?","?","M","$","M","T","E","R","M","?","M","R","BOSS","M","M","$","?","M","R","M","R","T","?","$","M","R","?","R","BOSS"],"items_purchased_type":["Card","Relic"],"build_version":"2020-12-22","purchased_purges":1,"victory":false,"max_hp_per_floor":[72,72,82,82,82,82,82,82,82,82,82,82,82,82,82,82,82,82,82,82,82,82,82,82,82,82,82,82,82,82,82,82,82,82],"card_choices":[{"not_picked":["DeceiveReality","WreathOfFlame","Prostrate"],"picked":"SKIP","floor":1},{"not_picked":["FlyingSleeves","ClearTheMind","SignatureMove"],"picked":"SKIP","floor":4},{"not_picked":["Consecrate","EmptyBody"],"picked":"MentalFortress","floor":6},{"not_picked":["Wish","Prostrate"],"picked":"InnerPeace","floor":8},{"not_picked":["Worship","Nirvana"],"picked":"CrushJoints","floor":10},{"not_picked":["PathToVictory","Wallop","SignatureMove"],"picked":"SKIP","floor":12},{"not_picked":["Sanctity","PathToVictory","Conclude"],"picked":"SKIP","floor":13},{"not_picked":["Prostrate","Worship","Conclude"],"picked":"SKIP","floor":14},{"not_picked":["Scrawl","Brilliance"],"picked":"DeusExMachina","floor":16},{"not_picked":["SashWhip","LikeWater","SignatureMove"],"picked":"SKIP","floor":18},{"not_picked":["Prostrate","SashWhip"],"picked":"FlurryOfBlows","floor":19},{"not_picked":["FlurryOfBlows","JustLucky+1","Indignation+1","SashWhip"],"picked":"SKIP","floor":22},{"not_picked":["LikeWater","FlyingSleeves","Study+1","SignatureMove"],"picked":"SKIP","floor":24},{"not_picked":["Vengeance+1","PathToVictory+1","BowlingBash"],"picked":"Consecrate+1","floor":29},{"not_picked":["ReachHeaven","BowlingBash","Conclude+1","FlyingSleeves+1"],"picked":"SKIP","floor":31}],"player_experience":331043,"relics_obtained":[{"floor":10,"key":"Orichalcum"},{"floor":26,"key":"The Courier"}],"event_choices":[{"damage_healed":0,"gold_gain":0,"player_choice":"Success","damage_taken":7,"relics_obtained":["Meat on the Bone"],"max_hp_gain":0,"max_hp_loss":0,"event_name":"Scrap Ooze","floor":2,"gold_loss":0},{"damage_healed":0,"gold_gain":0,"player_choice":"Gave Potion","damage_taken":0,"relics_obtained":["Pear"],"max_hp_gain":0,"max_hp_loss":0,"event_name":"WeMeetAgain","floor":3,"gold_loss":0},{"damage_healed":0,"gold_gain":0,"player_choice":"Damaged","damage_taken":8,"max_hp_gain":0,"max_hp_loss":0,"event_name":"Wheel of Change","floor":5,"gold_loss":0},{"damage_healed":0,"gold_gain":0,"player_choice":"Opened","damage_taken":0,"relics_obtained":["Question Card"],"max_hp_gain":0,"max_hp_loss":0,"event_name":"The Mausoleum","floor":21,"gold_loss":0},{"damage_healed":0,"gold_gain":0,"player_choice":"Fight","damage_taken":0,"max_hp_gain":0,"max_hp_loss":0,"event_name":"Colosseum","floor":27,"gold_loss":0},{"damage_healed":0,"gold_gain":0,"player_choice":"Fled From Nobs","damage_taken":0,"max_hp_gain":0,"max_hp_loss":0,"event_name":"Colosseum","floor":27,"gold_loss":0}],"is_beta":false,"boss_relics":[{"not_picked":["Runic Pyramid","Tiny House"],"picked":"Empty Cage"}],"items_purged_floors":[20],"is_endless":false,"potions_floor_spawned":[1,4,8,14,16,19,29,31],"killed_by":"Automaton","ascension_level":0}}