{"host":"hemqwg9ve6welna9","time":1613369685,"event":{"mods":["AchievementEnabler","BaseMod","Bestiary","Better Match","Better Third Choice","BetterRewards","Dio Mod","Downfall","Highlight Path","Minty Spire (QoL Compilation)","Permanent Neow","Potionbrewer","Quick Restart","Rare Cards Sparkle","Relic Stats","SOS???????","StSLib","SuperFastMode","Td1madao Mod","The Bug Knight","The Disciple","The Forsaken","The Senshi","The Wild Card"],"gold_per_floor":[114,114,114,114,139,139,314,314,314,314,338,263,299,317,317,317,317],"floor_reached":16,"language":"ENG","playtime":835,"items_purged":["Doubt"],"score":98,"play_id":"936c47aa-7a59-4a4c-9eac-ebcd6a1664ff","local_time":"20210215001445","is_ascension_mode":false,"campfire_choices":[{"data":"dioMod:HeavyLifting","floor":6,"key":"SMITH"},{"data":"dioMod:CautiousMuda","floor":8,"key":"SMITH"},{"data":"dioMod:VengefulMuda","floor":10,"key":"SMITH"},{"data":"dioMod:DoubleTime","floor":15,"key":"SMITH"}],"circlet_count":0,"master_deck":["dioMod:Strike","dioMod:Strike","dioMod:Strike","dioMod:Strike","Bite","dioMod:Defend","dioMod:Defend","dioMod:Defend","dioMod:Defend","dioMod:CautiousMuda+1","dioMod:Hiss","dioMod:VengefulMuda+1","dioMod:DarkRebirth","dioMod:CutDeep","dioMod:Refresh","dioMod:FlyAway","dioMod:HeavyLifting+1","dioMod:DaggerSpree","Clumsy","dioMod:Diversion","Injury","dioMod:Diversion","dioMod:CautiousMuda","dioMod:DoubleTime+1","dioMod:FlyAway"],"relics":["dioMod:VampireBlood","potionbrewer:BoosterPack","Mango","NeowsBlessing","Kunai","Golden Idol","Letter Opener","HollowMod:PaleOreRelic"],"acts_visited":["Exordium"],"potions_floor_usage":[16,16],"damage_taken":[{"damage":0,"enemies":"Small Slimes","floor":1,"turns":1},{"damage":0,"enemies":"2 Louse","floor":5,"turns":2},{"damage":0,"enemies":"Cultist","floor":11,"turns":1},{"damage":26,"enemies":"Gremlin Nob","floor":13,"turns":6},{"damage":8,"enemies":"2 Fungi Beasts","floor":14,"turns":3},{"damage":40,"enemies":"Slime Boss","floor":16,"turns":11}],"seed_played":"-1672040220340132221","potions_obtained":[{"floor":13,"key":"potionbrewer:StunPotion"},{"floor":14,"key":"potionbrewer:BarricadePotion"}],"is_trial":false,"path_per_floor":["M","?","?","?","M","R","?","R","T","R","M","$","E","M","R","B"],"character_chosen":"THE_DEFAULT","items_purchased":["potionbrewer:BoosterPack","dioMod:FlyAway","dioMod:HeavyLifting"],"campfire_rested":0,"item_purchase_floors":[0,0,0],"current_hp_per_floor":[60,60,60,60,66,66,66,66,66,66,71,71,50,48,48,10,10],"gold":317,"neow_bonus":"","is_daily":false,"chose_seed":false,"campfire_upgraded":4,"win_rate":0.0,"timestamp":1613369685,"path_taken":["M","?","?","?","?","R","?","R","T","R","M","?","E","M","R","BOSS"],"items_purchased_type":["Relic","Card","Card"],"build_version":"2020-12-22","purchased_purges":1,"victory":false,"max_hp_per_floor":[84,84,84,84,84,84,84,84,84,84,84,84,84,84,84,84,84],"relic_stats":{"counters":[20,73],"Golden Idol":21,"Kunai":[1],"Letter Opener":[5],"obtain_stats":[{"Lantern":7,"NeowsBlessing":0,"Golden Idol":3,"Oddly Smooth Stone":26,"Mango":0,"Letter Opener":9,"Combocheck":0,"sneckomod:BabySnecko":24,"SsserpentHead":30,"SSS":0,"potionbrewer:BoosterPack":0,"Ornamental Fan":9,"Kunai":2,"HollowMod:PaleOreRelic":13,"theSenshi:SailorFukuRelic":31,"FossilizedHelix":5,"bronze:MakeshiftBattery":17,"TungstenRod":28},{"Lantern":4,"NeowsBlessing":14,"Golden Idol":15,"Oddly Smooth Stone":11,"Mango":14,"Letter Opener":16,"Combocheck":0,"sneckomod:BabySnecko":11,"SsserpentHead":13,"SSS":0,"potionbrewer:BoosterPack":14,"Ornamental Fan":4,"Kunai":15,"HollowMod:PaleOreRelic":18,"theSenshi:SailorFukuRelic":13,"FossilizedHelix":3,"bronze:MakeshiftBattery":7,"TungstenRod":12},{"Lantern":15,"NeowsBlessing":49,"Golden Idol":50,"Oddly Smooth Stone":38,"Mango":49,"Letter Opener":52,"Combocheck":0,"sneckomod:BabySnecko":38,"SsserpentHead":43,"SSS":0,"potionbrewer:BoosterPack":49,"Ornamental Fan":15,"Kunai":50,"HollowMod:PaleOreRelic":59,"theSenshi:SailorFukuRelic":43,"FossilizedHelix":12,"bronze:MakeshiftBattery":25,"TungstenRod":41}]},"card_choices":[{"not_picked":["dioMod:StreetSign","dioMod:Freeze"],"picked":"dioMod:Diversion","floor":1},{"not_picked":["dioMod:SadisticLaugh","dioMod:DaggerSpree"],"picked":"dioMod:Diversion","floor":5},{"not_picked":["dioMod:SecretPlan","dioMod:BloodShield"],"picked":"dioMod:CautiousMuda","floor":11},{"not_picked":["dioMod:BlendIn","dioMod:DarkRebirth"],"picked":"dioMod:DoubleTime","floor":13},{"not_picked":["dioMod:BloodSplash","dioMod:DaggerToss"],"picked":"dioMod:FlyAway","floor":14}],"player_experience":7327,"relics_obtained":[{"floor":9,"key":"Letter Opener"},{"floor":13,"key":"HollowMod:PaleOreRelic"}],"event_choices":[{"damage_healed":0,"gold_gain":0,"player_choice":"Box","damage_taken":0,"relics_obtained":["Kunai"],"max_hp_gain":0,"max_hp_loss":0,"event_name":"Big Fish","floor":2,"gold_loss":0,"cards_obtained":["Regret"]},{"damage_healed":0,"gold_gain":0,"player_choice":"Take Wound","damage_taken":0,"relics_obtained":["Golden Idol"],"max_hp_gain":0,"max_hp_loss":0,"event_name":"Golden Idol","floor":3,"gold_loss":0,"cards_obtained":["Injury"]},{"cards_removed":["Regret"],"damage_healed":0,"gold_gain":0,"player_choice":"Card Removal","damage_taken":0,"max_hp_gain":0,"max_hp_loss":0,"event_name":"Wheel of Change","floor":4,"gold_loss":0},{"damage_healed":0,"gold_gain":175,"player_choice":"AGREE","damage_taken":139,"max_hp_gain":0,"max_hp_loss":0,"event_name":"betterThird:BetterSerpent","floor":7,"gold_loss":0}],"is_beta":false,"boss_relics":[],"items_purged_floors":[12],"is_endless":false,"potions_floor_spawned":[13,14],"killed_by":"Slime Boss","ascension_level":0}}