{"host":"i3w38rq1z4slkels","time":1613360379,"event":{"mods":["2.2 Compatiblity","Act Like it!","BaseMod","Better Match","Better Vampires","BetterRewards","Conspire","Downfall","Hallownest","Minty Spire (QoL Compilation)","Rare Cards Sparkle","Replay The Spire","StSLib","The Bug Knight"],"gold_per_floor":[99,109,122,136,136,36,36,36,21,21,33,48,61,61,72,175,175,75,93,111,21,35,35,61,78,78,106,106,116,132,132,132,132],"floor_reached":31,"language":"ENG","playtime":1936,"items_purged":["bronze:Optimize"],"score":301,"play_id":"2e4d694e-7b9e-41ed-980b-08a887711c4b","local_time":"20210215103939","is_ascension_mode":true,"campfire_choices":[{"floor":1,"key":"RECALL"},{"data":"bronze:Iterate","floor":6,"key":"SMITH"},{"data":"bronze:Goto","floor":8,"key":"SMITH"},{"data":"bronze:ForceShield","floor":10,"key":"SMITH"},{"data":"bronze:Boost","floor":18,"key":"SMITH"},{"floor":28,"key":"REST"}],"circlet_count":0,"master_deck":["conspire:GhostlyStrike","conspire:GhostlyStrike","conspire:GhostlyStrike","conspire:GhostlyDefend","conspire:GhostlyDefend","conspire:GhostlyDefend","conspire:GhostlyDefend","bronze:Replicate+1","bronze:Goto+1","bronze:Iterate+1","bronze:ForceShield+1","bronze:Boost+1","bronze:Constructor","bronze:HardenedForm","bronze:Fortify","bronze:Terminator","Writhe"],"relics":["bronze:BronzeCore","downfall:HeartBlessingRed","Painkiller Herb","downfall:HeartBlessingBlue","Orichalcum","Omamori","conspire:InfiniteJournal"],"acts_visited":["Exordium","TheCity"],"potions_floor_usage":[13,15,20,25,27,30],"damage_taken":[{"damage":1,"enemies":"2 Louse","floor":2,"turns":2},{"damage":0,"enemies":"Small Slimes","floor":3,"turns":3},{"damage":1,"enemies":"Cultist","floor":4,"turns":3},{"damage":0,"enemies":"downfall:FleeingMerchant","floor":9,"turns":4},{"damage":10,"enemies":"conspire:2 RoseBushes","floor":11,"turns":5},{"damage":6,"enemies":"3 Louse","floor":12,"turns":4},{"damage":0,"enemies":"Exordium Wildlife","floor":13,"turns":3},{"damage":0,"enemies":"Exordium Thugs","floor":15,"turns":2},{"damage":17,"enemies":"WA_ARCHETYPE_RETAIN","floor":16,"turns":6},{"damage":13,"enemies":"Shell Parasite","floor":19,"turns":5},{"damage":3,"enemies":"conspire:HollyBat","floor":20,"turns":5},{"damage":0,"enemies":"downfall:FleeingMerchant","floor":21,"turns":4},{"damage":16,"enemies":"Snake Plant","floor":22,"turns":5},{"damage":11,"enemies":"Snecko","floor":25,"turns":5},{"damage":27,"enemies":"Gremlin Leader","floor":27,"turns":4},{"damage":4,"enemies":"3 Cultists","floor":29,"turns":5},{"damage":3,"enemies":"Centurion and Healer","floor":30,"turns":5},{"damage":27,"enemies":"Slavers","floor":31,"turns":2}],"seed_played":"-8919256154477404190","potions_obtained":[{"floor":3,"key":"Dexterity Potion"},{"floor":4,"key":"Slimebound:ThreeZeroPotion"},{"floor":11,"key":"Block Potion"},{"floor":13,"key":"GamblersBrew"},{"floor":19,"key":"SkillPotion"},{"floor":20,"key":"Languid Potion"},{"floor":25,"key":"Elixir"},{"floor":27,"key":"Block Potion"}],"is_trial":false,"path_per_floor":["R","M","M","M","?","R","T","R","$","R","M","M","M","?","M","B",null,"T","?","?","T","?","?","T","?","?","E","T","?","?","E"],"character_chosen":"THE_AUTOMATON","items_purchased":[],"campfire_rested":1,"item_purchase_floors":[],"current_hp_per_floor":[70,69,69,68,68,68,68,68,68,68,58,52,52,52,52,35,70,80,67,64,64,48,48,48,37,37,10,34,30,27,0,0,0],"gold":132,"neow_bonus":"UPGRADE_CARD","is_daily":false,"chose_seed":false,"campfire_upgraded":4,"win_rate":0.0,"timestamp":1613360379,"path_taken":["R","M","M","M","?","R","T","R","$","R","M","M","M","?","M","BOSS","T","?","?","T","?","?","T","?","?","E","T","?","?","E"],"items_purchased_type":[],"build_version":"2020-12-22","purchased_purges":1,"victory":false,"max_hp_per_floor":[70,70,70,70,70,70,70,70,70,70,70,70,70,70,70,70,70,80,80,80,80,80,80,80,80,80,80,80,80,80,80,80,80],"card_choices":[{"not_picked":["bronze:OilSpill","bronze:BuggyMess","bronze:DelayedGuard"],"picked":"SKIP","floor":2},{"not_picked":["bronze:DelayedGuard","bronze:ForceShield"],"picked":"bronze:Iterate","floor":3},{"not_picked":["bronze:BugBarrage","bronze:BuggyMess","bronze:WhirlingStrike"],"picked":"SKIP","floor":4},{"not_picked":["bronze:Invalidate","bronze:BugBarrage"],"picked":"bronze:ForceShield","floor":9},{"not_picked":["bronze:Return","bronze:BugBarrage","bronze:Deprecate"],"picked":"SKIP","floor":11},{"not_picked":["bronze:DelayedSlice","bronze:NullPointer"],"picked":"bronze:Boost","floor":12},{"not_picked":["bronze:Constructor","bronze:Branch"],"picked":"bronze:Optimize","floor":13},{"not_picked":["bronze:Iterate","bronze:Invalidate"],"picked":"bronze:Constructor","floor":15},{"not_picked":["bronze:TinkerersToolbox","bronze:Format"],"picked":"bronze:HardenedForm","floor":16},{"not_picked":["bronze:DelayedSlice","bronze:DarkDash","bronze:Allocate"],"picked":"SKIP","floor":19},{"not_picked":["bronze:Branch","bronze:BugBarrage"],"picked":"bronze:Fortify","floor":20},{"not_picked":["bronze:Terminator","bronze:FineTuning"],"picked":"bronze:Hardcode","floor":21},{"not_picked":["bronze:Overload","bronze:Shell","bronze:Turbo"],"picked":"SKIP","floor":22},{"not_picked":["bronze:Overload","bronze:Shell","bronze:Turbo"],"picked":"SKIP","floor":22},{"not_picked":["bronze:Fortify","bronze:Deprecate+1"],"picked":"bronze:Terminator","floor":25},{"not_picked":["bronze:DelayedGuard","bronze:Flail","bronze:ChosenStrike"],"picked":"SKIP","floor":27},{"not_picked":["bronze:GetLatest","bronze:Separator","bronze:DelayedSlice"],"picked":"SKIP","floor":29},{"not_picked":["bronze:Backtrace","bronze:Turbo+1","bronze:BitShift"],"picked":"SKIP","floor":30}],"player_experience":497063,"relics_obtained":[{"floor":24,"key":"Orichalcum"},{"floor":27,"key":"conspire:InfiniteJournal"}],"event_choices":[{"damage_healed":0,"gold_gain":0,"player_choice":"Agree","damage_taken":0,"max_hp_gain":0,"max_hp_loss":0,"event_name":"conspire:LoneGhost","floor":5,"gold_loss":0}],"is_beta":false,"boss_relics":[{"not_picked":["conspire:SeveredTorchhead","Replay:Drink Me"],"picked":"Painkiller Herb"}],"items_purged_floors":[21],"is_endless":false,"potions_floor_spawned":[3,4,11,13,19,20,25,27],"killed_by":"Slavers","ascension_level":2}}