{"host":"bpnwh7vpv9k3tssc","time":1613406650,"event":{"mods":["BaseMod","Colored Map","Colored Powertips","Curses Come First","Highlight Path","Minty Spire (QoL Compilation)","Quick Restart","Random Character Button","Relic Sorter","StSLib"],"gold_per_floor":[119,135,135,60,74,91,91,15,15,15,29,64,75,104,104,180,180,193,93,93,113,113,146,146,180,261,286,3,38,38,54,54,54,54],"floor_reached":33,"language":"ENG","playtime":1462,"items_purged":["Strike_R","Strike_R"],"score":689,"play_id":"555c3231-095b-4e1b-9252-938be18ac338","local_time":"20210215173050","is_ascension_mode":true,"campfire_choices":[{"data":"Armaments","floor":7,"key":"SMITH"},{"data":"Entrench","floor":10,"key":"SMITH"},{"data":"Body Slam","floor":15,"key":"SMITH"},{"data":"Body Slam","floor":24,"key":"SMITH"},{"data":"True Grit","floor":32,"key":"SMITH"}],"circlet_count":0,"master_deck":["AscendersBane","Defend_R","Defend_R","Defend_R","Defend_R","Bash","Body Slam+1","Sentinel","Armaments+1","Ghostly Armor","Entrench+1","Shockwave","Double Tap","Warcry","Impervious","True Grit+1","Body Slam+1","Entrench+1","Infernal Blade+1","Violence+1","Warcry+1"],"relics":["Burning Blood","Pocketwatch","Champion Belt","Akabeko","Coffee Dripper","Paper Frog","Pantograph","Toxic Egg 2","Pear","Bottled Flame"],"acts_visited":["Exordium","TheCity"],"potions_floor_usage":[23,23,23,23,31,31,33],"damage_taken":[{"damage":5,"enemies":"2 Louse","floor":1,"turns":4},{"damage":9,"enemies":"Cultist","floor":2,"turns":5},{"damage":10,"enemies":"Jaw Worm","floor":5,"turns":5},{"damage":11,"enemies":"Blue Slaver","floor":6,"turns":3},{"damage":0,"enemies":"2 Fungi Beasts","floor":11,"turns":5},{"damage":4,"enemies":"3 Sentries","floor":12,"turns":11},{"damage":0,"enemies":"Exordium Wildlife","floor":13,"turns":5},{"damage":19,"enemies":"Gremlin Nob","floor":14,"turns":5},{"damage":23,"enemies":"Hexaghost","floor":16,"turns":12},{"damage":3,"enemies":"3 Byrds","floor":18,"turns":8},{"damage":0,"enemies":"Chosen","floor":21,"turns":2},{"damage":13,"enemies":"Slavers","floor":23,"turns":12},{"damage":0,"enemies":"Book of Stabbing","floor":25,"turns":2},{"damage":28,"enemies":"Gremlin Leader","floor":27,"turns":3},{"damage":31,"enemies":"Book of Stabbing","floor":29,"turns":7},{"damage":6,"enemies":"3 Cultists","floor":31,"turns":6},{"damage":48,"enemies":"Collector","floor":33,"turns":5}],"seed_played":"5409330116709185967","potions_obtained":[{"floor":1,"key":"Dexterity Potion"},{"floor":6,"key":"EntropicBrew"},{"floor":21,"key":"SneckoOil"},{"floor":25,"key":"LiquidBronze"},{"floor":29,"key":"LiquidMemories"},{"floor":31,"key":"FearPotion"}],"is_trial":false,"path_per_floor":["M","M","?","$","M","M","R","$","T","R","M","E","M","E","R","B",null,"M","$","?","M","?","E","R","E","T","E","$","E","?","M","R","B"],"character_chosen":"IRONCLAD","items_purchased":["Entrench","Infernal Blade+1","Violence+1"],"campfire_rested":0,"item_purchase_floors":[8,28,28],"current_hp_per_floor":[51,48,48,48,44,39,39,39,39,39,45,47,53,40,40,23,62,65,65,44,50,50,43,43,49,49,37,37,12,12,12,12,0,0],"gold":54,"neow_bonus":"REMOVE_TWO","is_daily":false,"chose_seed":false,"campfire_upgraded":5,"win_rate":0.0,"timestamp":1613406650,"path_taken":["M","M","?","?","M","M","R","$","T","R","M","E","M","E","R","BOSS","M","$","?","M","?","E","R","E","T","E","?","E","?","M","R","BOSS"],"items_purchased_type":["Card","Card","Card"],"build_version":"2020-12-22","purchased_purges":2,"victory":false,"max_hp_per_floor":[75,75,75,75,75,75,75,75,75,75,75,75,75,75,75,75,75,75,75,80,80,80,80,80,80,80,90,90,90,90,90,90,90,90],"card_choices":[{"not_picked":["Fire Breathing","Evolve"],"picked":"Body Slam","floor":1},{"not_picked":["Anger","Rage"],"picked":"Sentinel","floor":2},{"not_picked":["Pommel Strike","Clothesline"],"picked":"Armaments","floor":5},{"not_picked":["Pommel Strike","Cleave"],"picked":"Ghostly Armor","floor":6},{"not_picked":["Thunderclap","Hemokinesis"],"picked":"Shockwave","floor":11},{"not_picked":["Power Through","Dual Wield"],"picked":"Double Tap","floor":12},{"not_picked":["Bloodletting","Sword Boomerang","Havoc"],"picked":"SKIP","floor":13},{"not_picked":["Pommel Strike","Headbutt"],"picked":"Warcry","floor":14},{"not_picked":["Immolate","Limit Break"],"picked":"Impervious","floor":16},{"not_picked":["Shockwave","Dark Embrace"],"picked":"True Grit","floor":18},{"not_picked":["Thunderclap","Second Wind","Iron Wave+1"],"picked":"SKIP","floor":21},{"not_picked":["Wild Strike","Twin Strike","Second Wind"],"picked":"SKIP","floor":23},{"not_picked":["Blood for Blood","Intimidate","Immolate"],"picked":"SKIP","floor":25},{"not_picked":["Thunderclap","Headbutt+1"],"picked":"Entrench+1","floor":27},{"not_picked":["Dropkick","Clash","Immolate"],"picked":"SKIP","floor":29},{"not_picked":["Uppercut","Pommel Strike"],"picked":"Warcry+1","floor":31}],"player_experience":399683,"relics_obtained":[{"floor":9,"key":"Pocketwatch"},{"floor":12,"key":"Champion Belt"},{"floor":14,"key":"Akabeko"},{"floor":23,"key":"Paper Frog"},{"floor":25,"key":"Pantograph"},{"floor":26,"key":"Toxic Egg 2"},{"floor":27,"key":"Pear"},{"floor":29,"key":"Bottled Flame"}],"event_choices":[{"cards_removed":["Strike_R"],"damage_healed":0,"gold_gain":0,"player_choice":"Offered Basic","damage_taken":0,"max_hp_gain":0,"max_hp_loss":0,"event_name":"Bonfire Elementals","floor":3,"gold_loss":0},{"damage_healed":0,"gold_gain":0,"player_choice":"Shed Blood","damage_taken":26,"max_hp_gain":5,"max_hp_loss":0,"event_name":"Forgotten Altar","floor":20,"gold_loss":0},{"damage_healed":0,"gold_gain":0,"player_choice":"Read","damage_taken":0,"max_hp_gain":0,"max_hp_loss":0,"event_name":"The Library","floor":22,"gold_loss":0,"cards_obtained":["Body Slam"]},{"damage_healed":0,"gold_gain":0,"player_choice":"Ignored","damage_taken":0,"max_hp_gain":0,"max_hp_loss":0,"event_name":"Ghosts","floor":30,"gold_loss":0}],"is_beta":false,"boss_relics":[{"not_picked":["Fusion Hammer","Busted Crown"],"picked":"Coffee Dripper"}],"items_purged_floors":[4,19],"is_endless":false,"potions_floor_spawned":[1,6,11,21,25,29,31],"killed_by":"Collector","ascension_level":16}}