{"host":"lehbxtjrpalkmwwj","time":1613403018,"event":{"mods":["ATMod(阿瑾Mod)","Aspiration","BaseMod","Challenge The Spire","Colored Map","Colored Powertips","Conspire","Dota2Spire","Energized Spire","Hunter 猎人","Minty Spire (QoL Compilation)","Quick Restart","Relic Stats","Reliquary","Replay The Spire","Spicy Shops","StSLib","TestMod","The Cursed","The IronCluck","The Poker Player","Waifu the Spire","Wide Potions","[IsaacMod]以撒尖塔","【遗物卡牌】REMEMod","沙雕材质包mod","篝火指南"],"gold_per_floor":[115,150,25,38,58,89,89,122,122,122,135,147,160,189,189,291,291,301,601,611,628,640,671,688,752,752,784,803,867,222,222,222,319,319,330,344,3,16,30,63,112,145,145,145,145,158,175,207,254,254,254,654,18,335,335],"floor_reached":56,"language":"ZHS","playtime":2220,"items_purged":[],"score":1647,"play_id":"1f36001d-1fc4-4b0d-9e24-2d5709328ce7","local_time":"20210215233018","is_ascension_mode":true,"campfire_choices":[{"floor":7,"key":"RECALL"},{"data":"ReplayTheSpireMod:Brewmster","floor":10,"key":"SMITH"},{"data":"Barricade","floor":15,"key":"SMITH"},{"data":"Panache","floor":32,"key":"SMITH"},{"data":"Impervious","floor":45,"key":"SMITH"}],"circlet_count":0,"master_deck":["Strike_R","Strike_R","Strike_R","Strike_R","Strike_R","Defend_R","Defend_R","Defend_R","Defend_R","Bash","Clumsy","Sickly","Parasite","ReplayTheSpireMod:Brewmster+1","AT_FamilyPortrait","Shockwave","Thunderclap","Sickly","Doubt","Perfected Strike","Hemogenesis","Perfected Strike","Replay:Undeath\u0027s Touch","Cleave","Seeing Red","Cleave","Barricade+1","Bludgeon","AbeCurse","Replay:Undeath\u0027s Touch+1","REME_Cut+1","Replay:Undeath\u0027s Touch+1","conspire:HitWhereItHurts","Pommel Strike","Carnage+1","Twin Strike+1","Impervious+1","ReplayTheSpireMod:Muscle Training+1","Injury","ReplayTheSpireMod:Brewmster+1","Inflame+1","Panache+1","Shame","Immolate","AT_IchimonjiDouble","Pommel Strike","Twin Strike+1","Pommel Strike","Pummel","AT_DrawKnifeCut+1","Havoc+1","Immolate","Replay:Undeath\u0027s Touch+1","ReplayTheSpireMod:Muscle Training+1","Twin Strike+1","AT_ShrugMaster","Havoc","Shockwave+1","Immolate","CurseOfTheBell","Heavy Blade+1"],"relics":["Burning Blood","HushsDoor","REME_ComplimentaryCards","SteamSale","testmod-Laevatain","NeowsBlessing","Lantern","ReplayTheSpireMod:CursedCoin","DoctorsRemote","Garlic","Centennial Puzzle","Dota2Spire:EtherealBlade","Strawberry","ReplayTheSpireMod:Shallot","Abe\u0027s Treasure","Succubus","GuppysHairball","testmod-InfectionSource","Dota2Spire:PowerTreads","AT_ChloranthyRing","ReplayFunnel","reliquary:FerryPass","Dota2Spire:EyeOfSkadi","Pen Nib","reliquary:IridiumChain","Dota2Spire:ArmletOfMordiggian","REME_CardOfGreed","DollysMirror","Boot","testmod-Nine","TheAbacus","AT_BellDemon","Pet Ghost","testmod-Antiphasic","OrangePellets","Replay:Rubber Ducky","REME_PuzzleBoxRelic","PokeGo","Bag of Preparation","PunchingBag","Void","reliquary:BallBearing","testmod-RandomTest","REME_ComplimentaryCards","Bronze Scales","aspiration:ChemicalBlood","Dream Catcher","reliquary:Boomerang","Replay:Multitool","D4","AT_GuinsooRageblade","Pantograph","Chaos","Replay:Accelerometer","DeathBook","Dota2Spire:BlackKingBar","energizedSpire:OldTV","Inserter","Bottled Flame","SalivaCoin","Calling Bell","conspire:Dentures","Dota2Spire:PhaseBoots","Raider\u0027s Mask"],"acts_visited":["Exordium","TheCity","TheBeyond","TheEnding"],"potions_floor_usage":[12,12,12,13,14,14,14,14,16,16,16,16,16,16,20,21,21,23,24,25,25,27,27,29,29,33,33,33,33,35,35,35,36,38,39,40,41,41,41,41,42,46,46,47,47,48,48,48,48,49,50,50,50,50,53,54],"damage_taken":[{"damage":0,"enemies":"Jaw Worm","floor":1,"turns":1},{"damage":0,"enemies":"conspire:MimicChest","floor":2,"turns":1},{"damage":0,"enemies":"Cultist","floor":4,"turns":1},{"damage":7,"enemies":"2 Louse","floor":5,"turns":2},{"damage":14,"enemies":"Lagavulin","floor":6,"turns":4},{"damage":10,"enemies":"Gremlin Nob","floor":8,"turns":3},{"damage":0,"enemies":"Blue Slaver","floor":11,"turns":1},{"damage":10,"enemies":"Large Slime","floor":12,"turns":5},{"damage":5,"enemies":"3 Louse","floor":13,"turns":3},{"damage":8,"enemies":"3 Sentries","floor":14,"turns":3},{"damage":96,"enemies":"The Guardian","floor":16,"turns":13},{"damage":0,"enemies":"Chosen","floor":18,"turns":2},{"damage":12,"enemies":"Shell Parasite","floor":20,"turns":2},{"damage":24,"enemies":"Shelled Parasite and Fungi","floor":21,"turns":4},{"damage":7,"enemies":"Snecko","floor":22,"turns":3},{"damage":14,"enemies":"Slavers","floor":23,"turns":4},{"damage":0,"enemies":"Cultist and Chosen","floor":24,"turns":4},{"damage":1,"enemies":"Gremlin Leader","floor":25,"turns":4},{"damage":9,"enemies":"Slavers","floor":27,"turns":2},{"damage":4,"enemies":"Centurion and Healer","floor":28,"turns":4},{"damage":9,"enemies":"Book of Stabbing","floor":29,"turns":3},{"damage":25,"enemies":"Collector","floor":33,"turns":4},{"damage":28,"enemies":"3 Shapes","floor":35,"turns":3},{"damage":0,"enemies":"3 Darklings","floor":36,"turns":1},{"damage":31,"enemies":"Writhing Mass","floor":38,"turns":3},{"damage":0,"enemies":"Sphere and 2 Shapes","floor":39,"turns":2},{"damage":0,"enemies":"R_Hoarder","floor":40,"turns":3},{"damage":0,"enemies":"Transient","floor":41,"turns":4},{"damage":26,"enemies":"Reptomancer","floor":42,"turns":4},{"damage":0,"enemies":"Jaw Worm Horde","floor":46,"turns":3},{"damage":0,"enemies":"3 Darklings","floor":47,"turns":2},{"damage":0,"enemies":"R_Hoarder","floor":48,"turns":3},{"damage":6,"enemies":"2 Orb Walkers","floor":49,"turns":2},{"damage":48,"enemies":"Time Eater","floor":50,"turns":3},{"damage":4,"enemies":"Shield and Spear","floor":54,"turns":3}],"seed_played":"6474266492553783136","potions_obtained":[{"floor":4,"key":"DistilledChaos"},{"floor":6,"key":"Dota2Spire:HealingSalve"},{"floor":14,"key":"conspire:TimeTravelPotion"},{"floor":16,"key":"Dota2Spire:HealingSalve"},{"floor":28,"key":"REME_GoldPotion"},{"floor":35,"key":"Strength Potion"},{"floor":39,"key":"Weak Potion"},{"floor":40,"key":"testmod-SpacePotion"},{"floor":48,"key":"LiquidBronze"}],"is_trial":false,"path_per_floor":["M","?","$","M","M","E","R","E","T","R","M","M","M","E","R_BF","B",null,"M","?","M","M","M","E","M","E","T","E","M","E","R","?","R","B",null,"M","M","$","M","M","E","M","E","T","?","R","M","M","E","R_BF","B",null,"R","$","E","B",null],"character_chosen":"IRONCLAD","items_purchased":["ReplayTheSpireMod:CursedCoin","DoctorsRemote","Garlic","Centennial Puzzle","Perfected Strike","Succubus","GuppysHairball","Dota2Spire:EyeOfSkadi","Pen Nib","reliquary:IridiumChain","Dota2Spire:ArmletOfMordiggian","REME_CardOfGreed","DollysMirror","Inflame+1","Panache","TheAbacus","AT_BellDemon","Pet Ghost","testmod-Antiphasic","OrangePellets","FairyPotion","REME_GoldPotion","AT_GuinsooRageblade","Pantograph","Chaos","Replay:Accelerometer","AT_ShrugMaster","Havoc","LiquidBronze"],"campfire_rested":0,"item_purchase_floors":[3,3,3,3,3,17,17,30,30,30,30,30,30,30,30,37,37,37,37,37,53,53,53,53,53,53,53,53,53],"current_hp_per_floor":[80,80,80,80,79,72,72,75,75,75,81,80,81,87,87,19,62,62,62,56,46,45,44,51,56,56,53,55,52,57,57,57,38,67,45,51,51,31,37,43,49,29,29,29,29,35,46,52,52,22,77,77,77,68,68],"gold":335,"neow_bonus":"THREE_ENEMY_KILL","is_daily":false,"chose_seed":false,"campfire_upgraded":4,"win_rate":0.0,"timestamp":1613403018,"path_taken":["M","?","$","M","M","E","R","E","T","R","M","M","M","E","R_BF","BOSS","M","?","M","M","M","E","M","E","T","E","M","E","R","?","R","BOSS","M","M","$","M","M","E","M","E","T","?","R","M","M","E","R_BF","BOSS","R","$","E","BOSS"],"items_purchased_type":["Relic","Relic","Relic","Relic","Card","Relic","Relic","Relic","Relic","Relic","Relic","Relic","Relic","Card","Card","Relic","Relic","Relic","Relic","Relic","Potion","Potion","Relic","Relic","Card","Relic","Card","Card","Potion"],"build_version":"2020-12-22","purchased_purges":0,"victory":true,"max_hp_per_floor":[80,80,80,80,80,80,80,87,87,87,87,87,87,87,87,87,62,62,62,62,62,62,62,62,62,62,62,62,62,67,67,67,67,67,67,67,67,72,72,72,72,72,72,72,72,72,72,72,72,77,77,77,77,68,68],"relic_stats":{"Inserter":[0],"counters":[35,109],"Pen Nib":[7],"Bag of Preparation":[16],"Boot":[91],"Burning Blood":181,"OrangePellets":[5],"Centennial Puzzle":[63],"Dream Catcher":0,"TheAbacus":[6],"Bronze Scales":[39],"Pantograph":0,"obtain_stats":[{"Chaos":53,"Replay:Accelerometer":53,"Dota2Spire:PowerTreads":25,"AT_ATBox":0,"Dota2Spire:ArmletOfMordiggian":30,"Raider\u0027s Mask":55,"Dota2Spire:EtherealBlade":6,"Boot":31,"reliquary:FerryPass":29,"Centennial Puzzle":3,"Dota2Spire:EyeOfSkadi":30,"testmod-Laevatain":0,"DollysMirror":30,"Strawberry":8,"Succubus":17,"testmod-InfectionSource":23,"Void":42,"AT_GuinsooRageblade":53,"KeepersGift":0,"conspire:Dentures":55,"testmod-TestBox":0,"PunchingBag":41,"Dota2Spire:BlackKingBar":54,"ReplayTheSpireMod:CursedCoin":3,"Pen Nib":30,"SteamSale":0,"OrangePellets":37,"Bottled Flame":54,"ReplayTheSpireMod:Shallot":14,"Bronze Scales":46,"reliquary:BallBearing":42,"HushsDoor":0,"Abe\u0027s Treasure":17,"energizedSpire:OldTV":54,"Dota2Spire:PhaseBoots":55,"ReplayFunnel":27,"AT_BellDemon":37,"Lantern":2,"reliquary:Boomerang":48,"Bag of Preparation":40,"Replay:Multitool":49,"testmod-RandomTest":43,"Burning Blood":0,"Pet Ghost":37,"Replay:Rubber Ducky":38,"DeathBook":54,"Dream Catcher":48,"TheAbacus":37,"PokeGo":40,"Pantograph":53,"aspiration:ChemicalBlood":47,"AT_ChloranthyRing":26,"DoctorsRemote":3,"Inserter":54,"NeowsBlessing":0,"reliquary:IridiumChain":30,"D4":49,"Calling Bell":54,"testmod-Antiphasic":37,"Garlic":3,"SalivaCoin":54,"GuppysHairball":17,"REME_CardOfGreed":30,"REME_PuzzleBoxRelic":39,"testmod-Nine":34,"REME_ComplimentaryCards":0},{"Chaos":34,"Replay:Accelerometer":34,"Dota2Spire:PowerTreads":18,"AT_ATBox":0,"Dota2Spire:ArmletOfMordiggian":21,"Raider\u0027s Mask":35,"Dota2Spire:EtherealBlade":5,"Boot":21,"reliquary:FerryPass":21,"Centennial Puzzle":2,"Dota2Spire:EyeOfSkadi":21,"testmod-Laevatain":0,"DollysMirror":21,"Strawberry":6,"Succubus":11,"testmod-InfectionSource":16,"Void":29,"AT_GuinsooRageblade":34,"KeepersGift":0,"conspire:Dentures":35,"testmod-TestBox":0,"PunchingBag":28,"Dota2Spire:BlackKingBar":35,"ReplayTheSpireMod:CursedCoin":2,"Pen Nib":21,"SteamSale":0,"OrangePellets":24,"Bottled Flame":35,"ReplayTheSpireMod:Shallot":10,"Bronze Scales":30,"reliquary:BallBearing":29,"HushsDoor":0,"Abe\u0027s Treasure":11,"energizedSpire:OldTV":35,"Dota2Spire:PhaseBoots":35,"ReplayFunnel":19,"AT_BellDemon":24,"Lantern":2,"reliquary:Boomerang":32,"Bag of Preparation":27,"Replay:Multitool":33,"testmod-RandomTest":29,"Burning Blood":0,"Pet Ghost":24,"Replay:Rubber Ducky":25,"DeathBook":35,"Dream Catcher":32,"TheAbacus":24,"PokeGo":27,"Pantograph":34,"aspiration:ChemicalBlood":31,"AT_ChloranthyRing":18,"DoctorsRemote":2,"Inserter":35,"NeowsBlessing":0,"reliquary:IridiumChain":21,"D4":33,"Calling Bell":35,"testmod-Antiphasic":24,"Garlic":2,"SalivaCoin":35,"GuppysHairball":11,"REME_CardOfGreed":21,"REME_PuzzleBoxRelic":26,"testmod-Nine":22,"REME_ComplimentaryCards":0},{"Chaos":106,"Replay:Accelerometer":106,"Dota2Spire:PowerTreads":60,"AT_ATBox":0,"Dota2Spire:ArmletOfMordiggian":69,"Raider\u0027s Mask":109,"Dota2Spire:EtherealBlade":9,"Boot":69,"reliquary:FerryPass":69,"Centennial Puzzle":2,"Dota2Spire:EyeOfSkadi":69,"testmod-Laevatain":0,"DollysMirror":69,"Strawberry":12,"Succubus":37,"testmod-InfectionSource":52,"Void":93,"AT_GuinsooRageblade":106,"KeepersGift":0,"conspire:Dentures":109,"testmod-TestBox":0,"PunchingBag":89,"Dota2Spire:BlackKingBar":109,"ReplayTheSpireMod:CursedCoin":2,"Pen Nib":69,"SteamSale":0,"OrangePellets":77,"Bottled Flame":109,"ReplayTheSpireMod:Shallot":24,"Bronze Scales":96,"reliquary:BallBearing":93,"HushsDoor":0,"Abe\u0027s Treasure":37,"energizedSpire:OldTV":109,"Dota2Spire:PhaseBoots":109,"ReplayFunnel":62,"AT_BellDemon":77,"Lantern":2,"reliquary:Boomerang":101,"Bag of Preparation":85,"Replay:Multitool":103,"testmod-RandomTest":93,"Burning Blood":0,"Pet Ghost":77,"Replay:Rubber Ducky":80,"DeathBook":109,"Dream Catcher":101,"TheAbacus":77,"PokeGo":85,"Pantograph":106,"aspiration:ChemicalBlood":98,"AT_ChloranthyRing":60,"DoctorsRemote":2,"Inserter":109,"NeowsBlessing":0,"reliquary:IridiumChain":69,"D4":103,"Calling Bell":109,"testmod-Antiphasic":77,"Garlic":2,"SalivaCoin":109,"GuppysHairball":37,"REME_CardOfGreed":69,"REME_PuzzleBoxRelic":82,"testmod-Nine":73,"REME_ComplimentaryCards":0}]},"card_choices":[{"not_picked":[],"picked":"SuicideKing","floor":0},{"not_picked":["Body Slam","Reckless Charge"],"picked":"Shockwave","floor":1},{"not_picked":["AT_BodySlamDance","ReplayReversal"],"picked":"Thunderclap","floor":2},{"not_picked":["Iron Wave","AT_DrawKnifeCut"],"picked":"Hemogenesis","floor":4},{"not_picked":["Rampage","Blood for Blood"],"picked":"Perfected Strike","floor":5},{"not_picked":["Clash","Warcry"],"picked":"Replay:Undeath\u0027s Touch","floor":6},{"not_picked":["ReplayTheSpireMod:Strike From Hell","Havoc"],"picked":"Cleave","floor":8},{"not_picked":["Body Slam","AT_BodySlamDance","Second Wind"],"picked":"SKIP","floor":11},{"not_picked":["Abandon","ReplayTheSpireMod:Strike From Hell"],"picked":"Seeing Red","floor":12},{"not_picked":["Havoc","Shrug It Off"],"picked":"Cleave","floor":13},{"not_picked":["Reaper","Rupture"],"picked":"Barricade","floor":14},{"not_picked":["Eclipse","Exhume"],"picked":"Bludgeon","floor":16},{"not_picked":["AT_BodySlamDance","Wild Strike"],"picked":"Replay:Undeath\u0027s Touch+1","floor":18},{"not_picked":["Run Through","ReplayReversal"],"picked":"REME_Cut+1","floor":20},{"not_picked":["Massacre","REME_SingleHolding","Feel No Pain"],"picked":"SKIP","floor":21},{"not_picked":["Clash","REME_SingleHolding+1"],"picked":"Replay:Undeath\u0027s Touch+1","floor":22},{"not_picked":["Second Wind","Warcry"],"picked":"conspire:HitWhereItHurts","floor":23},{"not_picked":["Wild Strike","Headbutt"],"picked":"Pommel Strike","floor":24},{"not_picked":["ReplayTheSpireMod:Strike From Hell","Twin Strike"],"picked":"Carnage+1","floor":25},{"not_picked":["AT_ShrugMaster","Second Wind+1"],"picked":"Twin Strike+1","floor":27},{"not_picked":["Warcry+1","conspire:Charge+1"],"picked":"Impervious","floor":28},{"not_picked":["ReplayTheSpireMod:Limb From Limb+1","Run Through"],"picked":"ReplayTheSpireMod:Muscle Training+1","floor":29},{"not_picked":["Impervious","conspire:Purge"],"picked":"Immolate","floor":33},{"not_picked":["AT_DiedThrough","Iron Wave"],"picked":"AT_IchimonjiDouble","floor":35},{"not_picked":["Shrug It Off","REME_FearOfPain"],"picked":"Pommel Strike","floor":36},{"not_picked":["Flame Barrier","Flex"],"picked":"Twin Strike+1","floor":38},{"not_picked":["Burning Pact","Reckless Charge"],"picked":"Pommel Strike","floor":39},{"not_picked":["Twin Strike","Sword Boomerang"],"picked":"Pummel","floor":40},{"not_picked":["AT_BodySlamDance","Cleave"],"picked":"AT_DrawKnifeCut+1","floor":41},{"not_picked":["Armaments","Clash"],"picked":"Havoc+1","floor":42},{"not_picked":["Replay:Undeath\u0027s Touch+1","Fire Breathing"],"picked":"Immolate","floor":46},{"not_picked":["Flex","Massacre+1"],"picked":"Replay:Undeath\u0027s Touch+1","floor":47},{"not_picked":["Armaments+1","Sentinel"],"picked":"ReplayTheSpireMod:Muscle Training+1","floor":48},{"not_picked":["Heavy Blade","Clothesline"],"picked":"Twin Strike+1","floor":49},{"not_picked":["Dual Wield","Clothesline"],"picked":"Shockwave+1","floor":54},{"not_picked":["Iron Wave","Battle Trance+1"],"picked":"Immolate","floor":54},{"not_picked":["Second Wind","Warcry"],"picked":"Heavy Blade+1","floor":54}],"player_experience":193616,"relics_obtained":[{"floor":2,"key":"Lantern"},{"floor":6,"key":"Dota2Spire:EtherealBlade"},{"floor":8,"key":"Strawberry"},{"floor":14,"key":"ReplayTheSpireMod:Shallot"},{"floor":23,"key":"testmod-InfectionSource"},{"floor":25,"key":"Dota2Spire:PowerTreads"},{"floor":26,"key":"AT_ChloranthyRing"},{"floor":27,"key":"ReplayFunnel"},{"floor":29,"key":"reliquary:FerryPass"},{"floor":38,"key":"Replay:Rubber Ducky"},{"floor":39,"key":"REME_PuzzleBoxRelic"},{"floor":40,"key":"PokeGo"},{"floor":40,"key":"Bag of Preparation"},{"floor":41,"key":"PunchingBag"},{"floor":42,"key":"Void"},{"floor":42,"key":"reliquary:BallBearing"},{"floor":43,"key":"testmod-RandomTest"},{"floor":46,"key":"Bronze Scales"},{"floor":47,"key":"aspiration:ChemicalBlood"},{"floor":48,"key":"Dream Catcher"},{"floor":48,"key":"reliquary:Boomerang"},{"floor":49,"key":"Replay:Multitool"},{"floor":49,"key":"D4"},{"floor":54,"key":"DeathBook"},{"floor":54,"key":"Dota2Spire:BlackKingBar"},{"floor":54,"key":"energizedSpire:OldTV"},{"floor":54,"key":"Inserter"},{"floor":54,"key":"Bottled Flame"},{"floor":54,"key":"SalivaCoin"},{"floor":54,"key":"Calling Bell"},{"floor":55,"key":"conspire:Dentures"},{"floor":55,"key":"Dota2Spire:PhaseBoots"},{"floor":55,"key":"Raider\u0027s Mask"}],"event_choices":[{"damage_healed":0,"gold_gain":0,"player_choice":"Stole Relic","damage_taken":0,"relics_obtained":["Boot"],"max_hp_gain":0,"max_hp_loss":0,"event_name":"Addict","floor":31,"gold_loss":0,"cards_obtained":["Shame"]},{"damage_healed":0,"gold_gain":0,"player_choice":"Swap Relic","damage_taken":0,"relics_obtained":["REME_ComplimentaryCards"],"max_hp_gain":0,"max_hp_loss":0,"event_name":"给自己的盒子","floor":44,"relics_lost":["AT_ATBox"],"gold_loss":0},{"damage_healed":0,"gold_gain":0,"player_choice":"Fight","damage_taken":0,"max_hp_gain":0,"max_hp_loss":0,"event_name":"Mysterious Sphere","floor":49,"gold_loss":0},{"damage_healed":0,"gold_gain":400,"player_choice":"Sell","damage_taken":0,"max_hp_gain":0,"max_hp_loss":0,"event_name":"恩洛斯的盘子","floor":52,"relics_lost":["testmod-TestBox"],"gold_loss":0}],"is_beta":false,"boss_relics":[{"not_picked":["Tiny House","Sozu"],"picked":"Abe\u0027s Treasure"},{"not_picked":[]},{"not_picked":["Ring of Chaos","REME_DuelDisc"],"picked":"testmod-Nine"},{"not_picked":[]}],"items_purged_floors":[],"is_endless":false,"potions_floor_spawned":[4,6,14,16,18,22,24,28,35,39,40,46,48,54],"ascension_level":4}}