{"host":"56xwnffi6e9z5l58","time":1613401456,"event":{"mods":["Aspiration","BaseMod","Better Match","Better Note","Better Sensory Stone","BetterRewards","Colored Map","Colored Powertips","Conspire","Downfall","GifTheSpireLib","Hermit","Highlight Path","Hubris","Infinite Spire","Key Reminder","Minty Spire (QoL Compilation)","Permanent Neow","Quick Restart","Rare Cards Sparkle","Replay The Spire","StSLib","Stuff the Spire","SuperFastMode","Unceasing Turn Reminder"],"gold_per_floor":[114,47,67,87,98,98,130,130,155,175,209,229,229,244,244,349,349,346,346,346,370,381,381,421,441,492,492,228,153,153,176,176,286,386,456,456,206,220,220,220],"floor_reached":38,"language":"ENG","playtime":1568,"items_purged":["hexamod:Strike","hexamod:Strike"],"score":431,"play_id":"06046aea-831c-421b-bb3a-4ca2cd5216b6","local_time":"20210215230416","is_ascension_mode":false,"campfire_choices":[{"data":"hexamod:TimeWarp","floor":6,"key":"SMITH"},{"floor":13,"key":"REST"},{"floor":23,"key":"REST"},{"data":"hexamod:HexaLevel","floor":27,"key":"SMITH"},{"floor":32,"key":"DIG"}],"circlet_count":0,"master_deck":["hexamod:Strike+1","hexamod:Defend","hexamod:Defend+1","hexamod:Defend","hexamod:Sear","hexamod:Float","hexamod:TimeWarp+1","hexamod:InspiringFlames+1","hexamod:ThirdSeal","hexamod:RadiantFlame","hexamod:SpectersWail","hexamod:NightmareGuise","hexamod:Incineration","hexamod:EmpoweredFlame","hexamod:HexaLevel+1","hexamod:NightmareStrike","hexamod:CatchUp","hexamod:SecondSeal","hexamod:FourthSeal","hexamod:ExtraCrispy","hexamod:FirstSeal","hexamod:GhostOfSpirePast","hexamod:VolcanoVisage","hexamod:GiftsFromTheDead","hexamod:PowerFromBeyond","hexamod:GhostOfSpireFuture","hexamod:RetreatToShadows","hexamod:PowerFromBeyond+1","hexamod:HauntingEcho+1","hexamod:HeatCrush","hexamod:FlamesFromBeyond+1","hexamod:GhostOfSpirePresent","Apotheosis","hexamod:FastForward+1","hexamod:DynamicBlow","hexamod:FifthSeal","hexamod:GhostflameInferno","hexamod:StepThrough+1","hexamod:GhostShield"],"relics":["hexamod:SpiritBrand","infinitespire:Satchel","keyreminder:keyreminder","Replay:Wax Seal","infinitespire:BottledMercury","aspiration:PoetsPen_weak","Omamori","Snack Pack","Replay:Bandana","Question Card","Replay:Wanted Poster","infinitespire:EvilPickle","Replay:Rubber Ducky"],"acts_visited":["Exordium","TheCity","TheBeyond"],"potions_floor_usage":[33,33,33],"damage_taken":[{"damage":0,"enemies":"Small Slimes","floor":1,"turns":3},{"damage":1,"enemies":"Jaw Worm","floor":3,"turns":3},{"damage":7,"enemies":"2 Louse","floor":4,"turns":3},{"damage":5,"enemies":"2 Fungi Beasts","floor":5,"turns":4},{"damage":23,"enemies":"Gremlin Nob","floor":7,"turns":5},{"damage":2,"enemies":"Exordium Wildlife","floor":10,"turns":4},{"damage":4,"enemies":"Lagavulin","floor":11,"turns":7},{"damage":0,"enemies":"Red Slaver","floor":12,"turns":4},{"damage":5,"enemies":"Looter","floor":14,"turns":3},{"damage":48,"enemies":"Fading Forest","floor":16,"turns":11},{"damage":30,"enemies":"2 Thieves","floor":18,"turns":4},{"damage":10,"enemies":"Spheric Guardian","floor":21,"turns":5},{"damage":33,"enemies":"Cultist and Chosen","floor":22,"turns":6},{"damage":25,"enemies":"conspire:Head Lice","floor":24,"turns":8},{"damage":0,"enemies":"Centurion and Healer","floor":25,"turns":5},{"damage":37,"enemies":"Snecko","floor":31,"turns":6},{"damage":57,"enemies":"Pondfish","floor":33,"turns":10},{"damage":71,"enemies":"3 Darklings","floor":35,"turns":4}],"seed_played":"-7648103621956516202","potions_obtained":[{"floor":4,"key":"Milkshake"},{"floor":7,"key":"Energy Potion"},{"floor":12,"key":"sneckomod:MuddlingPotion"},{"floor":14,"key":"Guardian:BlockOnCardUsePotion"},{"floor":22,"key":"EntropicBrew"},{"floor":31,"key":"Ancient Potion"},{"floor":33,"key":"Doom Potion"}],"is_trial":false,"path_per_floor":["M","$","M","M","M","R","E","?","T","M","E","M","R","M","R_BF","B",null,"M","?","?","M","M","R","E","M","T","R","$","?","?","M","R_BF","B",null,"M","?","$","M"],"character_chosen":"THE_SPIRIT","items_purchased":["hexamod:ThirdSeal","Apotheosis","Replay:Rubber Ducky"],"campfire_rested":2,"item_purchase_floors":[2,28,37],"current_hp_per_floor":[70,70,69,62,57,57,34,20,20,18,14,14,35,37,58,17,70,47,47,47,44,18,39,21,32,32,32,32,32,55,25,25,19,70,10,10,10,0,0,0],"gold":220,"neow_bonus":"TRANSFORM_CARD","is_daily":false,"chose_seed":false,"campfire_upgraded":2,"win_rate":0.0,"timestamp":1613401456,"path_taken":["M","$","M","M","M","R","E","?","T","M","E","M","R","M","R_BF","BOSS","M","?","?","M","M","R","E","?","T","R","?","?","?","M","R_BF","BOSS","M","?","?","M"],"items_purchased_type":["Card","Card","Relic"],"build_version":"2020-12-22","purchased_purges":2,"victory":false,"max_hp_per_floor":[70,70,70,70,70,70,70,70,70,70,70,70,70,70,70,70,70,70,70,70,70,70,70,70,70,70,70,70,70,70,70,70,70,70,70,70,70,70,70,70],"card_choices":[{"not_picked":["hexamod:BacktrackSmack","hexamod:BurningTouch"],"picked":"hexamod:InspiringFlames","floor":1},{"not_picked":["hexamod:ShieldOfDarkness","hexamod:BacktrackSmack"],"picked":"hexamod:RadiantFlame","floor":3},{"not_picked":["hexamod:SwordOfDarkness","hexamod:Hexaguard"],"picked":"hexamod:SpectersWail","floor":3},{"not_picked":["hexamod:InspiringFlames","hexamod:RadiantFlame"],"picked":"hexamod:NightmareGuise","floor":4},{"not_picked":["hexamod:ThermalTransfer","hexamod:HeatMetal"],"picked":"hexamod:Incineration","floor":4},{"not_picked":["hexamod:SpectersWail","hexamod:PhantomCloak"],"picked":"hexamod:EmpoweredFlame","floor":5},{"not_picked":["hexamod:HeatMetal","hexamod:BurningTouch"],"picked":"hexamod:HexaLevel","floor":5},{"not_picked":["hexamod:ChargedBarrage","hexamod:DynamicBlow"],"picked":"hexamod:NightmareStrike","floor":7},{"not_picked":["hexamod:GhostShield","hexamod:NightmareGuise","hexamod:Hexaguard"],"picked":"SKIP","floor":7},{"not_picked":["hexamod:GhostShield","hexamod:NightmareGuise","hexamod:Hexaguard"],"picked":"SKIP","floor":7},{"not_picked":["hexamod:RadiantFlame","hexamod:ThermalTransfer"],"picked":"hexamod:CatchUp","floor":10},{"not_picked":["hexamod:HexaLevel","hexamod:ThermalTransfer"],"picked":"hexamod:SecondSeal","floor":10},{"not_picked":["hexamod:ShieldOfDarkness","hexamod:NecessarySacrifice"],"picked":"hexamod:FourthSeal","floor":11},{"not_picked":["hexamod:HeatMetal","hexamod:RadiantFlame","hexamod:SwordOfDarkness"],"picked":"SKIP","floor":11},{"not_picked":["hexamod:BacktrackSmack","hexamod:GhostShield"],"picked":"hexamod:ExtraCrispy","floor":12},{"not_picked":["hexamod:GhostLash","hexamod:RetreatToShadows"],"picked":"hexamod:FirstSeal","floor":12},{"not_picked":["hexamod:CatchUp","hexamod:FastForward"],"picked":"hexamod:GhostOfSpirePast","floor":14},{"not_picked":["hexamod:SearingWound","hexamod:GiftsFromTheDead"],"picked":"hexamod:VolcanoVisage","floor":16},{"not_picked":["hexamod:HexaLevel","hexamod:Toasty"],"picked":"hexamod:GiftsFromTheDead","floor":16},{"not_picked":["hexamod:NightmareStrike","hexamod:SwordOfDarkness"],"picked":"hexamod:PowerFromBeyond","floor":18},{"not_picked":["hexamod:SuperheatedStrike","hexamod:SpectersWail+1"],"picked":"hexamod:GhostOfSpireFuture","floor":18},{"not_picked":["hexamod:Hexaguard","hexamod:GhostShield"],"picked":"hexamod:RetreatToShadows","floor":21},{"not_picked":["hexamod:HeatShield","hexamod:Incineration"],"picked":"hexamod:PowerFromBeyond+1","floor":21},{"not_picked":["hexamod:RecurringNightmare+1","hexamod:ChargedBarrage"],"picked":"hexamod:HauntingEcho+1","floor":22},{"not_picked":["hexamod:CatchUp+1","hexamod:GhostOfSpirePast"],"picked":"hexamod:HeatCrush","floor":22},{"not_picked":["hexamod:SwordOfDarkness","hexamod:ExtraCrispy"],"picked":"hexamod:FlamesFromBeyond+1","floor":24},{"not_picked":["hexamod:SkipABeat","hexamod:RecurringNightmare","hexamod:ShieldOfDarkness"],"picked":"SKIP","floor":24},{"not_picked":["hexamod:Hexaguard","hexamod:InspiringFlames"],"picked":"hexamod:GhostOfSpirePresent","floor":25},{"not_picked":["hexamod:NightmareGuise+1","hexamod:SuperheatedStrike+1"],"picked":"hexamod:FastForward+1","floor":29},{"not_picked":["hexamod:HeatCrush+1","hexamod:Hexaguard"],"picked":"hexamod:DynamicBlow","floor":31},{"not_picked":["hexamod:SpectersWail","hexamod:BurningTouch","hexamod:NecessarySacrifice"],"picked":"SKIP","floor":31},{"not_picked":["hexamod:SpectersWail","hexamod:BurningTouch","hexamod:NecessarySacrifice"],"picked":"SKIP","floor":31},{"not_picked":["hexamod:WildfireWeapon","hexamod:Toasty","hexamod:GiftsFromTheDead"],"picked":"hexamod:FifthSeal","floor":33},{"not_picked":["hexamod:SearingWound","hexamod:FifthSeal","hexamod:WildfireWeapon"],"picked":"hexamod:GhostflameInferno","floor":33},{"not_picked":["hexamod:InspiringFlames","hexamod:RadiantFlame+1","hexamod:RecurringNightmare"],"picked":"hexamod:StepThrough+1","floor":35},{"not_picked":["hexamod:BacktrackSmack","hexamod:HeatMetal+1","hexamod:RainOfEmbers","hexamod:Hexaguard"],"picked":"SKIP","floor":35}],"player_experience":1035854,"relics_obtained":[{"floor":7,"key":"infinitespire:Satchel"},{"floor":9,"key":"Replay:Wax Seal"},{"floor":11,"key":"infinitespire:BottledMercury"},{"floor":19,"key":"Omamori"},{"floor":24,"key":"Snack Pack"},{"floor":26,"key":"Replay:Bandana"},{"floor":32,"key":"Question Card"}],"event_choices":[{"damage_healed":0,"gold_gain":0,"player_choice":"Entered Light","damage_taken":14,"max_hp_gain":0,"max_hp_loss":0,"event_name":"Shining Light","floor":8,"gold_loss":0,"cards_upgraded":["hexamod:Strike","hexamod:Defend"]},{"damage_healed":0,"gold_gain":0,"player_choice":"Relic","damage_taken":0,"max_hp_gain":0,"max_hp_loss":0,"event_name":"Wheel of Change","floor":19,"gold_loss":0},{"damage_healed":0,"gold_gain":0,"player_choice":"Ignored","damage_taken":0,"max_hp_gain":0,"max_hp_loss":0,"event_name":"N\u0027loth","floor":20,"gold_loss":0},{"damage_healed":0,"gold_gain":0,"player_choice":"2","damage_taken":0,"max_hp_gain":0,"max_hp_loss":0,"event_name":"betterMatch:BetterMatch","floor":29,"gold_loss":0,"cards_obtained":["betterMatch:CommonCard","betterMatch:CommonCard"]},{"damage_healed":23,"gold_gain":0,"player_choice":"Heal","damage_taken":0,"max_hp_gain":0,"max_hp_loss":0,"event_name":"The Library","floor":30,"gold_loss":0},{"damage_healed":0,"gold_gain":0,"cards_transformed":["hexamod:Strike"],"player_choice":"Transformed","damage_taken":0,"max_hp_gain":0,"max_hp_loss":0,"event_name":"Transmorgrifier","floor":36,"gold_loss":0,"cards_obtained":["hexamod:GhostShield"]}],"is_beta":false,"boss_relics":[{"not_picked":["bronze:MakeshiftBattery","aspiration:RitualDagger"],"picked":"aspiration:PoetsPen_weak"},{"not_picked":["aspiration:WatcherSkillbook","Busted Crown"],"picked":"Replay:Wanted Poster"}],"items_purged_floors":[28,37],"is_endless":false,"potions_floor_spawned":[4,7,14,22,25],"killed_by":"3 Shapes","ascension_level":0}}