{"host":"y4mx56vxqys6xwyn","time":1613360868,"event":{"mods":["BaseMod","Hermit","Minty Spire (QoL Compilation)","StSLib"],"gold_per_floor":[118,4,4,4,23,53,53,53,53,65,65,105,128,78,78,206,206,206,18,18,18,18,18,18,18,18,18,18,18,18,18,18,18,18],"floor_reached":33,"language":"ENG","playtime":1665,"items_purged":[],"score":273,"play_id":"6ea27ca8-2736-4f46-807d-90db36d36ea8","local_time":"20210214214748","is_ascension_mode":false,"campfire_choices":[{"data":"Poisoned Stab","floor":8,"key":"SMITH"},{"floor":15,"key":"REST"},{"data":"Die Die Die","floor":23,"key":"SMITH"},{"floor":32,"key":"REST"}],"circlet_count":0,"master_deck":["Strike_G+1","Strike_G+1","Strike_G+1","Strike_G+1","Strike_G+1","Defend_G+1","Defend_G+1","Defend_G+1","Defend_G+1","Defend_G+1","Survivor+1","Neutralize","Poisoned Stab","Reflex","All Out Attack","Regret","Poisoned Stab+1","Dagger Throw","Pain","Phantasmal Killer","Dash","Acrobatics","Die Die Die+1","Outmaneuver","Tactician","Caltrops","Poisoned Stab","Underhanded Strike","Dagger Spray+1","Prepared","RitualDagger","Outmaneuver+1","Escape Plan","Corpse Explosion"],"relics":["Ring of the Snake","Bronze Scales","Toy Ornithopter","WarpedTongs","Centennial Puzzle","Golden Idol","Pear","Ectoplasm","Red Mask","Omamori","Shuriken"],"acts_visited":["Exordium","TheCity"],"potions_floor_usage":[12,16,21,29,30,33,33],"damage_taken":[{"damage":6,"enemies":"Jaw Worm","floor":1,"turns":6},{"damage":5,"enemies":"Small Slimes","floor":5,"turns":2},{"damage":15,"enemies":"Lagavulin","floor":6,"turns":6},{"damage":4,"enemies":"Cultist","floor":10,"turns":3},{"damage":13,"enemies":"3 Sentries","floor":12,"turns":5},{"damage":18,"enemies":"Exordium Wildlife","floor":13,"turns":2},{"damage":48,"enemies":"Slime Boss","floor":16,"turns":11},{"damage":21,"enemies":"3 Byrds","floor":18,"turns":3},{"damage":4,"enemies":"Masked Bandits","floor":21,"turns":3},{"damage":1,"enemies":"Chosen","floor":25,"turns":3},{"damage":25,"enemies":"Slavers","floor":28,"turns":4},{"damage":12,"enemies":"3 Cultists","floor":29,"turns":3},{"damage":0,"enemies":"Snake Plant","floor":30,"turns":1},{"damage":0,"enemies":"Snecko","floor":31,"turns":2},{"damage":42,"enemies":"Collector","floor":33,"turns":6}],"seed_played":"-347323091044838481","potions_obtained":[{"floor":10,"key":"PowerPotion"},{"floor":12,"key":"GamblersBrew"},{"floor":13,"key":"SmokeBomb"},{"floor":18,"key":"LiquidBronze"},{"floor":21,"key":"Energy Potion"},{"floor":28,"key":"Dexterity Potion"},{"floor":29,"key":"Weak Potion"}],"is_trial":false,"path_per_floor":["M","$","?","$","M","E","?","R","T","M","?","E","M","?","R","B",null,"M","$","?","?","?","R","?","M","T","?","E","M","M","M","R","B"],"character_chosen":"THE_SILENT","items_purchased":["Reflex","All Out Attack","Tactician","Caltrops","Poisoned Stab"],"campfire_rested":2,"item_purchase_floors":[2,2,19,19,19],"current_hp_per_floor":[64,64,64,64,59,44,44,44,44,40,40,42,24,24,46,3,75,54,54,54,55,41,41,41,40,40,34,9,2,7,7,31,0,0],"gold":18,"neow_bonus":"UPGRADE_CARD","is_daily":false,"chose_seed":false,"campfire_upgraded":2,"win_rate":0.0,"timestamp":1613360868,"path_taken":["M","$","?","$","M","E","?","R","T","?","?","E","M","?","R","BOSS","M","$","?","?","?","R","?","M","T","?","E","M","M","?","R","BOSS"],"items_purchased_type":["Card","Card","Card","Card","Card"],"build_version":"2020-12-22","purchased_purges":0,"victory":false,"max_hp_per_floor":[70,70,70,70,70,70,70,70,70,70,65,75,75,75,75,75,75,75,75,75,75,80,80,80,80,80,80,80,80,80,80,80,80,80],"card_choices":[{"not_picked":["Bane","Blade Dance"],"picked":"Poisoned Stab","floor":1},{"not_picked":["Predator","Riddle With Holes"],"picked":"Poisoned Stab","floor":5},{"not_picked":["Endless Agony","Deadly Poison"],"picked":"Dagger Throw","floor":6},{"not_picked":["All Out Attack","Crippling Poison"],"picked":"Phantasmal Killer","floor":10},{"not_picked":["Dodge and Roll","Quick Slash"],"picked":"Dash","floor":12},{"not_picked":["Deadly Poison","Prepared"],"picked":"Acrobatics","floor":13},{"not_picked":["Venomology","Wraith Form v2"],"picked":"Die Die Die","floor":16},{"not_picked":["Finisher","Expertise"],"picked":"Outmaneuver","floor":18},{"not_picked":["Riddle With Holes+1","Sucker Punch"],"picked":"Dagger Spray+1","floor":21},{"not_picked":["Dodge and Roll","Adrenaline"],"picked":"Prepared","floor":25},{"not_picked":["Bane+1","PiercingWail+1"],"picked":"Outmaneuver+1","floor":28},{"not_picked":["Quick Slash+1","Noxious Fumes"],"picked":"Escape Plan","floor":29},{"not_picked":["Dodge and Roll","Skewer"],"picked":"Corpse Explosion","floor":31}],"player_experience":49399,"relics_obtained":[{"floor":6,"key":"Toy Ornithopter"},{"floor":9,"key":"Centennial Puzzle"},{"floor":12,"key":"Pear"},{"floor":21,"key":"Red Mask"},{"floor":26,"key":"Omamori"},{"floor":28,"key":"Shuriken"}],"event_choices":[{"damage_healed":0,"gold_gain":0,"player_choice":"Box","damage_taken":0,"relics_obtained":["Bronze Scales"],"max_hp_gain":0,"max_hp_loss":0,"event_name":"Big Fish","floor":3,"gold_loss":0,"cards_obtained":["Regret"]},{"damage_healed":0,"gold_gain":0,"player_choice":"Rummage","damage_taken":0,"relics_obtained":["WarpedTongs"],"max_hp_gain":0,"max_hp_loss":0,"event_name":"Accursed Blacksmith","floor":7,"gold_loss":0,"cards_obtained":["Pain"]},{"damage_healed":0,"gold_gain":0,"player_choice":"Lose Max HP","damage_taken":0,"relics_obtained":["Golden Idol"],"max_hp_gain":0,"max_hp_loss":5,"event_name":"Golden Idol","floor":11,"gold_loss":0},{"damage_healed":0,"gold_gain":0,"player_choice":"Left Gold","damage_taken":0,"max_hp_gain":0,"max_hp_loss":0,"event_name":"World of Goop","floor":14,"gold_loss":50},{"damage_healed":0,"gold_gain":0,"player_choice":"Read","damage_taken":0,"max_hp_gain":0,"max_hp_loss":0,"event_name":"The Library","floor":20,"gold_loss":0,"cards_obtained":["Underhanded Strike"]},{"damage_healed":0,"gold_gain":0,"player_choice":"Fought Bandits","damage_taken":0,"max_hp_gain":0,"max_hp_loss":0,"event_name":"Masked Bandits","floor":21,"gold_loss":0},{"damage_healed":0,"gold_gain":0,"player_choice":"Shed Blood","damage_taken":19,"max_hp_gain":5,"max_hp_loss":0,"event_name":"Forgotten Altar","floor":22,"gold_loss":0},{"damage_healed":0,"gold_gain":0,"player_choice":"Simplicity","damage_taken":0,"max_hp_gain":0,"max_hp_loss":0,"event_name":"Back to Basics","floor":24,"gold_loss":0,"cards_upgraded":["Strike_G","Strike_G","Strike_G","Strike_G","Strike_G","Defend_G","Defend_G","Defend_G","Defend_G","Defend_G"]},{"damage_healed":0,"gold_gain":0,"player_choice":"Joined the Cult","damage_taken":6,"max_hp_gain":0,"max_hp_loss":0,"event_name":"Nest","floor":27,"gold_loss":0,"cards_obtained":["RitualDagger"]}],"is_beta":false,"boss_relics":[{"not_picked":["SacredBark","Philosopher\u0027s Stone"],"picked":"Ectoplasm"}],"items_purged_floors":[],"is_endless":false,"potions_floor_spawned":[10,12,13,18,21,28,29],"killed_by":"Collector","ascension_level":0}}