{"host":"yqw1zpryoutrnocq","time":1613351988,"event":{"mods":["2.2 Compatiblity","AchievementEnabler","BaseMod","Colored Map","Custom Start","DeckTracker","Minty Spire (QoL Compilation)","StSLib","SuperFastMode"],"gold_per_floor":[111,121,134,147,72,97,109,109,132,157,182,223,238,251,251,370,370,355,14,14,14,27,27,68,68,116,116,116],"floor_reached":27,"language":"KOR","playtime":796,"items_purged":["Defend_P","Defend_P"],"score":296,"play_id":"13c95691-0200-4d81-b5e6-c735308c616a","local_time":"20210214191948","is_ascension_mode":true,"campfire_choices":[{"data":"Eruption","floor":15,"key":"SMITH"},{"data":"ConjureBlade","floor":23,"key":"SMITH"},{"data":"MentalFortress","floor":25,"key":"SMITH"}],"circlet_count":0,"master_deck":["Strike_P","Strike_P","Defend_P","Defend_P","Eruption+1","Vigilance","PathToVictory","EmptyMind","SandsOfTime","Wallop","MentalFortress+1","Prostrate","DeceiveReality","FlyingSleeves","MentalFortress","ClearTheMind","ConjureBlade+1","CurseOfTheBell","MentalFortress","FearNoEvil","CutThroughFate","InnerPeace+1","WheelKick+1"],"relics":["PureWater","NeowsBlessing","Bag of Marbles","Golden Idol","Blood Vial","Pen Nib","Calling Bell","Bronze Scales","Kunai","CloakClasp","Toxic Egg 2","Akabeko","Dream Catcher"],"acts_visited":["Exordium","TheCity"],"potions_floor_usage":[6,6,7,12,12,16,24],"damage_taken":[{"damage":0,"enemies":"Jaw Worm","floor":1,"turns":1},{"damage":0,"enemies":"Small Slimes","floor":2,"turns":1},{"damage":0,"enemies":"2 Louse","floor":3,"turns":1},{"damage":6,"enemies":"Looter","floor":4,"turns":3},{"damage":18,"enemies":"Lagavulin","floor":6,"turns":5},{"damage":0,"enemies":"Exordium Thugs","floor":7,"turns":4},{"damage":0,"enemies":"Blue Slaver","floor":10,"turns":2},{"damage":0,"enemies":"Looter","floor":11,"turns":3},{"damage":19,"enemies":"3 Sentries","floor":12,"turns":6},{"damage":6,"enemies":"Lots of Slimes","floor":13,"turns":4},{"damage":11,"enemies":"2 Fungi Beasts","floor":14,"turns":3},{"damage":12,"enemies":"Hexaghost","floor":16,"turns":12},{"damage":11,"enemies":"2 Thieves","floor":18,"turns":4},{"damage":28,"enemies":"Shell Parasite","floor":22,"turns":6},{"damage":22,"enemies":"Book of Stabbing","floor":24,"turns":6},{"damage":25,"enemies":"Gremlin Leader","floor":27,"turns":4}],"seed_played":"5097510960040130859","potions_obtained":[{"floor":2,"key":"DistilledChaos"},{"floor":4,"key":"Block Potion"},{"floor":6,"key":"BlessingOfTheForge"},{"floor":7,"key":"Strength Potion"},{"floor":10,"key":"SteroidPotion"},{"floor":13,"key":"AttackPotion"},{"floor":18,"key":"SkillPotion"}],"is_trial":false,"path_per_floor":["M","M","M","M","$","E","M","?","T","M","M","E","M","M","R","B",null,"M","$","?","?","M","R","E","R","T","E"],"character_chosen":"WATCHER","items_purchased":["Toxic Egg 2"],"campfire_rested":0,"item_purchase_floors":[19],"current_hp_per_floor":[72,72,72,66,66,48,48,48,48,50,52,35,31,22,22,12,67,56,56,56,56,30,30,10,10,10,0,0],"gold":116,"neow_bonus":"THREE_ENEMY_KILL","is_daily":false,"chose_seed":false,"campfire_upgraded":3,"win_rate":0.0,"timestamp":1613351988,"path_taken":["M","M","M","M","$","E","M","?","T","M","M","E","M","M","R","BOSS","M","$","?","?","M","R","E","R","T","E"],"items_purchased_type":["Relic"],"build_version":"2020-12-22","purchased_purges":2,"victory":false,"max_hp_per_floor":[72,72,72,72,72,72,72,67,67,67,67,67,67,67,67,67,67,67,67,67,67,67,67,67,67,67,67,67],"card_choices":[{"not_picked":["BowlingBash","Halt"],"picked":"PathToVictory","floor":1},{"not_picked":["BowlingBash","Study"],"picked":"EmptyMind","floor":2},{"not_picked":["FearNoEvil","ForeignInfluence"],"picked":"SandsOfTime","floor":3},{"not_picked":["CutThroughFate","SashWhip"],"picked":"Wallop","floor":4},{"not_picked":["ReachHeaven","Consecrate"],"picked":"MentalFortress","floor":6},{"not_picked":["SashWhip","FlurryOfBlows"],"picked":"Prostrate","floor":7},{"not_picked":["Prostrate","Evaluate"],"picked":"DeceiveReality","floor":10},{"not_picked":["JustLucky","Wallop"],"picked":"FlyingSleeves","floor":11},{"not_picked":["Prostrate","ConjureBlade"],"picked":"MentalFortress","floor":12},{"not_picked":["SignatureMove","Nirvana","ReachHeaven"],"picked":"SKIP","floor":13},{"not_picked":["Evaluate","FollowUp"],"picked":"ClearTheMind","floor":14},{"not_picked":["Scrawl","DevaForm"],"picked":"ConjureBlade","floor":16},{"not_picked":["ClearTheMind","EmptyBody"],"picked":"MentalFortress","floor":18},{"not_picked":["Protect+1","SashWhip","Weave+1"],"picked":"SKIP","floor":22},{"not_picked":["EmptyFist+1","FlurryOfBlows"],"picked":"WheelKick+1","floor":24}],"player_experience":336438,"relics_obtained":[{"floor":6,"key":"Bag of Marbles"},{"floor":9,"key":"Blood Vial"},{"floor":12,"key":"Pen Nib"},{"floor":17,"key":"Bronze Scales"},{"floor":17,"key":"Kunai"},{"floor":17,"key":"CloakClasp"},{"floor":24,"key":"Akabeko"},{"floor":26,"key":"Dream Catcher"}],"event_choices":[{"damage_healed":0,"gold_gain":0,"player_choice":"Lose Max HP","damage_taken":0,"relics_obtained":["Golden Idol"],"max_hp_gain":0,"max_hp_loss":5,"event_name":"Golden Idol","floor":8,"gold_loss":0},{"damage_healed":0,"gold_gain":0,"cards_transformed":["Strike_P","Strike_P"],"player_choice":"Became Test Subject","damage_taken":0,"max_hp_gain":0,"max_hp_loss":0,"event_name":"Drug Dealer","floor":20,"gold_loss":0,"cards_obtained":["FearNoEvil","CutThroughFate"]},{"damage_healed":0,"gold_gain":0,"player_choice":"Read","damage_taken":0,"max_hp_gain":0,"max_hp_loss":0,"event_name":"The Library","floor":21,"gold_loss":0,"cards_obtained":["InnerPeace"]}],"is_beta":false,"boss_relics":[{"not_picked":["Fusion Hammer","Astrolabe"],"picked":"Calling Bell"}],"items_purged_floors":[5,19],"is_endless":false,"potions_floor_spawned":[2,4,6,7,10,13,18],"killed_by":"Gremlin Leader","ascension_level":4}}