{"host":"jkrqlov8aogccnw1","time":1613428374,"event":{"mods":["Act Like it!","BaseMod","Colored Map","Colored Powertips","GifTheSpireLib","Minty Spire (QoL Compilation)","Permanent Neow","Rare Cards Sparkle","Ruina","StSLib"],"gold_per_floor":[109,184,252,265,265,290,308,158,182,197,197,197,232,232,232,337,337,350,363,379,379,391,418,418,446,446,446,446],"floor_reached":27,"language":"ENG","playtime":2266,"items_purged":["Strike_P"],"score":272,"play_id":"dfbcca77-f536-4ddb-a2dd-553fabdf062f","local_time":"20210215173254","is_ascension_mode":true,"campfire_choices":[{"floor":11,"key":"REST"},{"data":"Prostrate","floor":15,"key":"SMITH"},{"data":"Prostrate","floor":24,"key":"SMITH"}],"circlet_count":0,"master_deck":["Defend_P","Defend_P","Defend_P","Defend_P","Eruption","Vigilance","Brilliance+1","Consecrate","Prostrate+1","EmptyFist+1","Sanctity","JustLucky+1","Prostrate+1","Blasphemy","Establishment+1","LikeWater+1","DeceiveReality+1","EmptyMind","Doubt"],"relics":["PureWater","Molten Egg 2","Bird Faced Urn","Happy Flower","Ice Cream","Astrolabe","Eternal Feather","TeardropLocket","Pen Nib","Frozen Eye"],"acts_visited":["Exordium","Exordium"],"potions_floor_usage":[20,27,27],"damage_taken":[{"damage":0.0,"enemies":"Small Slimes","floor":1.0,"turns":3.0},{"damage":10.0,"enemies":"2 Louse","floor":4.0,"turns":2.0},{"damage":41.0,"enemies":"Lagavulin","floor":6.0,"turns":4.0},{"damage":0.0,"enemies":"Cultist","floor":7.0,"turns":2.0},{"damage":5,"enemies":"Blue Slaver","floor":10,"turns":3},{"damage":11,"enemies":"3 Sentries","floor":13,"turns":7},{"damage":4,"enemies":"Hexaghost","floor":16,"turns":9},{"damage":0,"enemies":"ruina:2_Scarecrows","floor":18,"turns":6},{"damage":0,"enemies":"ruina:Nosferatu","floor":19,"turns":7},{"damage":0,"enemies":"ruina:KingOfGreed","floor":20,"turns":7},{"damage":9,"enemies":"ruina:QueenOfHate","floor":22,"turns":6},{"damage":31,"enemies":"ruina:ServantOfWrath","floor":23,"turns":6},{"damage":43,"enemies":"ruina:RoadHome","floor":25,"turns":10},{"damage":11,"enemies":"ruina:3_Scarecrows","floor":27,"turns":1}],"seed_played":"-8521596921689373512","potions_obtained":[{"floor":4.0,"key":"Strength Potion"},{"floor":6.0,"key":"SteroidPotion"},{"floor":13,"key":"GamblersBrew"},{"floor":16,"key":"EssenceOfSteel"}],"is_trial":false,"path_per_floor":["M","?","?","M","?","E","M","$","T","M","R","$","E","?","R","B",null,"M","M","M","?","M","E","R","E","T","M"],"character_chosen":"WATCHER","items_purchased":["Sanctity"],"campfire_rested":1,"item_purchase_floors":[8],"current_hp_per_floor":[72,61,61,51,48,7,7,7,7,2,23,23,12,12,12,8,72,72,72,72,72,65,38,47,8,8,0,0],"gold":446,"neow_bonus":"ONE_RANDOM_RARE_CARD","is_daily":false,"chose_seed":false,"campfire_upgraded":2,"win_rate":0.0,"timestamp":1613428374,"path_taken":["M","?","?","M","?","E","M","$","T","M","R","$","E","?","R","BOSS","M","M","M","?","M","E","R","E","T","?"],"items_purchased_type":["Card"],"build_version":"2020-12-22","purchased_purges":1,"victory":false,"max_hp_per_floor":[72,72,72,72,72,72,72,72,72,72,72,72,72,72,72,72,72,72,72,72,72,72,72,72,72,72,72,72],"card_choices":[{"not_picked":["Halt","Meditate","ForeignInfluence"],"picked":"SKIP","floor":1.0},{"not_picked":["PathToVictory","Protect"],"picked":"Consecrate","floor":4.0},{"not_picked":["PathToVictory","Evaluate"],"picked":"Prostrate","floor":6.0},{"not_picked":["Vault","FlyingSleeves+1"],"picked":"EmptyFist+1","floor":7.0},{"not_picked":["Consecrate+1","BowlingBash+1"],"picked":"JustLucky+1","floor":10},{"not_picked":["FlyingSleeves+1","WaveOfTheHand"],"picked":"Prostrate","floor":13},{"not_picked":["MasterReality","Vault"],"picked":"Blasphemy","floor":16},{"not_picked":["SashWhip+1","Collect","Crescendo"],"picked":"SKIP","floor":18},{"not_picked":["Evaluate+1","ThirdEye","CarveReality+1"],"picked":"SKIP","floor":19},{"not_picked":["SashWhip+1","Conclude+1"],"picked":"EmptyMind","floor":20},{"not_picked":["SashWhip+1","CutThroughFate+1","WindmillStrike+1"],"picked":"SKIP","floor":22},{"not_picked":["JustLucky+1","InnerPeace","ThirdEye"],"picked":"SKIP","floor":23},{"not_picked":["DeusExMachina","ForeignInfluence","CrushJoints+1"],"picked":"SKIP","floor":25}],"player_experience":163566,"relics_obtained":[{"floor":6.0,"key":"Bird Faced Urn"},{"floor":9,"key":"Happy Flower"},{"floor":13,"key":"Ice Cream"},{"floor":23,"key":"TeardropLocket"},{"floor":25,"key":"Pen Nib"}],"event_choices":[{"damage_healed":0.0,"max_hp_gain":0.0,"max_hp_loss":0.0,"gold_gain":75.0,"event_name":"World of Goop","player_choice":"Gather Gold","floor":2.0,"gold_loss":0.0,"damage_taken":11.0},{"damage_healed":0.0,"max_hp_gain":0.0,"max_hp_loss":0.0,"gold_gain":68.0,"event_name":"Golden Wing","player_choice":"Gained Gold","floor":3.0,"gold_loss":0.0,"damage_taken":0.0},{"damage_healed":0.0,"max_hp_gain":0.0,"max_hp_loss":0.0,"gold_gain":0.0,"event_name":"Scrap Ooze","player_choice":"Success","floor":5.0,"gold_loss":0.0,"damage_taken":3.0,"relics_obtained":["Molten Egg 2"]},{"damage_healed":0,"gold_gain":0,"player_choice":"Grow","damage_taken":0,"max_hp_gain":0,"max_hp_loss":0,"event_name":"Living Wall","floor":14,"gold_loss":0,"cards_upgraded":["Brilliance"]}],"is_beta":false,"boss_relics":[{"not_picked":["Snecko Eye","Velvet Choker"],"picked":"Astrolabe"}],"items_purged_floors":[8],"is_endless":false,"potions_floor_spawned":[4,6,13,16,18],"killed_by":"ruina:3_Scarecrows","ascension_level":1}}