{"host":"phniwng9zo19jwdb","time":1613431749,"event":{"mods":["AchievementEnabler","BaseMod","Colored Powertips","Dark Map","Faster Ascension Climbing","GifTheSpireLib","Minty Spire (QoL Compilation)","Permanent Neow","Rare Cards Sparkle","Relic Filter Mod","StSLib","Weighted Paths"],"gold_per_floor":[117,117,42,55,68,68,93,93,120,145,158,174,225,150,150,150,150],"floor_reached":16,"language":"ENG","playtime":454,"items_purged":["Regret"],"score":220,"play_id":"18a458ce-f5cc-4a6a-a32a-a9c13b70d07c","local_time":"20210216002909","is_ascension_mode":true,"campfire_choices":[{"data":"Adrenaline","floor":6.0,"key":"SMITH"},{"data":"Tools of the Trade","floor":8.0,"key":"SMITH"},{"floor":15,"key":"REST"}],"circlet_count":0,"master_deck":["AscendersBane","Survivor","Neutralize","Deadly Poison","Crippling Poison","Bouncing Flask","Dash","Well Laid Plans","Deadly Poison","Bouncing Flask","Adrenaline+1","Doppelganger","Blur","PiercingWail","Dodge and Roll","Tools of the Trade+1","Malaise","Blade Dance","Backstab"],"relics":["Pandora\u0027s Box","Bag of Marbles","Prayer Wheel","Lantern","Thread and Needle"],"acts_visited":["Exordium"],"potions_floor_usage":[16],"damage_taken":[{"damage":0.0,"enemies":"2 Louse","floor":1.0,"turns":2.0},{"damage":4.0,"enemies":"Small Slimes","floor":4.0,"turns":3.0},{"damage":0.0,"enemies":"Jaw Worm","floor":5.0,"turns":3.0},{"damage":3.0,"enemies":"Lagavulin","floor":7.0,"turns":5.0},{"damage":31.0,"enemies":"Gremlin Nob","floor":10.0,"turns":4.0},{"damage":4.0,"enemies":"Looter","floor":11.0,"turns":3.0},{"damage":9.0,"enemies":"Large Slime","floor":12.0,"turns":5.0},{"damage":17,"enemies":"Slime Boss","floor":16,"turns":7}],"seed_played":"3782147265415410707","potions_obtained":[{"floor":11.0,"key":"Poison Potion"},{"floor":12,"key":"Swift Potion"}],"is_trial":false,"path_per_floor":["M","?","$","M","M","R","E","R","T","E","M","M","?","?","R","B"],"character_chosen":"THE_SILENT","items_purchased":[],"campfire_rested":1,"item_purchase_floors":[],"current_hp_per_floor":[59,59,59,55,55,55,52,52,52,21,17,8,8,8,27,10,10],"gold":150,"neow_bonus":"BOSS_RELIC","is_daily":false,"chose_seed":false,"campfire_upgraded":2,"win_rate":0.0,"timestamp":1613431749,"path_taken":["M","?","$","M","M","R","E","R","T","E","M","M","?","?","R","BOSS"],"items_purchased_type":[],"build_version":"2020-12-22","purchased_purges":1,"victory":false,"max_hp_per_floor":[66,66,66,66,66,66,66,66,66,66,66,66,66,66,66,66,66],"card_choices":[{"not_picked":["Outmaneuver","Flying Knee"],"picked":"Blur","floor":1.0},{"not_picked":["Deflect","Dodge and Roll"],"picked":"PiercingWail","floor":4.0},{"not_picked":["Flying Knee","All Out Attack"],"picked":"Dodge and Roll","floor":5.0},{"not_picked":["Dash","Masterful Stab"],"picked":"Tools of the Trade","floor":7.0},{"not_picked":["Skewer","Poisoned Stab"],"picked":"Malaise","floor":10.0},{"not_picked":["Flying Knee","Crippling Poison"],"picked":"Blade Dance","floor":11.0},{"not_picked":["Deadly Poison","Underhanded Strike","Masterful Stab"],"picked":"SKIP","floor":11.0},{"not_picked":["Acrobatics","Finisher"],"picked":"Backstab","floor":12},{"not_picked":["Bouncing Flask","Quick Slash","Setup"],"picked":"SKIP","floor":12}],"player_experience":142331,"relics_obtained":[{"floor":7.0,"key":"Prayer Wheel"},{"floor":9.0,"key":"Lantern"},{"floor":10.0,"key":"Thread and Needle"}],"event_choices":[{"damage_healed":0.0,"max_hp_gain":0.0,"max_hp_loss":0.0,"gold_gain":0.0,"event_name":"Big Fish","player_choice":"Box","floor":2.0,"gold_loss":0.0,"damage_taken":0.0,"relics_obtained":["Bag of Marbles"],"cards_obtained":["Regret"]},{"damage_healed":0,"gold_gain":51,"player_choice":"Gained Gold","damage_taken":0,"max_hp_gain":0,"max_hp_loss":0,"event_name":"Golden Wing","floor":13,"gold_loss":0},{"cards_removed":["Phantasmal Killer"],"damage_healed":0,"gold_gain":0,"player_choice":"Card Removal","damage_taken":0,"max_hp_gain":0,"max_hp_loss":0,"event_name":"The Cleric","floor":14,"gold_loss":75}],"is_beta":false,"boss_relics":[],"items_purged_floors":[3],"is_endless":false,"potions_floor_spawned":[11,12],"killed_by":"Slime Boss","ascension_level":20}}