{"host":"c83fcgyuu74iknko","time":1613359523,"event":{"mods":["BaseMod","BetterRewards","Colored Map","Colored Powertips","Minty Spire (QoL Compilation)","Quick Restart","StSLib","The Animator"],"gold_per_floor":[116,126,146,96,118,118,144,144,144,157,11,54,54,34,34,142,142,123,139,139,139,139,173,272,272,340,340,172,187,35,35,35,140,140,159,209,262,262,262,290,290,333,356,356,65,75,75,75,75,75,75,75,437,437,437],"floor_reached":54,"language":"ENG","playtime":5428,"items_purged":["animator:Defend","animator:Defend+1"],"score":987,"play_id":"d9457d14-de77-4fd0-a057-c829fb75fe10","local_time":"20210214192523","is_ascension_mode":false,"campfire_choices":[{"data":"animator:KrulTepes","floor":6.0,"key":"SMITH"},{"data":"animator:Chung","floor":8.0,"key":"SMITH"},{"data":"animator:Yuuichirou","floor":13.0,"key":"SMITH"},{"data":"animator:HiiragiShinya","floor":15.0,"key":"SMITH"},{"data":"animator:Ainz","floor":25.0,"key":"SMITH"},{"floor":27.0,"key":"RECALL"},{"data":"animator:Mitsuba","floor":32.0,"key":"SMITH"},{"data":"animator:HigakiRinne","floor":44,"key":"SMITH"},{"data":"animator:QuestionMark","floor":47,"key":"SMITH"},{"data":"animator:Hibiki","floor":49,"key":"SMITH"},{"data":"animator:HiiragiShinya","floor":52,"key":"SMITH"}],"circlet_count":0,"master_deck":["animator:Strike_OwariNoSeraph","animator:Defend_OwariNoSeraph+1","animator:Shinoa","animator:Mikaela","animator:Lelouch","animator:Chung","animator:Shinoa","animator:KrulTepes","animator:HiiragiShinya","animator:Yuuichirou","animator:Ainz","animator:Yoichi","animator:Mitsuba","animator:HiiragiShinya","animator:Shigure","animator:Guy","animator:MisaKurobane","animator:Chung","Writhe","animator:Elesis","animator:HiiragiShinya","animator:Yoichi+1","animator:Mikaela","animator:HigakiRinne+1","animator:QuestionMark","animator:TukaLunaMarceau","animator:Hibiki","Decay"],"relics":["animator:TheEgnaroPiece","animator:AncientMedallion"],"acts_visited":["Exordium","TheCity","TheBeyond","TheEnding","EYB:TheUnnamedReign"],"potions_floor_usage":[33,37,37,40],"damage_taken":[{"damage":0.0,"enemies":"Cultist","floor":1.0,"turns":5.0},{"damage":0.0,"enemies":"Jaw Worm","floor":2.0,"turns":4.0},{"damage":0.0,"enemies":"2 Louse","floor":3.0,"turns":4.0},{"damage":0.0,"enemies":"Red Slaver","floor":5.0,"turns":5.0},{"damage":9.0,"enemies":"3 Sentries","floor":7.0,"turns":13.0},{"damage":0.0,"enemies":"Blue Slaver","floor":10.0,"turns":3.0},{"damage":13.0,"enemies":"Gremlin Nob","floor":12.0,"turns":5.0},{"damage":0.0,"enemies":"Slime Boss","floor":16.0,"turns":10.0},{"damage":0.0,"enemies":"2 Thieves","floor":18.0,"turns":5.0},{"damage":8.0,"enemies":"Shell Parasite","floor":19.0,"turns":7.0},{"damage":12.0,"enemies":"Gremlin Leader","floor":23.0,"turns":8.0},{"damage":10.0,"enemies":"Snake Plant","floor":29.0,"turns":4.0},{"damage":15,"enemies":"Champ","floor":33,"turns":9},{"damage":24,"enemies":"3 Darklings","floor":35,"turns":6},{"damage":0,"enemies":"Mind Bloom Boss Battle","floor":36,"turns":8},{"damage":16,"enemies":"2 Orb Walkers","floor":37,"turns":4},{"damage":2,"enemies":"Giant Head","floor":40,"turns":8},{"damage":2,"enemies":"3 Shapes","floor":42,"turns":3},{"damage":6,"enemies":"Spire Growth","floor":46,"turns":5},{"damage":60,"enemies":"Donu and Deca","floor":50,"turns":10},{"damage":98,"enemies":"animator:TRIPLE_SHAPES_WEAK","floor":54,"turns":9}],"seed_played":"6573670371444971320","potions_obtained":[{"floor":2.0,"key":"animator:FalseLifePotion"},{"floor":5.0,"key":"SpeedPotion"},{"floor":12.0,"key":"EntropicBrew"},{"floor":14.0,"key":"ColorlessPotion"},{"floor":18.0,"key":"AttackPotion"},{"floor":35,"key":"ColorlessPotion"},{"floor":37,"key":"PowerPotion"}],"is_trial":false,"path_per_floor":["M","M","M","?","M","R","E","R","T","M","$","E","R","?","R","B",null,"M","M","?","?","?","E","?","R","T","R","$","M","$","?","R","B",null,"M","?","?","?","?","E","?","M","T","R","$","M","R","?","R","B",null,"R","??","M"],"character_chosen":"THE_ANIMATOR","items_purchased":["animator:Lelouch","Bag of Preparation","animator:MisaKurobane","Toolbox","animator:Hibiki"],"campfire_rested":0,"item_purchase_floors":[0,11,28,30,45],"current_hp_per_floor":[61,61,61,61,61,61,53,53,53,55,55,44,44,44,44,48,67,68,60,44,44,44,38,38,38,38,38,38,34,34,34,46,37,68,44,50,40,31,31,39,39,45,45,60,60,62,68,68,68,8,68,68,98,0,0],"gold":437,"neow_bonus":"","is_daily":false,"chose_seed":false,"campfire_upgraded":10,"win_rate":0.0,"timestamp":1613359523,"path_taken":["M","M","?","?","M","R","E","R","T","M","$","E","R","?","R","BOSS","M","M","?","?","?","E","?","R","T","R","$","M","$","?","R","BOSS","M","?","?","?","?","E","?","M","T","R","?","M","R","?","R","BOSS","R","??","M"],"items_purchased_type":["Card","Relic","Card","Relic","Card"],"build_version":"2020-12-22","purchased_purges":2,"victory":false,"max_hp_per_floor":[66,66,66,66,66,66,67,67,67,67,67,67,67,67,67,67,67,68,68,68,68,68,68,68,68,68,68,68,68,68,68,68,68,68,68,68,68,68,68,68,68,68,68,68,68,68,68,68,68,68,68,68,98,98,98],"card_choices":[{"not_picked":["animator:Demiurge","animator:IzunaHatsuse","animator:RoryMercury"],"picked":"SKIP","floor":1.0},{"not_picked":["animator:Cocytus","animator:LizardPriest"],"picked":"animator:Chung","floor":2.0},{"not_picked":["animator:Jibril","animator:Lu"],"picked":"animator:Shinoa","floor":3.0},{"not_picked":["animator:Yoichi","animator:Mikaela"],"picked":"animator:KrulTepes","floor":5.0},{"not_picked":["animator:Viivi","animator:Sebas"],"picked":"animator:HiiragiShinya","floor":7.0},{"not_picked":["animator:Arpeggio","animator:Viivi","animator:Tyuule"],"picked":"SKIP","floor":10.0},{"not_picked":["animator:DolaStephanie","animator:Witch"],"picked":"animator:Yuuichirou","floor":12.0},{"not_picked":["animator:PinaCoLada","animator:ChaikaTrabant"],"picked":"animator:Ainz","floor":16.0},{"not_picked":["animator:Yoichi","animator:Mikaela"],"picked":"animator:Shigure","floor":18.0},{"not_picked":["animator:Laby","animator:AcuraTooru","animator:Demiurge+1"],"picked":"SKIP","floor":19.0},{"not_picked":["animator:Gillette","animator:Add","animator:Layla"],"picked":"SKIP","floor":23.0},{"not_picked":["animator:Ciel+1","animator:AcuraAkari"],"picked":"animator:Chung","floor":29.0},{"not_picked":["animator:Ainz","animator:GoblinSlayer"],"picked":"animator:Elesis","floor":33},{"not_picked":["animator:Yoichi","animator:Mitsuba"],"picked":"animator:HiiragiShinya","floor":35},{"not_picked":["animator:Add+1","animator:DolaRiku+1"],"picked":"animator:Yoichi+1","floor":36},{"not_picked":["animator:Add+1","animator:Ainz"],"picked":"animator:Mikaela+1","floor":37},{"not_picked":["animator:TakanashiRikka","animator:Cirno"],"picked":"animator:QuestionMark","floor":39},{"not_picked":["animator:Kuribayashi","animator:Tet"],"picked":"animator:Laby+1","floor":40},{"not_picked":["animator:ChaikaBohdan","animator:DolaStephanie"],"picked":"animator:TukaLunaMarceau","floor":42},{"not_picked":["animator:Gillette+1","animator:Demiurge","animator:Add+1"],"picked":"SKIP","floor":42},{"not_picked":["animator:DwarfShaman","animator:GuildGirl","animator:TukaLunaMarceau"],"picked":"SKIP","floor":46},{"not_picked":["animator:Fredrika","animator:Spearman","animator:ChlammyZell"],"picked":"SKIP","floor":46}],"player_experience":251302,"relics_obtained":[{"floor":7.0,"key":"Blood Vial"},{"floor":7.0,"key":"Bottled Lightning"},{"floor":9.0,"key":"Du-Vu Doll"},{"floor":12.0,"key":"Blood Vial"},{"floor":12.0,"key":"Juzu Bracelet"},{"floor":16.0,"key":"Blood Vial"},{"floor":20.0,"key":"Enchiridion"},{"floor":23.0,"key":"War Paint"},{"floor":36,"key":"Prayer Wheel"},{"floor":37,"key":"Bird Faced Urn"},{"floor":40,"key":"Incense Burner"},{"floor":43,"key":"animator:WornHelmet"},{"floor":53,"key":"animator:TheEgnaroPiece"},{"floor":53,"key":"animator:AncientMedallion"}],"event_choices":[{"cards_removed":["animator:Defend"],"damage_healed":0.0,"max_hp_gain":0.0,"max_hp_loss":0.0,"gold_gain":0.0,"event_name":"The Cleric","player_choice":"Card Removal","floor":4.0,"gold_loss":50.0,"damage_taken":0.0},{"damage_healed":0.0,"max_hp_gain":0.0,"max_hp_loss":0.0,"gold_gain":0.0,"event_name":"The Woman in Blue","player_choice":"Bought 1 Potion","floor":14.0,"gold_loss":0.0,"damage_taken":0.0},{"damage_healed":0.0,"max_hp_gain":0.0,"max_hp_loss":0.0,"gold_gain":0.0,"event_name":"Cursed Tome","player_choice":"Obtained Book","floor":20.0,"gold_loss":0.0,"damage_taken":16.0},{"damage_healed":0.0,"max_hp_gain":0.0,"max_hp_loss":0.0,"gold_gain":0.0,"event_name":"Vampires","player_choice":"Ignored","floor":21.0,"gold_loss":0.0,"damage_taken":0.0},{"damage_healed":0.0,"max_hp_gain":0.0,"max_hp_loss":0.0,"gold_gain":0.0,"event_name":"The Library","player_choice":"Read","floor":22.0,"gold_loss":0.0,"damage_taken":0.0,"cards_obtained":["animator:Guy"]},{"damage_healed":0.0,"max_hp_gain":0.0,"max_hp_loss":0.0,"gold_gain":99.0,"event_name":"Nest","player_choice":"Stole From Cult","floor":24.0,"gold_loss":0.0,"damage_taken":0.0},{"damage_healed":0.0,"max_hp_gain":0.0,"max_hp_loss":0.0,"gold_gain":0.0,"event_name":"The Mausoleum","player_choice":"Opened","floor":31.0,"gold_loss":0.0,"damage_taken":0.0,"relics_obtained":["Eternal Feather"],"cards_obtained":["Writhe"]},{"damage_healed":0,"gold_gain":0,"player_choice":"Fight","damage_taken":0,"max_hp_gain":0,"max_hp_loss":0,"event_name":"MindBloom","floor":36,"gold_loss":0},{"damage_healed":0,"gold_gain":0,"player_choice":"Fight","damage_taken":0,"max_hp_gain":0,"max_hp_loss":0,"event_name":"Mysterious Sphere","floor":37,"gold_loss":0},{"damage_healed":0,"gold_gain":0,"player_choice":"Embrace Madness","damage_taken":9,"max_hp_gain":0,"max_hp_loss":0,"event_name":"Winding Halls","floor":38,"gold_loss":0,"cards_obtained":["animator:HigakiRinne"]},{"damage_healed":0,"gold_gain":0,"player_choice":"Memory 1","damage_taken":0,"max_hp_gain":0,"max_hp_loss":0,"event_name":"SensoryStone","floor":39,"gold_loss":0},{"cards_removed":["animator:Laby"],"damage_healed":0,"gold_gain":0,"player_choice":"Removed Power","damage_taken":0,"max_hp_gain":0,"max_hp_loss":0,"event_name":"Falling","floor":41,"gold_loss":0},{"damage_healed":0,"gold_gain":0,"player_choice":"Cursed","damage_taken":0,"max_hp_gain":0,"max_hp_loss":0,"event_name":"Wheel of Change","floor":48,"gold_loss":0,"cards_obtained":["Decay"]}],"is_beta":false,"boss_relics":[{"not_picked":["Black Star","animator:CursedBlade"],"picked":"animator:RacePiece"},{"not_picked":["Tiny House","Pandora\u0027s Box"],"picked":"Mark of Pain"}],"items_purged_floors":[28,45],"is_endless":false,"potions_floor_spawned":[2,5,12,18,35,37],"killed_by":"animator:TRIPLE_SHAPES_WEAK","ascension_level":0}}