{"host":"Cenci","time":1613401514,"event":{"mods":["BaseMod","Downfall","Highlight Path","Minty Spire (QoL Compilation)","StSLib"],"gold_per_floor":[99,111,111,124,34,53,53,53,96,123,163,175,218,247,270,380,392,404,435,250,269,499,499,525,525,542,342,359,376,403,415,430,533,533,433,453,468,522,540,552,630,630,97,97,109,128,128,139,157,157,157,188,38,38,38,38],"floor_reached":57,"language":"ENG","playtime":4109,"items_purged":["downfall:Malfunctioning","bronze:Strike","bronze:Strike","bronze:Strike"],"score":1532,"play_id":"06e35e34-a2fb-42b9-87bc-2c2b21fdf9ba","local_time":"20210215160514","is_ascension_mode":true,"campfire_choices":[{"data":"bronze:Goto","floor":1.0,"key":"SMITH"},{"floor":12.0,"key":"REST"},{"floor":18,"key":"RECALL"},{"data":"bronze:MaxOutput","floor":27,"key":"SMITH"},{"data":"bronze:MaxOutput","floor":35,"key":"SMITH"},{"data":"bronze:BugBarrage","floor":44,"key":"SMITH"},{"data":"bronze:BurnOut","floor":47,"key":"SMITH"},{"data":"bronze:ShipIt","floor":54,"key":"SMITH"}],"circlet_count":0,"master_deck":["bronze:Strike","bronze:Defend","bronze:Defend","bronze:Defend","bronze:Replicate","bronze:Goto+1","bronze:MaxOutput+1","bronze:DazingPulse","bronze:Explode","bronze:Shield","bronze:MaxOutput+1","bronze:Allocate","bronze:MaxOutput+1","bronze:BugBarrage+1","bronze:MaxOutput+1","bronze:Allocate","bronze:Refactor","bronze:BurnOut+1","bronze:Turbo","bronze:ItsAFeature+1","bronze:BugBarrage","bronze:Shield","Madness","bronze:Refactor","bronze:Shield","bronze:ShipIt+1","bronze:Repair","bronze:ItsAFeature+1","bronze:MaxOutput+1","bronze:Repair+1"],"relics":["bronze:BronzeCore","Incense Burner","champ:DuelingGlove","MawBank","Frozen Egg 2","Letter Opener","Lizard Tail","Coffee Dripper","Vajra","downfall:HeartBlessingRed","downfall:HeartBlessingBlue","Pen Nib","Sozu","downfall:HeartBlessingGreen","StoneCalendar","Pantograph","OrangePellets","Ornamental Fan","Orichalcum"],"acts_visited":["Exordium","TheCity","TheBeyond","TheEnding"],"potions_floor_usage":[16,16,20],"damage_taken":[{"damage":12.0,"enemies":"Small Slimes","floor":2.0,"turns":4.0},{"damage":15.0,"enemies":"Small Slimes","floor":3.0,"turns":5.0},{"damage":1.0,"enemies":"Jaw Worm","floor":4.0,"turns":4.0},{"damage":0.0,"enemies":"downfall:FleeingMerchant","floor":5.0,"turns":4.0},{"damage":1.0,"enemies":"Cultist","floor":6.0,"turns":3.0},{"damage":12.0,"enemies":"Lagavulin","floor":9.0,"turns":6.0},{"damage":0.0,"enemies":"2 Fungi Beasts","floor":10.0,"turns":2.0},{"damage":12.0,"enemies":"3 Sentries","floor":11.0,"turns":5.0},{"damage":10.0,"enemies":"Gremlin Nob","floor":13.0,"turns":3.0},{"damage":19.0,"enemies":"Exordium Wildlife","floor":14.0,"turns":2.0},{"damage":0.0,"enemies":"Gremlin Gang","floor":15.0,"turns":2.0},{"damage":0,"enemies":"DF_ARCHETYPE_STREAMLINE","floor":16,"turns":4},{"damage":0,"enemies":"Chosen","floor":19,"turns":2},{"damage":0,"enemies":"downfall:FleeingMerchant","floor":20,"turns":4},{"damage":7,"enemies":"3 Byrds","floor":21,"turns":3},{"damage":0,"enemies":"downfall:FleeingMerchant","floor":22,"turns":2},{"damage":18,"enemies":"Centurion and Healer","floor":26,"turns":2},{"damage":0,"enemies":"Snecko","floor":28,"turns":3},{"damage":1,"enemies":"3 Cultists","floor":29,"turns":3},{"damage":0,"enemies":"Gremlin Leader","floor":30,"turns":2},{"damage":0,"enemies":"Snake Plant","floor":31,"turns":3},{"damage":0,"enemies":"Sentry and Sphere","floor":32,"turns":2},{"damage":22,"enemies":"SI_MIRROR_ARCHETYPE","floor":33,"turns":5},{"damage":0,"enemies":"3 Darklings","floor":36,"turns":3},{"damage":41,"enemies":"3 Shapes","floor":37,"turns":4},{"damage":10,"enemies":"2 Orb Walkers","floor":38,"turns":3},{"damage":5,"enemies":"Maw","floor":39,"turns":4},{"damage":8,"enemies":"4 Shapes","floor":40,"turns":3},{"damage":14,"enemies":"Transient","floor":45,"turns":5},{"damage":9,"enemies":"Jaw Worm Horde","floor":46,"turns":3},{"damage":18,"enemies":"Spire Growth","floor":48,"turns":3},{"damage":0,"enemies":"Sphere and 2 Shapes","floor":49,"turns":2},{"damage":0,"enemies":"WA_ARCHETYPE_DIVINITY","floor":50,"turns":4},{"damage":10,"enemies":"downfall:CharBossMerchant","floor":52,"turns":4},{"damage":3,"enemies":"downfall:NeowBoss","floor":55,"turns":10},{"damage":12,"enemies":"downfall:NeowBossFinal","floor":56,"turns":6}],"seed_played":"-363454204324474455","potions_obtained":[{"floor":2.0,"key":"Swift Potion"},{"floor":9.0,"key":"Regen Potion"},{"floor":11.0,"key":"bronze:FreeFunctionsPotion"},{"floor":13.0,"key":"Strength Potion"},{"floor":16,"key":"Swift Potion"},{"floor":19,"key":"EssenceOfSteel"},{"floor":28,"key":"bronze:BurnAndBuffPotion"}],"is_trial":false,"path_per_floor":["R","M","?","M","$","M","T","?","E","M","E","R","E","M","M","B",null,"R","M","$","M","$","?","T","?","M","R","M","M","E","M","M","B",null,"R","M","M","?","M","M","T","?","$","R","M","M","R","M","M","B",null,"E","$","R","B","B",null],"character_chosen":"THE_AUTOMATON","items_purchased":["bronze:ItsAFeature+1","Vajra","OrangePellets","Ornamental Fan"],"campfire_rested":1,"item_purchase_floors":[20,20,43,43],"current_hp_per_floor":[70,58,43,42,42,41,41,41,29,29,17,38,28,9,9,21,70,70,70,70,63,63,63,63,63,45,55,55,54,54,54,54,32,80,80,80,39,29,31,30,30,30,30,30,23,21,21,10,27,69,80,80,80,80,77,78],"gold":38,"neow_bonus":"ONE_RARE_RELIC","is_daily":false,"chose_seed":false,"campfire_upgraded":6,"win_rate":0.0,"timestamp":1613401514,"path_taken":["R","M","?","M","$","M","T","?","E","M","E","R","E","?","M","BOSS","R","M","$","M","$","?","T","?","?","R","M","M","E","M","M","BOSS","R","M","M","?","M","M","T","?","$","R","M","M","R","M","M","BOSS","E","$","R","BOSS","BOSS"],"items_purchased_type":["Card","Relic","Relic","Relic"],"build_version":"2020-11-17","purchased_purges":4,"victory":true,"max_hp_per_floor":[70,70,70,70,70,70,70,70,70,70,70,70,70,70,70,70,70,70,70,70,70,70,70,70,70,70,80,80,80,80,80,80,80,80,80,80,80,80,80,80,80,80,80,80,80,80,80,80,80,80,80,80,80,80,80,80],"card_choices":[{"not_picked":["bronze:Branch","bronze:Turbo"],"picked":"bronze:MaxOutput","floor":2.0},{"not_picked":[],"picked":"bronze:DazingPulse","floor":3.0},{"not_picked":[],"picked":"bronze:Explode","floor":3.0},{"not_picked":["bronze:Iterate","bronze:Turbo"],"picked":"bronze:Shield","floor":3.0},{"not_picked":["bronze:FineTuning","bronze:Invalidate"],"picked":"bronze:MaxOutput","floor":4.0},{"not_picked":["bronze:Deprecate","bronze:Overload","bronze:Optimize"],"picked":"SKIP","floor":5.0},{"not_picked":["bronze:ChildClass","bronze:Safeguard"],"picked":"bronze:Allocate","floor":6.0},{"not_picked":["bronze:Branch","bronze:SpaghettiCode","bronze:InfiniteBeams+1"],"picked":"SKIP","floor":9.0},{"not_picked":["bronze:ChosenStrike","bronze:Fortify"],"picked":"bronze:MaxOutput+1","floor":10.0},{"not_picked":["bronze:Iterate","bronze:OilSpill"],"picked":"bronze:BugBarrage","floor":11.0},{"not_picked":["bronze:Repair","bronze:Terminator"],"picked":"bronze:MaxOutput+1","floor":13.0},{"not_picked":["bronze:Shell","bronze:OilSpill"],"picked":"bronze:Allocate","floor":14.0},{"not_picked":["bronze:InfiniteBeams+1","bronze:Return"],"picked":"bronze:Refactor","floor":15.0},{"not_picked":["bronze:Virus","bronze:Hardcode+1"],"picked":"bronze:BurnOut","floor":16},{"not_picked":["bronze:Constructor+1","bronze:BitShift","bronze:InfiniteBeams+1"],"picked":"SKIP","floor":19},{"not_picked":["bronze:Iterate","bronze:InfiniteBeams+1"],"picked":"bronze:Turbo","floor":20},{"not_picked":["bronze:HyperBeam","bronze:CutThrough"],"picked":"bronze:BugBarrage","floor":21},{"not_picked":["bronze:Frontload","bronze:CutThrough"],"picked":"bronze:Shield","floor":22},{"not_picked":["bronze:CutThrough","bronze:Turbo"],"picked":"bronze:Refactor","floor":26},{"not_picked":["bronze:Flail","bronze:OilSpill","bronze:CutThrough"],"picked":"SKIP","floor":28},{"not_picked":["bronze:Deprecate+1","bronze:Iterate","bronze:DelayedGuard"],"picked":"SKIP","floor":29},{"not_picked":["bronze:Overheat","bronze:SpaghettiCode","bronze:FineTuning+1"],"picked":"SKIP","floor":30},{"not_picked":["bronze:ForceShield","bronze:Iterate+1","bronze:WildBeam"],"picked":"SKIP","floor":31},{"not_picked":["bronze:Constructor","bronze:DigitalCarnage"],"picked":"bronze:Shield","floor":32},{"not_picked":["bronze:Verify+1","bronze:TinkerersToolbox"],"picked":"bronze:ShipIt","floor":33},{"not_picked":["bronze:CutThrough+1","bronze:Iterate+1","bronze:Constructor"],"picked":"SKIP","floor":36},{"not_picked":["bronze:Shield+1","bronze:Deprecate"],"picked":"bronze:Repair","floor":37},{"not_picked":["bronze:Iterate+1","bronze:DarkDash"],"picked":"bronze:ItsAFeature+1","floor":38},{"not_picked":["bronze:Shield+1","bronze:Frontload","bronze:Shell+1"],"picked":"SKIP","floor":39},{"not_picked":["bronze:ForceShield","bronze:Safeguard+1","bronze:WildBeam"],"picked":"SKIP","floor":40},{"not_picked":["bronze:BugBarrage","bronze:Iterate","bronze:FollowUp+1"],"picked":"SKIP","floor":45},{"not_picked":["bronze:Optimize+1","bronze:BugBarrage+1"],"picked":"bronze:MaxOutput+1","floor":46},{"not_picked":["bronze:Safeguard+1","bronze:FineTuning+1"],"picked":"bronze:Repair+1","floor":48},{"not_picked":["bronze:WildBeam","bronze:Shield","bronze:Constructor+1"],"picked":"SKIP","floor":49},{"not_picked":["bronze:TinkerersToolbox","bronze:BuggyMess","bronze:WhirlingStrike+1"],"picked":"SKIP","floor":52}],"player_experience":326545,"relics_obtained":[{"floor":7.0,"key":"champ:DuelingGlove"},{"floor":8.0,"key":"MawBank"},{"floor":9.0,"key":"Frozen Egg 2"},{"floor":11.0,"key":"Letter Opener"},{"floor":13.0,"key":"Lizard Tail"},{"floor":30,"key":"Pen Nib"},{"floor":38,"key":"StoneCalendar"},{"floor":41,"key":"Pantograph"},{"floor":52,"key":"Orichalcum"}],"event_choices":[{"damage_healed":0.0,"max_hp_gain":0.0,"max_hp_loss":0.0,"gold_gain":0.0,"event_name":"Wheel of Change","player_choice":"Relic","floor":8.0,"gold_loss":0.0,"damage_taken":0.0},{"damage_healed":0,"gold_gain":0,"player_choice":"Ignored","damage_taken":0,"max_hp_gain":0,"max_hp_loss":0,"event_name":"Ghosts","floor":23,"gold_loss":0},{"damage_healed":0,"gold_gain":0,"player_choice":"Fight","damage_taken":0,"max_hp_gain":0,"max_hp_loss":0,"event_name":"Mysterious Sphere","floor":38,"gold_loss":0},{"cards_removed":["bronze:Defend"],"damage_healed":0,"gold_gain":0,"player_choice":"Removed Skill","damage_taken":0,"max_hp_gain":0,"max_hp_loss":0,"event_name":"Falling","floor":42,"gold_loss":0}],"is_beta":true,"boss_relics":[{"not_picked":["SlaversCollar","Velvet Choker"],"picked":"Coffee Dripper"},{"not_picked":["Fusion Hammer","Snecko Eye"],"picked":"Sozu"}],"items_purged_floors":[5,22,43,53],"is_endless":false,"potions_floor_spawned":[2,9,11,13,14,16,19,28,29,30,32,36,38,39,48],"ascension_level":4}}