{"host":"x5w9zppki4gdwvc7","time":1613389209,"event":{"mods":["AchievementEnabler","BaseMod","Colored Powertips","DeckTracker","Minty Spire (QoL Compilation)","SuperFastMode"],"gold_per_floor":[109,121,138,153,153,182,182,182,229,229,5,43,69,69,69,69,69],"floor_reached":16,"language":"ENG","playtime":602,"items_purged":["Strike_P"],"score":110,"play_id":"4dd1ac5b-f25a-4dd2-a321-b7c6ec0757d1","local_time":"20210215124009","is_ascension_mode":false,"campfire_choices":[{"floor":7,"key":"REST"},{"data":"Eruption","floor":10,"key":"SMITH"},{"floor":15,"key":"REST"}],"circlet_count":0,"master_deck":["Strike_P","Strike_P+1","Strike_P+1","Defend_P","Defend_P","Defend_P","Defend_P","Eruption+1","Vigilance","Dramatic Entrance","CutThroughFate","FollowUp+1","Evaluate+1","LessonLearned","Evaluate+1","ReachHeaven","PathToVictory+1"],"relics":["PureWater","Toxic Egg 2","CeramicFish","Toy Ornithopter","Gremlin Horn","Lantern"],"acts_visited":["Exordium"],"potions_floor_usage":[],"damage_taken":[{"damage":7,"enemies":"Cultist","floor":1,"turns":3},{"damage":3,"enemies":"Jaw Worm","floor":2,"turns":3},{"damage":0,"enemies":"Small Slimes","floor":3,"turns":1},{"damage":6,"enemies":"Exordium Wildlife","floor":4,"turns":5},{"damage":30,"enemies":"Gremlin Nob","floor":6,"turns":5},{"damage":26,"enemies":"Lagavulin","floor":12,"turns":4},{"damage":0,"enemies":"2 Fungi Beasts","floor":13,"turns":2},{"damage":31,"enemies":"Hexaghost","floor":16,"turns":7}],"seed_played":"4978761924274850428","potions_obtained":[{"floor":4,"key":"BlessingOfTheForge"},{"floor":6,"key":"ColorlessPotion"},{"floor":12,"key":"Fire Potion"}],"is_trial":false,"path_per_floor":["M","M","M","M","?","E","R","?","T","R","$","E","M","?","R","B"],"character_chosen":"WATCHER","items_purchased":["LessonLearned","Evaluate+1"],"campfire_rested":2,"item_purchase_floors":[11,11],"current_hp_per_floor":[65,62,62,56,42,12,33,33,33,33,33,7,7,4,25,0,0],"gold":69,"neow_bonus":"RANDOM_COLORLESS","is_daily":false,"chose_seed":false,"campfire_upgraded":1,"win_rate":0.0,"timestamp":1613389209,"path_taken":["M","M","M","M","?","E","R","?","T","R","$","E","M","?","R","BOSS"],"items_purchased_type":["Card","Card"],"build_version":"2020-12-22","purchased_purges":1,"victory":false,"max_hp_per_floor":[72,72,72,72,72,72,72,72,72,72,72,72,72,72,72,72,72],"card_choices":[{"not_picked":["Jack Of All Trades","Impatience"],"picked":"Dramatic Entrance","floor":0},{"not_picked":["ForeignInfluence","JustLucky"],"picked":"CutThroughFate","floor":1},{"not_picked":["ClearTheMind","Consecrate"],"picked":"FollowUp","floor":2},{"not_picked":["ThirdEye","JustLucky","Wireheading"],"picked":"SKIP","floor":3},{"not_picked":["Study","JustLucky","EmptyBody"],"picked":"SKIP","floor":4},{"not_picked":["Ragnarok","EmptyMind+1"],"picked":"Evaluate+1","floor":6},{"not_picked":["EmptyMind+1","Indignation+1"],"picked":"ReachHeaven","floor":12},{"not_picked":["ClearTheMind+1","EmptyFist"],"picked":"PathToVictory+1","floor":13}],"player_experience":656008,"relics_obtained":[{"floor":6,"key":"Toxic Egg 2"},{"floor":9,"key":"Toy Ornithopter"},{"floor":12,"key":"Gremlin Horn"}],"event_choices":[{"damage_healed":0,"gold_gain":0,"player_choice":"Entered Light","damage_taken":14,"max_hp_gain":0,"max_hp_loss":0,"event_name":"Shining Light","floor":5,"gold_loss":0,"cards_upgraded":["Strike_P","Strike_P"]},{"damage_healed":0,"gold_gain":0,"player_choice":"Searched \u00271\u0027 times","damage_taken":0,"relics_obtained":["CeramicFish"],"max_hp_gain":0,"max_hp_loss":0,"event_name":"Dead Adventurer","floor":8,"gold_loss":0},{"damage_healed":0,"gold_gain":0,"player_choice":"Success","damage_taken":3,"relics_obtained":["Lantern"],"max_hp_gain":0,"max_hp_loss":0,"event_name":"Scrap Ooze","floor":14,"gold_loss":0}],"is_beta":false,"boss_relics":[],"items_purged_floors":[11],"is_endless":false,"potions_floor_spawned":[4,6,12,13],"killed_by":"Hexaghost","ascension_level":0}}