{"host":"1sqx9dmsrxu9kvq7","time":1613430372,"event":{"mods":["2.2 Compatiblity","Act Like it!","Aspiration","BaseMod","Block Reminder","CapriCore","Chen","Colored Powertips","Custom Start","DeckTracker","Friendly Minions","Halation","Highlight Path","HololiveMod","Hubris","KinomotoSakuraMod(木之本?)","Kiyohime（清?）","Koishi","Marisa（霧雨　魔理沙）","Minty Spire (QoL Compilation)","Prisma Mod","Quick Restart","Rare Cards Sparkle","Reimu（博??梦）","Relic Stats","Remilia（蕾米莉?）","Shop Mod","Spicy Shops","StSLib","Synergy Search","Td1madao Mod","The Administrix","The Alterego","The Blue Laboratory","The Immortal","The Servant 0.9.4","Waifu the Spire","WarShipGirlsR/??少女R mod","Yakumo Yukari mod","Yuyuko"],"gold_per_floor":[113,113,124,141,155,186,204,233,233,265,278,278,298,298,298,393,393,406,406,422,143,143,143],"floor_reached":22,"language":"ENG","playtime":1962,"items_purged":[],"score":218,"play_id":"894e347c-4af7-43d9-9cc5-f64700ede3c4","local_time":"20210215170612","is_ascension_mode":true,"campfire_choices":[{"floor":12,"key":"RECALL"},{"floor":15,"key":"REST"}],"circlet_count":0,"master_deck":["rmod:strick","rmod:strick","rmod:strick","rmod:strick","rmod:defend","rmod:defend","rmod:defend","rmod:defend","rmod:basicallowance","rmod:maingunfire","rmod:chargemoney","rmod:bulid","rmod:aluminumsupply","rmod:circuitoustactics","rmod:fuelsupply","rmod:aggressivemary","rmod:steelsupply","rmod:seals","rmod:overbreakdown","rmod:abidefaith","rmod:mineteam","rmod:expeditionaryescort","rmod:firesupport","rmod:victimresponsibility"],"relics":["rmod:firstchargereward","NeowsBlessing","aspiration:HatOfInfinitePower","Bag of Marbles","halation:Trompette","SlaversCollar","Frozen Egg 2"],"acts_visited":["Exordium","TheCity"],"potions_floor_usage":[8],"damage_taken":[{"damage":0,"enemies":"Small Slimes","floor":1,"turns":1},{"damage":0,"enemies":"2 Louse","floor":3,"turns":1},{"damage":0,"enemies":"Cultist","floor":4,"turns":1},{"damage":4,"enemies":"Looter","floor":5,"turns":3},{"damage":36,"enemies":"Lagavulin","floor":6,"turns":8},{"damage":53,"enemies":"Gremlin Gang","floor":7,"turns":11},{"damage":18,"enemies":"3 Sentries","floor":8,"turns":9},{"damage":32,"enemies":"Gremlin Nob","floor":10,"turns":4},{"damage":5,"enemies":"Blue Slaver","floor":11,"turns":3},{"damage":3,"enemies":"2 Fungi Beasts","floor":13,"turns":2},{"damage":18,"enemies":"Hexaghost","floor":16,"turns":10},{"damage":22,"enemies":"Chosen","floor":18,"turns":6},{"damage":12,"enemies":"Shell Parasite","floor":20,"turns":4},{"damage":33,"enemies":"Snake Plant","floor":22,"turns":2}],"seed_played":"6798869348024027760","potions_obtained":[{"floor":5,"key":"FairyPotion"},{"floor":6,"key":"blueLaboratory:ForbiddenFruitJuice"},{"floor":10,"key":"Ancient Potion"},{"floor":13,"key":"blueLaboratory:ExaltedPotion"}],"is_trial":false,"path_per_floor":["M","$","M","M","M","E","M","E","T","E","M","R","M","?","R","B",null,"M","?","M","$","M"],"character_chosen":"PRAEFECT","items_purchased":["rmod:victimresponsibility","Frozen Egg 2"],"campfire_rested":1,"item_purchase_floors":[21,21],"current_hp_per_floor":[75,75,75,75,71,35,18,63,63,31,26,26,23,23,42,24,65,43,43,31,31,0,0],"gold":143,"neow_bonus":"THREE_ENEMY_KILL","is_daily":false,"chose_seed":false,"campfire_upgraded":0,"win_rate":0.0,"timestamp":1613430372,"path_taken":["M","$","M","M","M","E","M","E","T","E","M","R","M","?","R","BOSS","M","?","M","?","?"],"items_purchased_type":["Card","Relic"],"build_version":"2020-12-22","purchased_purges":0,"victory":false,"max_hp_per_floor":[75,75,75,75,75,75,75,65,65,65,65,65,65,65,65,65,65,65,65,65,65,65,65],"relic_stats":{"counters":[14,65],"obtain_stats":[{"SlaversCollar":17,"NeowsBlessing":0,"rmod:firstchargereward":0,"Bag of Marbles":8,"Frozen Egg 2":21,"aspiration:HatOfInfinitePower":6,"halation:Trompette":10},{"SlaversCollar":11,"NeowsBlessing":0,"rmod:firstchargereward":0,"Bag of Marbles":7,"Frozen Egg 2":13,"aspiration:HatOfInfinitePower":5,"halation:Trompette":8},{"SlaversCollar":53,"NeowsBlessing":0,"rmod:firstchargereward":0,"Bag of Marbles":34,"Frozen Egg 2":63,"aspiration:HatOfInfinitePower":14,"halation:Trompette":38}]},"card_choices":[{"not_picked":["rmod:aviationdawn","rmod:lonelyqueen"],"picked":"rmod:chargemoney","floor":1},{"not_picked":["rmod:lonelyqueen","rmod:circuitoustactics"],"picked":"rmod:bulid","floor":3},{"not_picked":["rmod:fletcherpendant","rmod:smokecover"],"picked":"rmod:aluminumsupply","floor":4},{"not_picked":["rmod:supportescort","rmod:unsinkable"],"picked":"rmod:circuitoustactics","floor":5},{"not_picked":["rmod:slowdown","rmod:smokecover"],"picked":"rmod:fuelsupply","floor":6},{"not_picked":["rmod:fletcher","rmod:circuitoustactics"],"picked":"rmod:aggressivemary","floor":7},{"not_picked":["rmod:garrisonisland","rmod:diamondstrike"],"picked":"rmod:steelsupply","floor":8},{"not_picked":["rmod:fletcherpendant","rmod:royalracing"],"picked":"rmod:seals","floor":10},{"not_picked":["rmod:royalracing","rmod:goodsister"],"picked":"rmod:aviationdawn","floor":11},{"not_picked":["rmod:aviationdawn","rmod:openingtorpedo"],"picked":"rmod:overbreakdown","floor":13},{"not_picked":["rmod:ridicule","rmod:u235"],"picked":"rmod:abidefaith","floor":16},{"not_picked":["rmod:unsinkable","rmod:diamondstrike"],"picked":"rmod:mineteam","floor":18},{"not_picked":["rmod:steelsupply","rmod:diamondstrike+1"],"picked":"rmod:firesupport","floor":20}],"player_experience":303885,"relics_obtained":[{"floor":6,"key":"aspiration:HatOfInfinitePower"},{"floor":8,"key":"Bag of Marbles"},{"floor":10,"key":"halation:Trompette"}],"event_choices":[{"damage_healed":0,"gold_gain":0,"player_choice":"Ignored","damage_taken":0,"max_hp_gain":0,"max_hp_loss":0,"event_name":"Liars Game","floor":14,"gold_loss":0},{"damage_healed":0,"gold_gain":0,"cards_transformed":["rmod:aviationdawn"],"player_choice":"Transformed","damage_taken":0,"max_hp_gain":0,"max_hp_loss":0,"event_name":"Transmorgrifier","floor":19,"gold_loss":0,"cards_obtained":["rmod:expeditionaryescort"]}],"is_beta":false,"boss_relics":[{"not_picked":["halation:HeavySnake","aspiration:FutureDiary"],"picked":"SlaversCollar"}],"items_purged_floors":[],"is_endless":false,"potions_floor_spawned":[5,6,10,13],"killed_by":"Snake Plant","ascension_level":1}}