{"host":"jpqwruqnh1dd5q7l","time":1613428792,"event":{"mods":["AchievementEnabler","Alarm Clock","BaseMod","Better Altar","Better Match","Better Note","Better Sensory Stone","Better Skull","Chat Monstrosity","ChefMod","Colored Powertips","Curses Come First","Hermit","Marisa????????","Minty Spire (QoL Compilation)","Rare Cards Sparkle","Relic Sorter","Shop Mod","Spire Birthday Party","StSLib","The Disciple","The Exalted","slay the spire mod where everything is the same but ironclad has a cowboy hat"],"gold_per_floor":[113,133,152,327,337,349,349,349,349],"floor_reached":8,"language":"ENG","playtime":893,"items_purged":[],"score":50,"play_id":"f77bda4d-0e50-46dd-a28a-bdd203ffbe4a","local_time":"20210215173952","is_ascension_mode":false,"campfire_choices":[{"data":"Bromod:Flow","floor":7,"key":"SMITH"}],"circlet_count":0,"master_deck":["Bromod:Strike_Bro","Bromod:Strike_Bro","Bromod:Strike_Bro","Bromod:Defend_Bro","Bromod:Defend_Bro","Bromod:Defend_Bro","Bromod:Defend_Bro","Bromod:SlashDash","Bromod:SlashDash","Bromod:SlashDash","Bromod:Flow+1","Bromod:BulletJump","Bromod:Vitality","Bromod:Maglev","Doubt","Bromod:ShatteringImpact","Bromod:Vitality"],"relics":["Bromod:Ordis","Bromod:AscarisDevice"],"acts_visited":["Exordium"],"potions_floor_usage":[],"damage_taken":[{"damage":1,"enemies":"Cultist","floor":1,"turns":4},{"damage":1,"enemies":"Jaw Worm","floor":2,"turns":7},{"damage":0,"enemies":"Small Slimes","floor":3,"turns":4},{"damage":13,"enemies":"2 Fungi Beasts","floor":5,"turns":7},{"damage":8,"enemies":"Lots of Slimes","floor":6,"turns":6},{"damage":67,"enemies":"Gremlin Nob","floor":8,"turns":6}],"seed_played":"3270128700896611925","potions_obtained":[],"is_trial":false,"path_per_floor":["M","M","M","?","M","M","R","E"],"character_chosen":"THE_EXALTED","items_purchased":[],"campfire_rested":0,"item_purchase_floors":[],"current_hp_per_floor":[74,73,73,73,60,52,52,0,0],"gold":349,"neow_bonus":"ONE_RANDOM_RARE_CARD","is_daily":false,"chose_seed":false,"campfire_upgraded":1,"win_rate":0.0,"timestamp":1613428792,"path_taken":["M","?","?","?","M","M","R","E"],"items_purchased_type":[],"build_version":"2020-12-22","purchased_purges":0,"victory":false,"max_hp_per_floor":[75,75,75,75,75,75,75,75,75],"card_choices":[{"not_picked":["Bromod:PressurePoint","Bromod:PointStrike"],"picked":"Bromod:BulletJump","floor":1},{"not_picked":["Bromod:BulletJump","Bromod:BodyCount"],"picked":"Bromod:Vitality","floor":2},{"not_picked":["Bromod:BulletJump","Bromod:FormaBlueprint"],"picked":"Bromod:Maglev","floor":3},{"not_picked":["Bromod:OrganShatter","Bromod:Redirection"],"picked":"Bromod:ShatteringImpact","floor":5},{"not_picked":["Bromod:FinishingTouch","Bromod:BodyCount"],"picked":"Bromod:Vitality","floor":6}],"player_experience":190585,"relics_obtained":[],"event_choices":[{"damage_healed":0,"gold_gain":175,"player_choice":"AGREE","damage_taken":0,"max_hp_gain":0,"max_hp_loss":0,"event_name":"Liars Game","floor":4,"gold_loss":0,"cards_obtained":["Doubt"]}],"is_beta":false,"boss_relics":[],"items_purged_floors":[],"is_endless":false,"potions_floor_spawned":[],"killed_by":"Gremlin Nob","ascension_level":0}}