{"host":"2qv44oxt58ptq59r","time":1613419005,"event":{"mods":["AchievementEnabler","BaseMod","Colored Powertips","Highlight Path","Minty Spire (QoL Compilation)","Permanent Neow","StSLib"],"gold_per_floor":[119,119,119,39,39,39,67,67,67,67,92,167,183,203,203,308,358,372,384,10,29,29,29,47,67,67,67,67,67],"floor_reached":28,"language":"ENG","playtime":2045,"items_purged":["Strike_R"],"score":400,"play_id":"57cae554-e04f-45c8-97a9-250c2bafbb2f","local_time":"20210215195645","is_ascension_mode":true,"campfire_choices":[{"data":"Bash","floor":6.0,"key":"SMITH"},{"data":"Rage","floor":8.0,"key":"SMITH"},{"data":"Inflame","floor":15.0,"key":"SMITH"},{"floor":23,"key":"REST"},{"floor":27,"key":"REST"}],"circlet_count":0,"master_deck":["Strike_R","Strike_R","Strike_R","Defend_R+1","Defend_R","Defend_R","Defend_R","Bash+1","Rage+1","Carnage","Juggernaut","Evolve","Bash","Rupture","Fire Breathing","Inflame+1","Clothesline","Demon Form","Heavy Blade","Whirlwind+1","Corruption","Shockwave","Seeing Red+1"],"relics":["Burning Blood","NeowsBlessing","Pen Nib","Juzu Bracelet","Nunchaku","Oddly Smooth Stone","Tiny House","Bronze Scales","Chemical X"],"acts_visited":["Exordium","TheCity"],"potions_floor_usage":[19,19,28],"damage_taken":[{"damage":0.0,"enemies":"Cultist","floor":1.0,"turns":1.0},{"damage":0.0,"enemies":"Gremlin Nob","floor":7.0,"turns":1.0},{"damage":0.0,"enemies":"3 Sentries","floor":11.0,"turns":2.0},{"damage":6.0,"enemies":"Small Slimes","floor":13.0,"turns":4.0},{"damage":0.0,"enemies":"2 Louse","floor":14.0,"turns":3.0},{"damage":68.0,"enemies":"Hexaghost","floor":16.0,"turns":12.0},{"damage":30.0,"enemies":"Chosen","floor":18.0,"turns":7.0},{"damage":40,"enemies":"2 Thieves","floor":19,"turns":4},{"damage":28,"enemies":"Centurion and Healer","floor":21,"turns":5},{"damage":11,"enemies":"Chosen and Byrds","floor":24,"turns":4},{"damage":28,"enemies":"Snake Plant","floor":25,"turns":4},{"damage":53,"enemies":"Book of Stabbing","floor":28,"turns":5}],"seed_played":"4122350635146940168","potions_obtained":[{"floor":7.0,"key":"GamblersBrew"},{"floor":11.0,"key":"FairyPotion"},{"floor":13.0,"key":"BlessingOfTheForge"},{"floor":17.0,"key":"Energy Potion"},{"floor":24,"key":"SteroidPotion"}],"is_trial":false,"path_per_floor":["M","?","?","$","?","R","E","R","T","?","E","?","M","M","R","B",null,"M","M","$","M","$","R","M","M","T","R","E"],"character_chosen":"IRONCLAD","items_purchased":["Carnage","Bronze Scales","Chemical X"],"campfire_rested":2,"item_purchase_floors":[4,20,20],"current_hp_per_floor":[78,83,71,71,71,71,77,77,77,77,83,72,72,78,78,16,73,49,15,15,25,25,52,47,25,25,52,0,0],"gold":67,"neow_bonus":"THREE_ENEMY_KILL","is_daily":false,"chose_seed":false,"campfire_upgraded":3,"win_rate":0.0,"timestamp":1613419005,"path_taken":["M","?","?","$","?","R","E","R","T","?","E","?","M","M","R","BOSS","M","M","$","M","$","R","M","M","T","R","E"],"items_purchased_type":["Card","Relic","Relic"],"build_version":"2020-12-22","purchased_purges":1,"victory":false,"max_hp_per_floor":[80,85,85,85,85,85,85,85,85,85,85,85,85,85,85,85,90,90,90,90,90,90,90,90,90,90,90,90,90],"card_choices":[{"not_picked":["Flex","Pummel"],"picked":"Rage","floor":1.0},{"not_picked":["True Grit","Pummel"],"picked":"Rupture","floor":7.0},{"not_picked":["Flex","Cleave"],"picked":"Fire Breathing","floor":11.0},{"not_picked":["Battle Trance","Iron Wave"],"picked":"Inflame","floor":13.0},{"not_picked":["Iron Wave","Sword Boomerang"],"picked":"Clothesline","floor":14.0},{"not_picked":["Immolate","Exhume"],"picked":"Demon Form","floor":16.0},{"not_picked":["Flex","Spot Weakness"],"picked":"Heavy Blade","floor":17.0},{"not_picked":["Metallicize+1","Pommel Strike"],"picked":"Whirlwind+1","floor":18.0},{"not_picked":["Dual Wield","Dropkick","Twin Strike"],"picked":"SKIP","floor":19},{"not_picked":["Reckless Charge+1","Heavy Blade"],"picked":"Corruption","floor":21},{"not_picked":["Anger+1","Clash"],"picked":"Shockwave","floor":24},{"not_picked":["Headbutt","Rupture"],"picked":"Seeing Red+1","floor":25}],"player_experience":5744133,"relics_obtained":[{"floor":7.0,"key":"Juzu Bracelet"},{"floor":9.0,"key":"Nunchaku"},{"floor":11.0,"key":"Oddly Smooth Stone"}],"event_choices":[{"damage_healed":0.0,"max_hp_gain":5.0,"max_hp_loss":0.0,"gold_gain":0.0,"event_name":"Big Fish","player_choice":"Donut","floor":2.0,"gold_loss":0.0,"damage_taken":0.0},{"damage_healed":0.0,"max_hp_gain":0.0,"max_hp_loss":0.0,"gold_gain":0.0,"event_name":"Scrap Ooze","player_choice":"Success","floor":3.0,"gold_loss":0.0,"damage_taken":12.0,"relics_obtained":["Pen Nib"]},{"damage_healed":0.0,"max_hp_gain":0.0,"max_hp_loss":0.0,"gold_gain":0.0,"event_name":"Match and Keep!","player_choice":"3 cards matched","floor":5.0,"gold_loss":0.0,"damage_taken":0.0,"cards_obtained":["Juggernaut","Evolve","Bash"]},{"cards_removed":["Strike_R"],"damage_healed":0.0,"max_hp_gain":0.0,"max_hp_loss":0.0,"gold_gain":0.0,"event_name":"Bonfire Elementals","player_choice":"Offered Basic","floor":10.0,"gold_loss":0.0,"damage_taken":0.0},{"damage_healed":0.0,"max_hp_gain":0.0,"max_hp_loss":0.0,"gold_gain":75.0,"event_name":"World of Goop","player_choice":"Gather Gold","floor":12.0,"gold_loss":0.0,"damage_taken":11.0}],"is_beta":false,"boss_relics":[{"not_picked":["Sozu","Cursed Key"],"picked":"Tiny House"}],"items_purged_floors":[20],"is_endless":false,"potions_floor_spawned":[7,11,13,18,24],"killed_by":"Book of Stabbing","ascension_level":9}}