{"host":"d6bqzrtz2aqgz4ke","time":1613355150,"event":{"mods":["BaseMod","BetterRewards","Colored Map","Conspire","Energized Spire","GifTheSpireLib","Highlight Path","Hubris","Infinite Spire","Minty Spire (QoL Compilation)","Rare Cards Sparkle","Relic Sorter","Replay The Spire","StSLib","The Animator","The Saiyan"],"gold_per_floor":[9584600,9583698,9583711,9583076,9583090,9583125,9583125,9583125,9583175,9583185,9583199,9583214,9583261,9582590,9582590,9582687,9582687,9582704,9582204,9582144,9581305,9581320,9581320,9581320,9581348,9581348,9581348,9581373,9581400,9581419,9581419,9581446,9581465,9581465,9581562,9581562,9581573,9581483,9581499,9581499,9581515,9581550,9581550,9581582,9581636,9581649,9580942,9580942,9580961,9580109,9580109,9580109,9580109,9580109,999,1049,1104,1104,187,187,274,354,354,354,457,530,330,330,461,461,577],"floor_reached":72,"language":"ENG","playtime":10372,"items_purged":["animator:Defend","animator:Strike","animator:Strike","animator:Defend","animator:Defend","animator:Defend_Konosuba+1"],"score":1805,"play_id":"499bc2a6-abd1-4252-a4b5-2c7fabe5af82","local_time":"20210214191230","is_ascension_mode":false,"campfire_choices":[{"floor":7,"key":"REST"},{"data":"animator:Kira","floor":7,"key":"SMITH"},{"floor":15,"key":"REST"},{"floor":15,"key":"RECALL"},{"data":"animator:Hans","floor":26,"key":"SMITH"},{"data":"animator:MumenRider","floor":43,"key":"SMITH"},{"data":"animator:Evileye","floor":51,"key":"SMITH"},{"data":"infinitespire:Collect","floor":54,"key":"SMITH"},{"data":"animator:Megumin+11","floor":60,"key":"SMITH"},{"data":"animator:Megumin+13","floor":64,"key":"SMITH"},{"data":"animator:Megumin+20","floor":68,"key":"SMITH"},{"data":"animator:Megumin+24","floor":70,"key":"SMITH"}],"circlet_count":0,"master_deck":["animator:Strike_Konosuba+1","animator:Kazuma+1","animator:Aqua+1","animator:Megumin+26","animator:GazelDwargon+1","animator:CowGirl+1","animator:Kira+1","animator:Boros+1","animator:GazelDwargon+1","animator:Hans+1","animator:Ainz+1","animator:MumenRider+1","Master of Strategy+1","animator:Urushihara+1","animator:Darkness+1","animator:Saitama+1","animator:Strike+1","animator:Vesta+1","animator:MumenRider+1","animator:Mitsurugi+1","animator:GoblinSlayer+1","animator:MetalKnight+1","animator:Shuna+1","animator:DolaRiku+1","animator:Sebas+1","animator:Witch+1","animator:Shuna+1","animator:DwarfShaman+1","animator:Evileye+1","animator:Kaijin+1","animator:MumenRider+1","animator:YaoHaDucy+1","animator:GuildGirl+1","animator:Chris+1","conspire:SpireCoStock","conspire:SpireCoStock","conspire:SpireCoStock+1","conspire:SpireCoStock+1","animator:GoblinSlayer"],"relics":["animator:TheEgnaroPiece","animator:AncientMedallion"],"acts_visited":["Exordium","TheCity","TheBeyond","TheEnding","EYB:TheUnnamedReign"],"potions_floor_usage":[13,13,16,16,29,29,35,42,52,52,57,61,62,69,69,69,71],"damage_taken":[{"damage":0,"enemies":"hubris:Merchant","floor":0,"turns":1},{"damage":0,"enemies":"2 Louse","floor":1,"turns":1},{"damage":0,"enemies":"Jaw Worm","floor":3,"turns":3},{"damage":0,"enemies":"Small Slimes","floor":5,"turns":3},{"damage":10,"enemies":"3 Sentries","floor":6,"turns":9},{"damage":2,"enemies":"Blue Slaver","floor":10,"turns":3},{"damage":0,"enemies":"Large Slime","floor":11,"turns":6},{"damage":1,"enemies":"Exordium Wildlife","floor":12,"turns":3},{"damage":59,"enemies":"Gremlin Nob","floor":13,"turns":6},{"damage":0,"enemies":"Fading Forest","floor":16,"turns":8},{"damage":0,"enemies":"Spheric Guardian","floor":18,"turns":1},{"damage":0,"enemies":"Shell Parasite","floor":22,"turns":4},{"damage":0,"enemies":"Book of Stabbing","floor":25,"turns":5},{"damage":22,"enemies":"Gremlin Leader","floor":29,"turns":6},{"damage":4,"enemies":"Snake Plant","floor":30,"turns":4},{"damage":0,"enemies":"Shelled Parasite and Fungi","floor":32,"turns":6},{"damage":0,"enemies":"3 Cultists","floor":33,"turns":3},{"damage":2,"enemies":"hubris:MusketHawk","floor":35,"turns":7},{"damage":0,"enemies":"3 Shapes","floor":37,"turns":3},{"damage":4,"enemies":"3 Darklings","floor":39,"turns":2},{"damage":0,"enemies":"4 Shapes","floor":41,"turns":2},{"damage":0,"enemies":"Giant Head","floor":42,"turns":1},{"damage":0,"enemies":"Reptomancer","floor":44,"turns":5},{"damage":0,"enemies":"Sphere and 2 Shapes","floor":46,"turns":1},{"damage":0,"enemies":"Writhing Mass","floor":49,"turns":1},{"damage":41,"enemies":"conspire:OrnateMirror","floor":52,"turns":4},{"damage":0,"enemies":"animator:UNNAMED_HAT","floor":56,"turns":12},{"damage":0,"enemies":"animator:UNNAMED_CULTIST_1","floor":57,"turns":9},{"damage":1,"enemies":"animator:UNNAMED_CULTIST_2","floor":61,"turns":10},{"damage":0,"enemies":"animator:LARGE_WISP","floor":62,"turns":6},{"damage":0,"enemies":"animator:ULTIMATE_CRYSTAL","floor":65,"turns":8},{"damage":20,"enemies":"animator:ULTIMATE_CUBE","floor":69,"turns":10}],"seed_played":"5860968871941415244","potions_obtained":[{"floor":3,"key":"SmokeBomb"},{"floor":13,"key":"Weak Potion"},{"floor":18,"key":"Block Potion"},{"floor":25,"key":"Fire Potion"},{"floor":32,"key":"Weak Potion"},{"floor":33,"key":"Adrenaline Potion"},{"floor":41,"key":"infinitespire:BlackPotion"},{"floor":49,"key":"Adrenaline Potion"},{"floor":56,"key":"animator:FalseLifePotion"},{"floor":57,"key":"animator:FalseLifePotion"},{"floor":61,"key":"animator:FalseLifePotion"},{"floor":62,"key":"animator:FalseLifePotion"},{"floor":65,"key":"animator:FalseLifePotion"},{"floor":69,"key":"animator:FalseLifePotion"}],"is_trial":false,"path_per_floor":["M","$","M","$","M","E","R","?","T","M","M","M","E","$","R","B",null,"M","?","?","$","M","PTL","PTL","E","R","?","T","E","M","?","M","M","R_BF","B",null,"M","?","M","?","M","E","R","E","T","M","$","?","M","$","R","B",null,"R","??","M","M","T","?","R","M","M","?","R","E","T","?","R","E","R","B",null],"character_chosen":"THE_ANIMATOR","items_purchased":["animator:Megumin","conspire:TreasureMap","animator:GazelDwargon","Strength Potion","animator:Kira","animator:Boros","Replay:Baseball","infinitespire:Magic Flask","BlessingOfTheForge","Vajra","hubris:PeanutButter","Frozen Eye","Gremlin Food","Centennial Puzzle","Chemical X","Flashbang","animator:ShionDessert","hubris:SphereOfDissonance","Sling","animator:Urushihara","animator:Megumin","Regal Pillow","infinitespire:Lucky Rock","PrismaticShard","animator:Shuna","Swift Potion","War Paint","hubris:BottledRain","hubris:HerbalPaste","animator:Evileye","animator:Kaijin"],"campfire_rested":2,"item_purchase_floors":[0,0,0,0,2,2,2,2,2,4,4,4,14,14,14,14,21,21,21,21,21,47,47,47,47,47,50,50,50,50,50],"current_hp_per_floor":[66,66,66,66,66,61,66,66,66,66,66,65,9,9,28,46,66,66,66,66,66,67,67,67,67,67,67,67,45,43,43,45,47,47,47,67,67,67,63,63,65,67,67,67,67,67,67,67,67,67,67,32,67,67,98,98,98,98,98,98,98,98,98,98,99,99,99,99,88,88,99],"gold":577,"neow_bonus":"","is_daily":false,"chose_seed":false,"campfire_upgraded":9,"win_rate":0.0,"timestamp":1613355150,"path_taken":["M","$","M","$","M","E","R","?","T","M","M","M","E","$","R","BOSS","M","?","?","?","M","PTL","PTL","E","R","?","T","E","?","?","M","M","R_BF","BOSS","M","?","?","?","M","E","R","E","T","M","$","?","M","$","R","BOSS","R","??","M","M","T","?","R","M","M","?","R","E","T","?","R","E","R","BOSS"],"items_purchased_type":["Card","Relic","Card","Potion","Card","Card","Relic","Relic","Potion","Relic","Relic","Relic","Relic","Relic","Relic","Potion","Relic","Relic","Relic","Card","Card","Relic","Relic","Relic","Card","Potion","Relic","Relic","Relic","Card","Card"],"build_version":"2020-12-22","purchased_purges":6,"victory":true,"max_hp_per_floor":[66,66,66,66,66,66,66,66,66,66,66,66,66,66,66,66,66,66,66,66,66,67,67,67,67,67,67,67,67,67,67,67,67,67,67,67,67,67,67,67,67,67,67,67,67,67,67,67,67,67,67,67,67,67,98,98,98,98,98,98,98,98,98,98,99,99,99,99,99,99,99],"card_choices":[{"not_picked":["animator:GazelDwargon","animator:Cocytus"],"picked":"animator:CowGirl","floor":1},{"not_picked":["animator:Tatsumaki","animator:Arpeggio","animator:Shion"],"picked":"SKIP","floor":3},{"not_picked":["animator:Aqua","animator:Chris"],"picked":"animator:Megumin","floor":5},{"not_picked":["animator:Souei","animator:Spearman","animator:FielNirvalen"],"picked":"SKIP","floor":10},{"not_picked":["animator:Priestess","animator:TukaLunaMarceau"],"picked":"animator:GazelDwargon","floor":11},{"not_picked":["animator:Cocytus","animator:DolaStephanie","animator:Kazuma"],"picked":"SKIP","floor":12},{"not_picked":["animator:Aqua","animator:Kazuma"],"picked":"animator:Hans","floor":13},{"not_picked":["animator:Wiz","animator:Boros"],"picked":"animator:Ainz","floor":16},{"not_picked":["animator:FielNirvalen","animator:Kazuma"],"picked":"animator:MumenRider","floor":18},{"not_picked":["infinitespire:TheBestDefense","hubris:Rewind"],"picked":"infinitespire:Collect","floor":19},{"not_picked":["animator:DolaRiku","animator:Entoma"],"picked":"animator:Darkness","floor":22},{"not_picked":["animator:TukaLunaMarceau","animator:Priestess+1"],"picked":"animator:Saitama","floor":25},{"not_picked":["animator:Shuna","animator:ChlammyZell"],"picked":"animator:MumenRider+1","floor":30},{"not_picked":["animator:Souei","animator:Witch"],"picked":"animator:Mitsurugi+1","floor":32},{"not_picked":["animator:Entoma+1","animator:Vanir"],"picked":"animator:Megumin","floor":33},{"not_picked":["animator:ItamiYouji","animator:Wiz"],"picked":"animator:GoblinSlayer","floor":35},{"not_picked":["animator:SilverFang","animator:Genos"],"picked":"animator:MetalKnight","floor":37},{"not_picked":["animator:Viivi+1","animator:Kazuma+1"],"picked":"animator:Shuna+1","floor":39},{"not_picked":["animator:SilverFang+1","animator:AcuraAkari+1"],"picked":"animator:DolaRiku+1","floor":41},{"not_picked":["animator:CowGirl","animator:Kazuma+1"],"picked":"animator:Sebas+1","floor":42},{"not_picked":["animator:Spearman","animator:Priestess"],"picked":"animator:Witch","floor":44},{"not_picked":["animator:MetalKnight","animator:Arpeggio"],"picked":"animator:Megumin","floor":46},{"not_picked":["ThirdEye","Saiyan:RemoveWeights+1"],"picked":"animator:DwarfShaman","floor":49},{"not_picked":["animator:Evileye","animator:Mitsurugi+1"],"picked":"animator:MumenRider","floor":56},{"not_picked":["animator:Bozes","animator:TukaLunaMarceau","animator:Priestess"],"picked":"SKIP","floor":57},{"not_picked":["animator:DolaCouronne","animator:AcuraShin"],"picked":"animator:YaoHaDucy","floor":61},{"not_picked":["animator:Hakurou+1","animator:YaoHaDucy"],"picked":"animator:GuildGirl+1","floor":62},{"not_picked":["animator:DolaSchwi","animator:Arpeggio+1"],"picked":"animator:Chris","floor":65},{"not_picked":["animator:Tyuule+1","animator:LeleiLaLalena+1"],"picked":"animator:GoblinSlayer","floor":69}],"player_experience":36670,"relics_obtained":[{"floor":6,"key":"InkBottle"},{"floor":9,"key":"conspire:BottledYoYo"},{"floor":13,"key":"conspire:TopHat"},{"floor":25,"key":"conspire:DecoderRing"},{"floor":29,"key":"Bottled Flame"},{"floor":42,"key":"Toy Ornithopter"},{"floor":44,"key":"Sundial"},{"floor":45,"key":"infinitespire:CheckeredPen"},{"floor":55,"key":"animator:TheEgnaroPiece"},{"floor":55,"key":"animator:AncientMedallion"},{"floor":58,"key":"animator:AncientMedallion"},{"floor":59,"key":"animator:AncientMedallion"},{"floor":59,"key":"animator:AncientMedallion"},{"floor":59,"key":"animator:AncientMedallion"},{"floor":59,"key":"animator:AncientMedallion"},{"floor":65,"key":"animator:AncientMedallion"},{"floor":66,"key":"animator:AncientMedallion"},{"floor":69,"key":"animator:AncientMedallion"}],"event_choices":[{"damage_healed":0,"gold_gain":0,"player_choice":"Grow","damage_taken":0,"max_hp_gain":0,"max_hp_loss":0,"event_name":"Living Wall","floor":8,"gold_loss":0,"cards_upgraded":["animator:Boros"]},{"damage_healed":0,"gold_gain":0,"player_choice":"3 cards matched","damage_taken":0,"max_hp_gain":0,"max_hp_loss":0,"event_name":"Match and Keep!","floor":27,"gold_loss":0,"cards_obtained":["animator:Strike","animator:Viivi","animator:Vesta"]},{"damage_healed":0,"gold_gain":0,"player_choice":"3 cards matched","damage_taken":0,"max_hp_gain":0,"max_hp_loss":0,"event_name":"Match and Keep!","floor":27,"gold_loss":0,"cards_obtained":["animator:Strike","animator:Viivi","animator:Vesta"]},{"cards_removed":["animator:Viivi"],"damage_healed":0,"gold_gain":0,"player_choice":"Elegance","damage_taken":0,"max_hp_gain":0,"max_hp_loss":0,"event_name":"Back to Basics","floor":31,"gold_loss":0},{"cards_removed":["animator:Strike"],"damage_healed":0,"gold_gain":0,"player_choice":"Upgrade and Remove","damage_taken":0,"max_hp_gain":0,"max_hp_loss":0,"event_name":"Designer","floor":38,"gold_loss":90,"cards_upgraded":["animator:Defend_Konosuba"]},{"damage_healed":0,"gold_gain":0,"player_choice":"Ignored","damage_taken":0,"max_hp_gain":0,"max_hp_loss":0,"event_name":"Tomb of Lord Red Mask","floor":40,"gold_loss":0},{"damage_healed":0,"gold_gain":0,"player_choice":"Invest 4","damage_taken":0,"max_hp_gain":0,"max_hp_loss":0,"event_name":"conspire:Investor","floor":67,"gold_loss":0}],"is_beta":false,"boss_relics":[{"not_picked":["Mark of Pain","hubris:TerracottaHorce"],"picked":"animator:VividPicture"},{"not_picked":["Fusion Hammer","Mark of Pain"],"picked":"hubris:BlackHole"}],"items_purged_floors":[2,4,14,21,47,50],"is_endless":false,"potions_floor_spawned":[3,5,11,13,18,25,32,33,41,49,57,61,69],"ascension_level":0}}