{"host":"lx2ngef1mcpp0cnu","time":1613399741,"event":{"mods":["2.2 Compatiblity","Aspiration","Astrologer","BaseMod","Better Note","BetterRewards","Colored Map","Custom Start","Downfall","Googly Eyes","GungeonMod","Highlight Path","Mad Scientist","Marisa????????","Minty Spire (QoL Compilation)","Potionbrewer","READ ME - Guardian Mod","Shop Mod","Somnambulant","StSLib","SuperFastMode","Td1madao Mod","The Bug Knight","The Construct","The Cursed","The Disciple","The Hierophant","The Judge","The Necromancer","The Saiyan","The Servant 0.9.4","[IsaacMod]????","thorton"],"gold_per_floor":[110,128,139,193,193,224,235,245,320,337,302,302,402,429,429,532,532,543,543,553,553,553,553,6,26,105,122,141,151,170,200,200,303,303,323,323,11,55,67,121,196,271,323,323,343,197,237,249,249,249],"floor_reached":51,"language":"ENG","playtime":3427,"items_purged":["Decay"],"score":843,"play_id":"0da705c0-e9bf-4fa8-ad71-99c5d6a7b6d7","local_time":"20210215093541","is_ascension_mode":false,"campfire_choices":[{"data":"DragonMeteor","floor":12.0,"key":"SMITH"},{"data":"StarlightTyphoon","floor":15.0,"key":"SMITH"},{"data":"BlazeAway","floor":23,"key":"SMITH"},{"data":"TreasureHunter","floor":32,"key":"SMITH"},{"data":"MagicChant","floor":44,"key":"SMITH"},{"data":"SuperNova","floor":49,"key":"SMITH"}],"circlet_count":0,"master_deck":["Strike_MRS","Strike_MRS","Strike_MRS","Strike_MRS","Defend_MRS","Defend_MRS","Defend_MRS","Defend_MRS","MasterSpark","UpSweep","BlazeAway+1","MachineGunSpark","MagicChant+1","OpenUniverse","OortCloud","GravityBeat","DarkMatter","OrrerysSun","DragonMeteor+1","BlazingStar","StarlightTyphoon+1","TreasureHunter+1","GasGiant","MeteoricShower+1","GasGiant","WordoMod:Petrified","DoubleSpark","OortCloud+1","MaximisePower","WitchOfGreed+1","Chrysalis","GalacticHalo","PulseMagic","MillisecondPulsars","AsteroidBelt","SporeBomb","downfall:Malfunctioning","downfall:Haunted","BinaryStars","WitchLeyline","DoubleSpark","SuperPerseids","SuperNova+1","DragonMeteor"],"relics":["MiniHakkero","HushsDoor","BookofShadows","DemoMod:PinkGuonStone","thethorton:BrokenCalculator","Thread and Needle","Pocketwatch","Nunchaku","Letter Opener","downfall:ExtraCursedKey","DemoMod:AgedBell","Busted Crown","Nloth\u0027s Gift","Ginger","AmplifyWand","aspiration:AnachronicSnailShell","SacredBark","Lantern","aspiration:PocketMushroom","Prayer Wheel","Bird Faced Urn","Orichalcum","DemoMod:MeltedRock","Bronze Scales"],"acts_visited":["Exordium","TheCity","TheBeyond"],"potions_floor_usage":[27,33,33,39,39,40,42,47,48],"damage_taken":[{"damage":0.0,"enemies":"Cultist","floor":1.0,"turns":3.0},{"damage":0.0,"enemies":"2 Louse","floor":2.0,"turns":2.0},{"damage":0.0,"enemies":"Jaw Worm","floor":3.0,"turns":3.0},{"damage":24.0,"enemies":"Gremlin Nob","floor":6.0,"turns":7.0},{"damage":3.0,"enemies":"Large Slime","floor":7.0,"turns":3.0},{"damage":0.0,"enemies":"Looter","floor":8.0,"turns":3.0},{"damage":2.0,"enemies":"Exordium Wildlife","floor":10.0,"turns":4.0},{"damage":3.0,"enemies":"Lagavulin","floor":14.0,"turns":5.0},{"damage":20.0,"enemies":"The Guardian","floor":16.0,"turns":6.0},{"damage":8,"enemies":"Spheric Guardian","floor":18,"turns":4},{"damage":0,"enemies":"2 Thieves","floor":20,"turns":4},{"damage":0,"enemies":"Sentry and Sphere","floor":25,"turns":3},{"damage":0,"enemies":"Snake Plant","floor":27,"turns":2},{"damage":2,"enemies":"Centurion and Healer","floor":28,"turns":3},{"damage":0,"enemies":"3 Cultists","floor":29,"turns":4},{"damage":2,"enemies":"Cultist and Chosen","floor":30,"turns":5},{"damage":4,"enemies":"Gremlin Leader","floor":31,"turns":7},{"damage":12,"enemies":"Champ","floor":33,"turns":8},{"damage":5,"enemies":"3 Shapes","floor":35,"turns":4},{"damage":1,"enemies":"Orb Walker","floor":38,"turns":4},{"damage":4,"enemies":"4 Shapes","floor":39,"turns":3},{"damage":19,"enemies":"HollowMod:StalkingDevout","floor":40,"turns":18},{"damage":7,"enemies":"Mind Bloom Boss Battle","floor":41,"turns":5},{"damage":0,"enemies":"3 Darklings","floor":42,"turns":9},{"damage":3,"enemies":"Spire Growth","floor":45,"turns":5},{"damage":0,"enemies":"Reptomancer","floor":47,"turns":4},{"damage":5,"enemies":"Jaw Worm Horde","floor":48,"turns":2},{"damage":3,"enemies":"Time Eater","floor":50,"turns":6}],"seed_played":"8899428685529152236","potions_obtained":[{"floor":6.0,"key":"FearPotion"},{"floor":7.0,"key":"Energy Potion"},{"floor":10.0,"key":"BottledSpark"},{"floor":16.0,"key":"potionbrewer:InfectionPotion"},{"floor":27,"key":"champ:CounterPotion"},{"floor":38,"key":"potionbrewer:SplittingPotion"},{"floor":38,"key":"potionbrewer:SplittingPotion"},{"floor":39,"key":"Strength Potion"},{"floor":40,"key":"SteroidPotion"},{"floor":42,"key":"BlessingOfTheForge"},{"floor":45,"key":"ColorlessPotion"}],"is_trial":false,"path_per_floor":["M","M","M","?","?","E","M","M","T","M","?","R","?","E","R","B",null,"M","?","M","?","?","R","$","M","T","M","M","M","M","E","R","B",null,"M","?","$","M","M","E","?","M","T","R","M","$","E","M","R","B",null],"character_chosen":"MARISA","items_purchased":["DemoMod:PinkGuonStone","thethorton:BrokenCalculator","BlazeAway","sneckomod:MuddlingPotion","MachineGunSpark","Ginger","AmplifyWand","Lantern","Chrysalis","WitchLeyline","DoubleSpark"],"campfire_rested":0,"item_purchase_floors":[0,0,0,0,0,24,24,37,37,46,46],"current_hp_per_floor":[82,82,82,67,67,43,40,40,40,38,58,58,58,55,55,35,82,74,74,74,74,74,74,74,74,74,74,72,72,70,66,66,54,82,77,77,77,79,75,56,49,61,61,61,66,66,68,63,63,70],"gold":249,"neow_bonus":"","is_daily":false,"chose_seed":false,"campfire_upgraded":6,"win_rate":0.0,"timestamp":1613399741,"path_taken":["M","M","M","?","?","E","M","M","T","?","?","R","?","E","R","BOSS","M","?","M","?","?","R","$","M","T","?","M","M","M","E","R","BOSS","M","?","$","M","M","E","?","M","T","R","M","$","E","M","R","BOSS"],"items_purchased_type":["Relic","Relic","Card","Potion","Card","Relic","Relic","Relic","Card","Card","Card"],"build_version":"2020-12-22","purchased_purges":1,"victory":true,"max_hp_per_floor":[82,82,82,82,82,82,82,82,82,82,82,82,82,82,82,82,82,82,82,82,82,82,82,82,82,82,82,82,82,82,82,82,82,82,82,82,82,82,82,82,82,82,82,82,82,82,82,82,82,82],"card_choices":[{"not_picked":["MilkyWay","ChargeUpSpray"],"picked":"MagicChant","floor":1.0},{"not_picked":["SuperPerseids","WitchOfGreed"],"picked":"OpenUniverse","floor":2.0},{"not_picked":["MysteriousBeam","Bomb"],"picked":"OortCloud","floor":3.0},{"not_picked":["DarkSpark","FairyDestructionRay"],"picked":"GravityBeat","floor":6.0},{"not_picked":["MilkyWay","WitchOfGreed"],"picked":"DarkMatter","floor":7.0},{"not_picked":["6A","LuminesStrike"],"picked":"OrrerysSun","floor":8.0},{"not_picked":["WitchOfGreed","LuminesStrike"],"picked":"DragonMeteor","floor":10.0},{"not_picked":["StarBarrage","LuminesStrike"],"picked":"StarlightTyphoon","floor":14.0},{"not_picked":["ManaRampage","FinalSpark"],"picked":"TreasureHunter","floor":16.0},{"not_picked":[],"picked":"GasGiant","floor":18},{"not_picked":[],"picked":"MeteoricShower+1","floor":20},{"not_picked":[],"picked":"GasGiant","floor":25},{"not_picked":["MilkyWay"],"picked":"SKIP","floor":27},{"not_picked":[],"picked":"DoubleSpark","floor":28},{"not_picked":["BigCrunch"],"picked":"SKIP","floor":29},{"not_picked":["MilkyWay"],"picked":"SKIP","floor":30},{"not_picked":[],"picked":"OortCloud+1","floor":31},{"not_picked":[],"picked":"MaximisePower","floor":33},{"not_picked":[],"picked":"WitchOfGreed+1","floor":35},{"not_picked":[],"picked":"GalacticHalo","floor":38},{"not_picked":[],"picked":"PulseMagic","floor":39},{"not_picked":[],"picked":"MillisecondPulsars","floor":40},{"not_picked":[],"picked":"AsteroidBelt","floor":41},{"not_picked":[],"picked":"SporeBomb","floor":42},{"not_picked":["WitchOfGreed+1"],"picked":"SKIP","floor":42},{"not_picked":[],"picked":"BinaryStars","floor":45},{"not_picked":["OneTimeOff"],"picked":"SKIP","floor":45},{"not_picked":[],"picked":"SuperPerseids","floor":47},{"not_picked":[],"picked":"SuperNova","floor":48},{"not_picked":[],"picked":"DragonMeteor","floor":48}],"player_experience":591380,"relics_obtained":[{"floor":6.0,"key":"Nunchaku"},{"floor":9.0,"key":"Letter Opener"},{"floor":14.0,"key":"DemoMod:AgedBell"},{"floor":31,"key":"aspiration:AnachronicSnailShell"},{"floor":40,"key":"aspiration:PocketMushroom"},{"floor":40,"key":"Prayer Wheel"},{"floor":41,"key":"Bird Faced Urn"},{"floor":43,"key":"Orichalcum"},{"floor":47,"key":"DemoMod:MeltedRock"},{"floor":47,"key":"Bronze Scales"}],"event_choices":[{"damage_healed":0.0,"max_hp_gain":0.0,"max_hp_loss":0.0,"gold_gain":0.0,"event_name":"Big Fish","player_choice":"Box","floor":5.0,"gold_loss":0.0,"damage_taken":0.0,"relics_obtained":["DemoMod:WeirdEgg"],"cards_obtained":["Regret"]},{"damage_healed":20.0,"max_hp_gain":0.0,"max_hp_loss":0.0,"gold_gain":0.0,"event_name":"The Cleric","player_choice":"Healed","floor":11.0,"gold_loss":35.0,"damage_taken":0.0},{"cards_removed":["Shame","Normality","Regret"],"damage_healed":0,"gold_gain":0,"player_choice":"Removed Curses","damage_taken":0,"max_hp_gain":0,"max_hp_loss":0,"event_name":"Fountain of Cleansing","floor":19,"gold_loss":0},{"damage_healed":0,"gold_gain":0,"player_choice":"Bought 0 Potions","damage_taken":0,"max_hp_gain":0,"max_hp_loss":0,"event_name":"The Woman in Blue","floor":21,"gold_loss":0},{"damage_healed":0,"gold_gain":0,"player_choice":"Traded Relic","damage_taken":0,"relics_obtained":["Nloth\u0027s Gift"],"max_hp_gain":0,"max_hp_loss":0,"event_name":"N\u0027loth","floor":22,"relics_lost":["HushsDoor"],"gold_loss":0},{"damage_healed":0,"gold_gain":0,"player_choice":"Ignored","damage_taken":0,"max_hp_gain":0,"max_hp_loss":0,"event_name":"Tomb of Lord Red Mask","floor":36,"gold_loss":0},{"damage_healed":0,"gold_gain":0,"player_choice":"Fight","damage_taken":0,"max_hp_gain":0,"max_hp_loss":0,"event_name":"MindBloom","floor":41,"gold_loss":0}],"is_beta":false,"boss_relics":[{"not_picked":["Tiny House","aspiration:RitualDagger"],"picked":"Busted Crown"},{"not_picked":[]},{"not_picked":["Snecko Eye","aspiration:WatcherSkillbook"],"picked":"SacredBark"},{"not_picked":[]}],"items_purged_floors":[46],"is_endless":false,"potions_floor_spawned":[6,7,10,16,18,25,27,31,38,39,45],"ascension_level":0}}