{"host":"i1fqlpve17okw40o","time":1613352123,"event":{"mods":["A Magickal Journey","Act Like it!","Aspiration","BaseMod","BetterRewards","CapriCore","Colored Map","Colored Powertips","Downfall","Elementarium","Energized Spire","Glutton Mod","Halation","Hallownest","Hermit","Highlight Path","Hubris","Koishi","Marisa????????","Mimic Mod","Minty Spire (QoL Compilation)","Quick Restart","Random Character Button","Relic Sorter","Reliquary","Replay The Spire","Retaliation","Reworked Bosses","StSLib","SuperFastMode","Td1madao Mod","The Bug Knight","The Construct","The Disciple","The Forsaken","The Immortal","The Runesmith","The Senshi","The Servant 0.9.4"],"gold_per_floor":[109,120,120,181,211,239,239,239,266,266,283,311,322,335,335,335,335],"floor_reached":16,"language":"ENG","playtime":975,"items_purged":[],"score":110,"play_id":"75008f39-8aa2-45d0-b468-765091a4c717","local_time":"20210214192203","is_ascension_mode":false,"campfire_choices":[{"floor":7,"key":"REST"},{"data":"HollowMod:LifebloodCocoon","floor":15,"key":"SMITH"}],"circlet_count":0,"master_deck":["HollowMod:NailStrikeStart","HollowMod:NailStrikeStart","HollowMod:NailStrikeStart","HollowMod:NailStrikeStart","HollowMod:QuickDashStart","HollowMod:QuickDashStart","HollowMod:QuickDashStart","HollowMod:QuickDashStart","HollowMod:FocusHealStart","HollowMod:PogoStrike","HollowMod:LifebloodCocoon+1","HollowMod:BaldurShell","Hallownest:curseDreamersLament","HollowMod:WraithStrike","HollowMod:HerrahsAnger","HollowMod:BaldurShell","HollowMod:GreatSlash","HollowMod:HornetsHelp"],"relics":["HollowMod:VesselMask","HollowMod:MillibellesNoteRelic","Hallownest:TeacherSealRelic","halation:AfternoonTea"],"acts_visited":["Hallownest:Greenpath"],"potions_floor_usage":[5,5,16],"damage_taken":[{"damage":0,"enemies":"Hallownest:2_Baldur","floor":1,"turns":4},{"damage":1,"enemies":"Hallownest:monsterHuskGuard","floor":2,"turns":5},{"damage":2,"enemies":"2_ Uuma","floor":5,"turns":10},{"damage":67,"enemies":"Hallownest:eliteMossKnight","floor":6,"turns":19},{"damage":13,"enemies":"2_ Uuma","floor":11,"turns":6},{"damage":33,"enemies":"Hallownest:eliteCrystalGuardian","floor":12,"turns":8},{"damage":10,"enemies":"Hallownest:1_Baldur_1_Crawlid_1_Warrior","floor":13,"turns":5},{"damage":10,"enemies":"Hallownest:monsterFoolEater","floor":14,"turns":7},{"damage":37,"enemies":"Hallownest:BossHornet","floor":16,"turns":3}],"seed_played":"-7473508331133972671","potions_obtained":[{"floor":1,"key":"Strength Potion"},{"floor":2,"key":"Strength Potion"},{"floor":11,"key":"Ancient Potion"},{"floor":14,"key":"Energy Potion"}],"is_trial":false,"path_per_floor":["M","M","?","?","MIM","E","R","$","T","?","M","E","M","M","R","B"],"character_chosen":"THE_BUGKNIGHT","items_purchased":[],"campfire_rested":1,"item_purchase_floors":[],"current_hp_per_floor":[82,81,81,81,81,26,50,50,50,58,60,37,37,33,33,0,0],"gold":335,"neow_bonus":"TEN_PERCENT_HP_BONUS","is_daily":false,"chose_seed":false,"campfire_upgraded":1,"win_rate":0.0,"timestamp":1613352123,"path_taken":["M","M","?","?","?","E","R","?","T","?","M","E","M","M","R","BOSS"],"items_purchased_type":[],"build_version":"2020-12-22","purchased_purges":0,"victory":false,"max_hp_per_floor":[82,82,82,82,82,82,82,82,82,82,82,82,82,82,82,82,82],"card_choices":[{"not_picked":["HollowMod:PureNailStrike","HollowMod:SharpenedShadows"],"picked":"HollowMod:LifebloodCocoon","floor":1},{"not_picked":["HollowMod:SharpenedShadows","HollowMod:DashSlash"],"picked":"HollowMod:BaldurShell","floor":2},{"not_picked":["HollowMod:CloakDash","HollowMod:Grubsong"],"picked":"HollowMod:WraithStrike","floor":5},{"not_picked":["HollowMod:VengefulVoid","HollowMod:DescendingDark"],"picked":"HollowMod:HerrahsAnger","floor":6},{"not_picked":["HollowMod:BlackTendrils","HollowMod:LifebloodCocoon"],"picked":"HollowMod:BaldurShell","floor":11},{"not_picked":["HollowMod:MonarchWings","HollowMod:CycloneSlash"],"picked":"HollowMod:GreatSlash","floor":12},{"not_picked":["HollowMod:VengefulVoid","HollowMod:MawleksShell"],"picked":"HollowMod:HornetsHelp","floor":13},{"not_picked":["HollowMod:AbyssShriek","HollowMod:ChannelNail","HollowMod:LifebloodCocoon"],"picked":"SKIP","floor":14}],"player_experience":448845,"relics_obtained":[{"floor":6,"key":"halation:AfternoonTea"},{"floor":9,"key":"HollowMod:MillibellesNoteRelic"}],"event_choices":[],"is_beta":false,"boss_relics":[],"items_purged_floors":[],"is_endless":false,"potions_floor_spawned":[1,2,11,14],"killed_by":"Hallownest:BossHornet","ascension_level":0}}