{"host":"kvo7eymyd21g9abd","time":1613425126,"event":{"mods":["AchievementEnabler","BaseMod","Bestiary","Colored Map","Minty Spire (QoL Compilation)","StSLib"],"gold_per_floor":[12,22,40,40,60,43,43,43],"floor_reached":7,"language":"ENG","playtime":257,"items_purged":[],"score":61,"play_id":"26223572-20d3-4b52-98a8-41598bf605ec","local_time":"20210215163846","is_ascension_mode":true,"campfire_choices":[],"circlet_count":0,"master_deck":["Strike_R","Strike_R","Strike_R","Strike_R","Strike_R","Defend_R","Defend_R","Defend_R","Defend_R","Bash","Barricade","Sword Boomerang","Rampage","Armaments","Pommel Strike"],"relics":["Burning Blood"],"acts_visited":["Exordium"],"potions_floor_usage":[7],"damage_taken":[{"damage":10,"enemies":"2 Louse","floor":1,"turns":2},{"damage":29,"enemies":"Jaw Worm","floor":2,"turns":6},{"damage":20,"enemies":"Cultist","floor":3,"turns":5},{"damage":29,"enemies":"Exordium Wildlife","floor":5,"turns":4},{"damage":12,"enemies":"Exordium Thugs","floor":6,"turns":4},{"damage":20,"enemies":"Gremlin Nob","floor":7,"turns":3}],"seed_played":"-5360546548564761577","potions_obtained":[{"floor":5,"key":"FearPotion"},{"floor":6,"key":"FearPotion"}],"is_trial":false,"path_per_floor":["M","M","M","?","M","M","E"],"character_chosen":"IRONCLAD","items_purchased":[],"campfire_rested":0,"item_purchase_floors":[],"current_hp_per_floor":[68,45,31,36,13,7,0,0],"gold":43,"neow_bonus":"THREE_RARE_CARDS","is_daily":false,"chose_seed":false,"campfire_upgraded":0,"win_rate":0.0,"timestamp":1613425126,"path_taken":["M","M","M","?","M","M","E"],"items_purchased_type":[],"build_version":"2020-12-22","purchased_purges":0,"victory":false,"max_hp_per_floor":[80,80,80,85,85,85,85,85],"card_choices":[{"not_picked":["Bludgeon","Brutality"],"picked":"Barricade","floor":0},{"not_picked":["Perfected Strike","Thunderclap","Reckless Charge"],"picked":"SKIP","floor":1},{"not_picked":["Clash","Hemokinesis"],"picked":"Sword Boomerang","floor":2},{"not_picked":["Second Wind","Searing Blow"],"picked":"Rampage","floor":3},{"not_picked":["Reckless Charge","Second Wind"],"picked":"Armaments","floor":5},{"not_picked":["Perfected Strike","Ghostly Armor"],"picked":"Pommel Strike","floor":6}],"player_experience":460978,"relics_obtained":[],"event_choices":[{"damage_healed":0,"gold_gain":0,"player_choice":"Donut","damage_taken":0,"max_hp_gain":5,"max_hp_loss":0,"event_name":"Big Fish","floor":4,"gold_loss":0}],"is_beta":false,"boss_relics":[],"items_purged_floors":[],"is_endless":false,"potions_floor_spawned":[5,6],"killed_by":"Gremlin Nob","ascension_level":7}}