{"host":"5y2vm16xfq9gfmb2","time":1613354683,"event":{"mods":["AchievementEnabler","BaseMod","Better Third Choice","Colored Map","Colored Powertips","DeckTracker","Friendly Minions","Marisa????????","Minty Spire (QoL Compilation)","Rare Cards Sparkle","Relic Stats","StSLib","The Alterego","The Animator","The Marked","The Servant 0.9.4","Yohane!"],"gold_per_floor":[116,136,171,18,67,67,110,144,144,144,164,164,164],"floor_reached":12,"language":"ENG","playtime":569,"items_purged":[],"score":80,"play_id":"ee6fc67d-10c4-4ca6-a18f-e2cea5e91484","local_time":"20210214210443","is_ascension_mode":false,"campfire_choices":[{"floor":6,"key":"RECALL"},{"data":"Seeing Red","floor":10,"key":"SMITH"}],"circlet_count":0,"master_deck":["Strike_MRS","Strike_MRS","Strike_MRS","Strike_MRS","Defend_MRS","Defend_MRS","Defend_MRS","Defend_MRS","MasterSpark","UpSweep","FairyDestructionRay","UnstableBomb","WitchOfGreed","SprinkleStarSeal","animator:SuzuneAmano","Seeing Red+1","Judgement"],"relics":["MiniHakkero","PrismaticShard","MealTicket","Meat on the Bone"],"acts_visited":["Exordium"],"potions_floor_usage":[11,11,11],"damage_taken":[{"damage":1,"enemies":"Cultist","floor":1,"turns":3},{"damage":3,"enemies":"Jaw Worm","floor":2,"turns":3},{"damage":1,"enemies":"2 Louse","floor":3,"turns":3},{"damage":20,"enemies":"Lagavulin","floor":7,"turns":6},{"damage":11,"enemies":"Exordium Wildlife","floor":8,"turns":4},{"damage":10,"enemies":"Exordium Thugs","floor":11,"turns":2},{"damage":43,"enemies":"3 Sentries","floor":12,"turns":5}],"seed_played":"7773216839963250872","potions_obtained":[{"floor":3,"key":"SpeedPotion"},{"floor":3,"key":"Fire Potion"},{"floor":7,"key":"BottledSpark"},{"floor":7,"key":"Explosive Potion"}],"is_trial":false,"path_per_floor":["M","M","M","$","T","R","E","M","T","R","M","E"],"character_chosen":"MARISA","items_purchased":["PrismaticShard"],"campfire_rested":0,"item_purchase_floors":[4],"current_hp_per_floor":[74,71,70,70,70,70,50,39,39,39,41,0,0],"gold":164,"neow_bonus":"THREE_CARDS","is_daily":false,"chose_seed":false,"campfire_upgraded":1,"win_rate":0.0,"timestamp":1613354683,"path_taken":["M","M","M","$","?","R","E","M","T","R","M","E"],"items_purchased_type":["Relic"],"build_version":"2020-12-22","purchased_purges":0,"victory":false,"max_hp_per_floor":[75,75,75,75,75,75,75,75,75,75,75,75,75],"relic_stats":{"counters":[7,26],"MealTicket":0,"obtain_stats":[{"MealTicket":7,"MiniHakkero":0,"PrismaticShard":4,"Meat on the Bone":9},{"MealTicket":4,"MiniHakkero":0,"PrismaticShard":3,"Meat on the Bone":5},{"MealTicket":15,"MiniHakkero":0,"PrismaticShard":9,"Meat on the Bone":19}],"Meat on the Bone":12},"card_choices":[{"not_picked":["MysteriousBeam","ShootingEcho"],"picked":"FairyDestructionRay","floor":0},{"not_picked":["StarlightTyphoon","MachineGunSpark"],"picked":"UnstableBomb","floor":1},{"not_picked":["ShootingEcho","MilkyWay"],"picked":"WitchOfGreed","floor":2},{"not_picked":["EventHorizon","GravityBeat"],"picked":"SprinkleStarSeal","floor":3},{"not_picked":["alterego_mod:Cycle","theMarked:WardOff"],"picked":"animator:SuzuneAmano","floor":7},{"not_picked":["theMarked:Frustration","animator:Yoichi"],"picked":"Seeing Red","floor":8},{"not_picked":["Anger","Yohane:Lailapse"],"picked":"Judgement","floor":11}],"player_experience":110347,"relics_obtained":[{"floor":7,"key":"MealTicket"},{"floor":9,"key":"Meat on the Bone"}],"event_choices":[],"is_beta":false,"boss_relics":[],"items_purged_floors":[],"is_endless":false,"potions_floor_spawned":[3,7,8],"killed_by":"3 Sentries","ascension_level":0}}