{"host":"or8fr2mp0k3eluj8","time":1613360037,"event":{"mods":["AchievementEnabler","BaseMod","Colored Map","DeckTracker","Minty Spire (QoL Compilation)","SuperFastMode"],"gold_per_floor":[118,138,313,313,313,343,353,18,42,42,76,76,96,106,106,210,210,221,240,253,72,72,72,106,122,122,142,142,142,175,191,191,191,191],"floor_reached":33,"language":"KOR","playtime":1565,"items_purged":["Defend_P","Strike_P"],"score":347,"play_id":"cb0965ef-eab5-4de0-bc9f-62d85f2c5d4a","local_time":"20210215123357","is_ascension_mode":false,"campfire_choices":[{"data":"Eruption","floor":10,"key":"SMITH"},{"floor":15,"key":"REST"},{"data":"Adaptation","floor":23,"key":"SMITH"},{"floor":29,"key":"RECALL"},{"data":"Vault","floor":32,"key":"SMITH"}],"circlet_count":0,"master_deck":["Strike_P","Strike_P","Strike_P+1","Defend_P","Defend_P","Defend_P","Eruption+1","Vigilance+1","FollowUp","ClearTheMind","Halt","TalkToTheHand","Adaptation+1","FlurryOfBlows+1","Vault+1","CurseOfTheBell","Crescendo+1","WheelKick+1","CrushJoints+1","Writhe","InnerPeace"],"relics":["PureWater","NeowsBlessing","Orichalcum","Kunai","PreservedInsect","Molten Egg 2","Bag of Preparation","Turnip","Eternal Feather","Toy Ornithopter","Nloth\u0027s Gift","Mercury Hourglass","Matryoshka","Pen Nib"],"acts_visited":["Exordium","TheCity"],"potions_floor_usage":[13,30,33,33,33],"damage_taken":[{"damage":0,"enemies":"Cultist","floor":1,"turns":1},{"damage":0,"enemies":"Jaw Worm","floor":2,"turns":1},{"damage":0,"enemies":"3 Sentries","floor":6,"turns":2},{"damage":0,"enemies":"Small Slimes","floor":7,"turns":4},{"damage":0,"enemies":"Gremlin Nob","floor":11,"turns":3},{"damage":13,"enemies":"Exordium Wildlife","floor":13,"turns":4},{"damage":3,"enemies":"Gremlin Gang","floor":14,"turns":3},{"damage":16,"enemies":"Hexaghost","floor":16,"turns":9},{"damage":4,"enemies":"3 Byrds","floor":18,"turns":6},{"damage":4,"enemies":"Spheric Guardian","floor":19,"turns":4},{"damage":19,"enemies":"Snecko","floor":20,"turns":5},{"damage":2,"enemies":"Book of Stabbing","floor":24,"turns":2},{"damage":14,"enemies":"Chosen and Byrds","floor":25,"turns":3},{"damage":9,"enemies":"Snake Plant","floor":27,"turns":3},{"damage":11,"enemies":"Gremlin Leader","floor":30,"turns":5},{"damage":0,"enemies":"Snecko","floor":31,"turns":4},{"damage":63,"enemies":"Collector","floor":33,"turns":6}],"seed_played":"3255876042795768778","potions_obtained":[{"floor":1,"key":"Energy Potion"},{"floor":7,"key":"Ancient Potion"},{"floor":20,"key":"StancePotion"},{"floor":24,"key":"FearPotion"},{"floor":31,"key":"SteroidPotion"}],"is_trial":false,"path_per_floor":["M","M","?","?","?","E","M","$","T","R","E","?","M","M","R","B",null,"M","M","M","$","?","R","E","M","T","M","?","R","E","M","R","B"],"character_chosen":"WATCHER","items_purchased":["Kunai","WheelKick+1"],"campfire_rested":1,"item_purchase_floors":[8,21],"current_hp_per_floor":[72,72,72,58,51,51,51,51,51,51,51,44,31,28,49,33,72,68,64,45,45,45,54,52,38,38,29,29,41,35,35,47,0,0],"gold":191,"neow_bonus":"THREE_ENEMY_KILL","is_daily":false,"chose_seed":false,"campfire_upgraded":3,"win_rate":0.0,"timestamp":1613360037,"path_taken":["M","M","?","?","?","E","M","$","T","R","E","?","?","M","R","BOSS","M","M","?","$","?","R","E","M","T","?","?","R","E","M","R","BOSS"],"items_purchased_type":["Relic","Card"],"build_version":"2020-12-22","purchased_purges":2,"victory":false,"max_hp_per_floor":[72,72,72,72,72,72,72,72,72,72,72,72,72,72,72,72,72,72,72,72,72,72,72,72,72,72,72,72,72,72,72,72,72,72],"card_choices":[{"not_picked":["Crescendo","BowlingBash"],"picked":"FollowUp","floor":1},{"not_picked":["CutThroughFate","FlyingSleeves"],"picked":"ClearTheMind","floor":2},{"not_picked":["SashWhip","ClearTheMind"],"picked":"Halt","floor":6},{"not_picked":["Tantrum","EmptyFist"],"picked":"TalkToTheHand","floor":7},{"not_picked":["FlyingSleeves+1","Indignation"],"picked":"Adaptation","floor":11},{"not_picked":["LikeWater","Swivel","Prostrate"],"picked":"SKIP","floor":13},{"not_picked":["SashWhip+1","Meditate"],"picked":"FlurryOfBlows+1","floor":14},{"not_picked":["Omniscience","MasterReality"],"picked":"Vault","floor":16},{"not_picked":["Wallop+1","Adaptation","PathToVictory"],"picked":"SKIP","floor":18},{"not_picked":["BattleHymn","Evaluate"],"picked":"Crescendo+1","floor":19},{"not_picked":["Protect+1","Evaluate+1","Consecrate+1"],"picked":"SKIP","floor":20},{"not_picked":["Adaptation+1","WreathOfFlame"],"picked":"CrushJoints+1","floor":24},{"not_picked":["WaveOfTheHand","Halt","CrushJoints+1"],"picked":"SKIP","floor":25},{"not_picked":["Meditate","LikeWater+1","Worship+1"],"picked":"SKIP","floor":27},{"not_picked":["Conclude+1","Omniscience","ClearTheMind"],"picked":"SKIP","floor":30},{"not_picked":["EmptyBody+1","BowlingBash+1"],"picked":"InnerPeace","floor":31}],"player_experience":308736,"relics_obtained":[{"floor":6,"key":"Orichalcum"},{"floor":9,"key":"PreservedInsect"},{"floor":11,"key":"Molten Egg 2"},{"floor":17,"key":"Turnip"},{"floor":17,"key":"Eternal Feather"},{"floor":17,"key":"Toy Ornithopter"},{"floor":24,"key":"Mercury Hourglass"},{"floor":30,"key":"Pen Nib"}],"event_choices":[{"damage_healed":0,"gold_gain":175,"player_choice":"AGREE","damage_taken":0,"max_hp_gain":0,"max_hp_loss":0,"event_name":"Liars Game","floor":3,"gold_loss":0,"cards_obtained":["Doubt"]},{"damage_healed":0,"gold_gain":0,"player_choice":"Entered Light","damage_taken":14,"max_hp_gain":0,"max_hp_loss":0,"event_name":"Shining Light","floor":4,"gold_loss":0,"cards_upgraded":["Vigilance","Strike_P"]},{"cards_removed":["Doubt"],"damage_healed":0,"gold_gain":0,"player_choice":"Card Removal","damage_taken":7,"max_hp_gain":0,"max_hp_loss":0,"event_name":"Golden Wing","floor":5,"gold_loss":0},{"damage_healed":0,"gold_gain":0,"player_choice":"Success","damage_taken":7,"relics_obtained":["Bag of Preparation"],"max_hp_gain":0,"max_hp_loss":0,"event_name":"Scrap Ooze","floor":12,"gold_loss":0},{"damage_healed":0,"gold_gain":0,"player_choice":"Traded Relic","damage_taken":0,"relics_obtained":["Nloth\u0027s Gift"],"max_hp_gain":0,"max_hp_loss":0,"event_name":"N\u0027loth","floor":22,"relics_lost":["Calling Bell"],"gold_loss":0},{"damage_healed":0,"gold_gain":0,"player_choice":"Opened","damage_taken":0,"relics_obtained":["Matryoshka"],"max_hp_gain":0,"max_hp_loss":0,"event_name":"The Mausoleum","floor":28,"gold_loss":0,"cards_obtained":["Writhe"]}],"is_beta":false,"boss_relics":[{"not_picked":["Velvet Choker","Cursed Key"],"picked":"Calling Bell"}],"items_purged_floors":[8,21],"is_endless":false,"potions_floor_spawned":[1,7,20,24,31],"killed_by":"Collector","ascension_level":0}}