{"host":"t9vqxmgmtrdkt9v9","time":1613363431,"event":{"mods":["AchievementEnabler","BaseMod","Colored Map","Minty Spire (QoL Compilation)","Permanent Neow","Relic Stats","StSLib"],"gold_per_floor":[118,118,130,130,130,161,161,161,161],"floor_reached":8,"language":"ENG","playtime":366,"items_purged":[],"score":103,"play_id":"fa997a9f-7ac2-41a8-88e9-1bdd9071ecd9","local_time":"20210215143031","is_ascension_mode":true,"campfire_choices":[{"data":"Uppercut","floor":7,"key":"SMITH"}],"circlet_count":0,"master_deck":["AscendersBane","Strike_R","Strike_R","Strike_R","Strike_R","Strike_R","Defend_R","Defend_R","Defend_R","Defend_R","Bash","Uppercut+1","Iron Wave","Dark Embrace"],"relics":["Burning Blood","Tiny Chest","Anchor","MealTicket","Bag of Marbles"],"acts_visited":["Exordium"],"potions_floor_usage":[6],"damage_taken":[{"damage":4,"enemies":"Small Slimes","floor":1,"turns":4},{"damage":6,"enemies":"Jaw Worm","floor":3,"turns":4},{"damage":39,"enemies":"Gremlin Nob","floor":6,"turns":5},{"damage":44,"enemies":"Lagavulin","floor":8,"turns":6}],"seed_played":"-969571780149234712","potions_obtained":[{"floor":1,"key":"GamblersBrew"},{"floor":3,"key":"Weak Potion"}],"is_trial":false,"path_per_floor":["M","?","M","?","T","E","R","E"],"character_chosen":"IRONCLAD","items_purchased":[],"campfire_rested":0,"item_purchase_floors":[],"current_hp_per_floor":[70,75,75,70,70,37,37,0,0],"gold":161,"neow_bonus":"RANDOM_COMMON_RELIC","is_daily":false,"chose_seed":false,"campfire_upgraded":1,"win_rate":0.0,"timestamp":1613363431,"path_taken":["M","?","M","?","?","E","R","E"],"items_purchased_type":[],"build_version":"2020-12-22","purchased_purges":0,"victory":false,"max_hp_per_floor":[75,80,80,80,80,80,80,80,80],"relic_stats":{"counters":[4,19],"Tiny Chest":0,"MealTicket":0,"obtain_stats":[{"Anchor":4,"Tiny Chest":0,"MealTicket":5,"Bag of Marbles":6,"Burning Blood":0},{"Anchor":2,"Tiny Chest":0,"MealTicket":2,"Bag of Marbles":3,"Burning Blood":0},{"Anchor":8,"Tiny Chest":0,"MealTicket":8,"Bag of Marbles":13,"Burning Blood":0}],"Burning Blood":18},"card_choices":[{"not_picked":["Burning Pact","Sword Boomerang"],"picked":"Uppercut","floor":1},{"not_picked":["Thunderclap","Warcry"],"picked":"Iron Wave","floor":3},{"not_picked":["Headbutt","True Grit"],"picked":"Dark Embrace","floor":6}],"player_experience":403396,"relics_obtained":[{"floor":5,"key":"MealTicket"},{"floor":6,"key":"Bag of Marbles"}],"event_choices":[{"damage_healed":0,"gold_gain":0,"player_choice":"Donut","damage_taken":0,"max_hp_gain":5,"max_hp_loss":0,"event_name":"Big Fish","floor":2,"gold_loss":0},{"damage_healed":0,"gold_gain":0,"player_choice":"Success","damage_taken":5,"relics_obtained":["Anchor"],"max_hp_gain":0,"max_hp_loss":0,"event_name":"Scrap Ooze","floor":4,"gold_loss":0}],"is_beta":false,"boss_relics":[],"items_purged_floors":[],"is_endless":false,"potions_floor_spawned":[1,3],"killed_by":"Lagavulin","ascension_level":18}}