{"host":"jksq986fwerfio60","time":1613409063,"event":{"mods":["BaseMod","Colored Map","Colored Powertips","Downfall","Hermit","Jorbs\u0027s Wanderer Trilogy","Marisa¡]Ãú«B¡@Å]²z¨F¡^","Minty Spire (QoL Compilation)","Replay The Spire","Shop Mod","StSLib","The Construct","UnlockEverythingMod"],"gold_per_floor":[110,128,145,156,173,198,216,73,73,83,83,110,110,110,110,110,110,110,110],"floor_reached":18,"language":"ZHS","playtime":857,"items_purged":["hermit:Deadeye"],"score":114,"play_id":"4da9043d-2e3b-4955-bccc-036c11e94393","local_time":"20210216011103","is_ascension_mode":false,"campfire_choices":[{"floor":11,"key":"REST"},{"floor":17,"key":"REST"}],"circlet_count":0,"master_deck":["hermit:Strike_Hermit","hermit:Strike_Hermit+1","hermit:Strike_Hermit","hermit:Strike_Hermit","hermit:Defend_Hermit","hermit:Defend_Hermit","hermit:Defend_Hermit","hermit:Defend_Hermit","hermit:Snapshot","hermit:Covet","hermit:FullyLoaded","hermit:LuckOfTheDraw+1","hermit:Shortfuse","hermit:Maintenance","hermit:Showdown+1"],"relics":["hermit:Momento","NeowsBlessing","TungstenRod","Odd Mushroom"],"acts_visited":["Exordium"],"potions_floor_usage":[6,7,10,18],"damage_taken":[{"damage":0,"enemies":"Cultist","floor":1,"turns":1},{"damage":0,"enemies":"2 Louse","floor":2,"turns":1},{"damage":0,"enemies":"Jaw Worm","floor":3,"turns":1},{"damage":7,"enemies":"Large Slime","floor":4,"turns":7},{"damage":1,"enemies":"2 Fungi Beasts","floor":5,"turns":4},{"damage":35,"enemies":"3 Sentries","floor":6,"turns":11},{"damage":19,"enemies":"Gremlin Gang","floor":7,"turns":6},{"damage":4,"enemies":"Looter","floor":10,"turns":4},{"damage":14,"enemies":"The Mushroom Lair","floor":12,"turns":4},{"damage":29,"enemies":"Slime Boss","floor":18,"turns":5}],"seed_played":"9042699316998440104","potions_obtained":[{"floor":1,"key":"Block Potion"},{"floor":4,"key":"Block Potion"},{"floor":6,"key":"SkillPotion"},{"floor":10,"key":"Dexterity Potion"}],"is_trial":false,"path_per_floor":["M","M","M","M","M","E","M","$","T","M","R","?","?","PTL","PTL","?","R","B"],"character_chosen":"HERMIT","items_purchased":["hermit:Showdown"],"campfire_rested":2,"item_purchase_floors":[8],"current_hp_per_floor":[75,75,75,68,67,32,13,13,13,9,31,17,3,3,3,3,25,0,0],"gold":110,"neow_bonus":"THREE_ENEMY_KILL","is_daily":false,"chose_seed":false,"campfire_upgraded":0,"win_rate":0.0,"timestamp":1613409063,"path_taken":["M","M","M","M","M","E","?","$","T","M","R","?","?","PTL","PTL","?","R","BOSS"],"items_purchased_type":["Card"],"build_version":"2020-12-22","purchased_purges":1,"victory":false,"max_hp_per_floor":[75,75,75,75,75,75,75,75,75,75,75,75,75,75,75,75,75,75,75],"card_choices":[{"not_picked":["hermit:EyeOfTheStorm","hermit:Misfire","hermit:CalledShot"],"picked":"SKIP","floor":1},{"not_picked":["hermit:HoleUp","hermit:CalledShot"],"picked":"hermit:Deadeye","floor":2},{"not_picked":["hermit:HighCaliber","hermit:Roulette","hermit:Gestalt"],"picked":"SKIP","floor":3},{"not_picked":["hermit:TrackingShot","hermit:Feint"],"picked":"hermit:FullyLoaded","floor":4},{"not_picked":["hermit:Feint","hermit:Glare"],"picked":"hermit:LuckOfTheDraw","floor":5},{"not_picked":["hermit:TakeCover","hermit:Glare"],"picked":"hermit:Shortfuse","floor":6},{"not_picked":["hermit:Cheat","hermit:Roulette"],"picked":"hermit:Maintenance","floor":7},{"not_picked":["hermit:Misfire","hermit:Combo","hermit:Vantage"],"picked":"SKIP","floor":10}],"player_experience":31377,"relics_obtained":[{"floor":6,"key":"TungstenRod"},{"floor":12,"key":"Odd Mushroom"}],"event_choices":[{"damage_healed":0,"gold_gain":0,"player_choice":"Fought Mushrooms","damage_taken":0,"max_hp_gain":0,"max_hp_loss":0,"event_name":"Mushrooms","floor":12,"gold_loss":0},{"damage_healed":0,"gold_gain":0,"player_choice":"Entered Light","damage_taken":15,"max_hp_gain":0,"max_hp_loss":0,"event_name":"Shining Light","floor":13,"gold_loss":0,"cards_upgraded":["hermit:LuckOfTheDraw","hermit:Strike_Hermit"]},{"damage_healed":0,"gold_gain":0,"player_choice":"Grow","damage_taken":0,"max_hp_gain":0,"max_hp_loss":0,"event_name":"Living Wall","floor":16,"gold_loss":0,"cards_upgraded":["hermit:Showdown"]}],"is_beta":false,"boss_relics":[],"items_purged_floors":[8],"is_endless":false,"potions_floor_spawned":[1,4,6,10],"killed_by":"Slime Boss","ascension_level":0}}