{"host":"pi8b3ffzwvxqztac","time":1613367661,"event":{"mods":["BaseMod","Colored Map","Custom Start","Downfall","Minty Spire (QoL Compilation)","StSLib"],"gold_per_floor":[112,82,35,210,228,259,39,39,39,39,74,74,88,108,108,209,209,209,209],"floor_reached":18,"language":"ENG","playtime":691,"items_purged":["Doubt"],"score":227,"play_id":"41b60191-8229-4dbb-a56b-ebab880e93e7","local_time":"20210215184101","is_ascension_mode":true,"campfire_choices":[{"data":"Perfected Strike","floor":8,"key":"SMITH"},{"data":"Bash","floor":10,"key":"SMITH"},{"data":"Wild Strike","floor":12,"key":"SMITH"},{"data":"Defend_R","floor":15,"key":"SMITH"}],"circlet_count":0,"master_deck":["Bash+1","Perfected Strike+1","Pommel Strike","Pommel Strike+1","Wild Strike+1","Pommel Strike","Feel No Pain","Heavy Blade","Feel No Pain","Second Wind","Second Wind","Berserk","Intimidate","Thunderclap","Searing Blow"],"relics":["Burning Blood","Regal Pillow","bronze:BronzeIdol","champ:Barbells","Omamori","Pantograph","Pandora\u0027s Box"],"acts_visited":["Exordium","TheCity"],"potions_floor_usage":[6,16],"damage_taken":[{"damage":4,"enemies":"Small Slimes","floor":1,"turns":4},{"damage":1,"enemies":"Cultist","floor":5,"turns":3},{"damage":25,"enemies":"3 Sentries","floor":6,"turns":9},{"damage":15,"enemies":"Lagavulin","floor":11,"turns":5},{"damage":7,"enemies":"Jaw Worm","floor":13,"turns":2},{"damage":0,"enemies":"2 Fungi Beasts","floor":14,"turns":2},{"damage":61,"enemies":"The Guardian","floor":16,"turns":10},{"damage":24,"enemies":"Shell Parasite","floor":18,"turns":4}],"seed_played":"-386553740140313530","potions_obtained":[{"floor":1,"key":"Fire Potion"},{"floor":2,"key":"LiquidMemories"},{"floor":2,"key":"Slimebound:ThreeZeroPotion"},{"floor":14,"key":"Energy Potion"},{"floor":16,"key":"SteroidPotion"}],"is_trial":false,"path_per_floor":["M","?","$","?","M","E","$","R","T","R","E","R","M","M","R","B",null,"M"],"character_chosen":"IRONCLAD","items_purchased":["Pommel Strike","champ:Barbells"],"campfire_rested":0,"item_purchase_floors":[3,7],"current_hp_per_floor":[74,74,74,74,79,60,60,60,60,60,51,51,50,56,56,25,66,42,42],"gold":209,"neow_bonus":"RANDOM_COMMON_RELIC","is_daily":false,"chose_seed":false,"campfire_upgraded":4,"win_rate":0.0,"timestamp":1613367661,"path_taken":["M","?","?","?","M","E","$","R","T","R","E","R","?","M","R","BOSS","M"],"items_purchased_type":["Card","Relic"],"build_version":"2020-12-22","purchased_purges":1,"victory":false,"max_hp_per_floor":[80,80,80,80,80,80,80,80,80,80,80,80,80,80,80,80,80,80,80],"card_choices":[{"not_picked":["Rupture","Reckless Charge"],"picked":"Perfected Strike","floor":1},{"not_picked":["Flex","Rupture","True Grit"],"picked":"SKIP","floor":5},{"not_picked":["Cleave","Rupture"],"picked":"Pommel Strike","floor":6},{"not_picked":["Cleave","Anger"],"picked":"Wild Strike","floor":11},{"not_picked":["Barricade","Flex"],"picked":"Pommel Strike","floor":13},{"not_picked":["Anger","Sword Boomerang","Carnage"],"picked":"SKIP","floor":14}],"player_experience":799809,"relics_obtained":[{"floor":6,"key":"bronze:BronzeIdol"},{"floor":9,"key":"Omamori"},{"floor":11,"key":"Pantograph"}],"event_choices":[{"damage_healed":0,"gold_gain":0,"player_choice":"Bought 2 Potions","damage_taken":0,"max_hp_gain":0,"max_hp_loss":0,"event_name":"The Woman in Blue","floor":2,"gold_loss":0},{"damage_healed":0,"gold_gain":175,"player_choice":"AGREE","damage_taken":0,"max_hp_gain":0,"max_hp_loss":0,"event_name":"Liars Game","floor":4,"gold_loss":0,"cards_obtained":["Doubt"]}],"is_beta":false,"boss_relics":[{"not_picked":["Runic Dome","expansioncontent:StudyCardRelic"],"picked":"Pandora\u0027s Box"}],"items_purged_floors":[7],"is_endless":false,"potions_floor_spawned":[1,14,16],"killed_by":"Shell Parasite","ascension_level":7}}