{"host":"Hova","time":1613397296,"event":{"mods":["AchievementEnabler","Aspiration","BaseMod","Better Match","Better Note","Colored Map","Colored Powertips","DeckTracker","Downfall","Hubris","Infinite Spire","Minty Spire (QoL Compilation)","Rare Cards Sparkle","Reliquary","Replay The Spire","Shop Mod","StSLib"],"gold_per_floor":[114,114,114,135,156,179,252,252,252],"floor_reached":8,"language":"ENG","playtime":519,"items_purged":[],"score":48,"play_id":"150bbb6f-c61e-4396-a216-1c1377b22049","local_time":"20210215165456","is_ascension_mode":false,"campfire_choices":[],"circlet_count":0,"master_deck":["Strike_R","Strike_R","Strike_R","Strike_R","Strike_R","Defend_R","Defend_R","Defend_R","Defend_R","Bash","Burning Pact","Injury","Anger","Hemokinesis","Hemogenesis"],"relics":["Cracked Core","Golden Idol","infinitespire:Cubic Diamond","Regal Pillow"],"acts_visited":["Exordium"],"potions_floor_usage":[],"damage_taken":[{"damage":11,"enemies":"Jaw Worm","floor":1,"turns":2},{"damage":4,"enemies":"Small Slimes","floor":4,"turns":3},{"damage":10,"enemies":"2 Louse","floor":5,"turns":3},{"damage":5,"enemies":"Looter","floor":6,"turns":3},{"damage":30,"enemies":"Lagavulin Event","floor":7,"turns":5},{"damage":35,"enemies":"3 Sentries","floor":8,"turns":4}],"seed_played":"9037746760751633150","potions_obtained":[{"floor":1,"key":"bronze:BurnAndBuffPotion"},{"floor":7,"key":"Regen Potion"}],"is_trial":false,"path_per_floor":["M","?","?","M","M","M","?","E"],"character_chosen":"IRONCLAD","items_purchased":[],"campfire_rested":0,"item_purchase_floors":[],"current_hp_per_floor":[75,75,75,71,61,56,26,0,0],"gold":252,"neow_bonus":"","is_daily":false,"chose_seed":false,"campfire_upgraded":0,"win_rate":0.0,"timestamp":1613397296,"path_taken":["M","?","?","M","M","M","?","E"],"items_purchased_type":[],"build_version":"2020-11-17","purchased_purges":0,"victory":false,"max_hp_per_floor":[80,80,80,80,80,80,80,80,80],"card_choices":[{"not_picked":["Fire Breathing","Thunderclap"],"picked":"Burning Pact","floor":1},{"not_picked":["Clash","Body Slam","ReplayTheSpireMod:Limb From Limb"],"picked":"SKIP","floor":4},{"not_picked":["Shockwave","hubris:ReadiedAction"],"picked":"Anger","floor":5},{"not_picked":["Headbutt","Thunderclap"],"picked":"Hemokinesis","floor":6},{"not_picked":["ReplayTheSpireMod:LeadingStrike","Replay:Undeath\u0027s Touch"],"picked":"Hemogenesis","floor":7}],"player_experience":0,"relics_obtained":[],"event_choices":[{"damage_healed":0,"gold_gain":0,"player_choice":"Take Wound","damage_taken":0,"relics_obtained":["Golden Idol"],"max_hp_gain":0,"max_hp_loss":0,"event_name":"Golden Idol","floor":2,"gold_loss":0,"cards_obtained":["Injury"]},{"damage_healed":0,"gold_gain":0,"player_choice":"Searched \u00272\u0027 times","damage_taken":0,"relics_obtained":["Regal Pillow"],"max_hp_gain":0,"max_hp_loss":0,"event_name":"Dead Adventurer","floor":7,"gold_loss":0}],"is_beta":true,"boss_relics":[],"items_purged_floors":[],"is_endless":false,"potions_floor_spawned":[1,7],"killed_by":"3 Sentries","ascension_level":0}}