{"host":"218bpbmw7wi1tsbm","time":1613378725,"event":{"mods":["BaseMod","Lobotomy","LobotomyExtend","Minty Spire (QoL Compilation)","Prisma Mod","Quick Restart","Rare Cards Sparkle","StSLib"],"gold_per_floor":[117,117,117,82,97,114,134,134,134,134,134,134,134,153,153,251,251,251,265,284,374,388,388,388,388],"floor_reached":24,"language":"JPN","playtime":1383,"items_purged":[],"score":211,"play_id":"3f330925-11ed-4c1d-a967-73d1c545c140","local_time":"20210215174525","is_ascension_mode":false,"campfire_choices":[{"floor":23,"key":"REST"}],"circlet_count":0,"master_deck":["SpecialBullet","SpecialBullet","SpecialBullet","SpecialBullet","SpecialBullet","SpecialBullet","SpecialBullet","SpecialBullet","InformationCode","TrainingCode","CentralCode","Wellcheers","RapturousDream","OSAHOGD","WristCuter","Heaven","SpecialBullet","UniverseFragment","Soda","SpecialBullet","SpiderBud","CUTE","Mimicry","QueenBee","TodaysExpression+1","MHz","WristCuter","Variant","RedEyes+1"],"relics":["CogitoBucket","LetterFromLob","Du-Vu Doll","Sundial","SacredBark","SkinProphecy"],"acts_visited":["Exordium","TheCity"],"potions_floor_usage":[1,13,16,22,24,24],"damage_taken":[{"damage":0,"enemies":"2 Louse","floor":1,"turns":2},{"damage":7,"enemies":"Small Slimes","floor":5,"turns":3},{"damage":6,"enemies":"Cultist","floor":6,"turns":3},{"damage":0,"enemies":"Large Slime","floor":7,"turns":4},{"damage":3,"enemies":"Lots of Slimes","floor":14,"turns":3},{"damage":26,"enemies":"The Guardian","floor":16,"turns":12},{"damage":0,"enemies":"3 Byrds","floor":19,"turns":6},{"damage":6,"enemies":"Chosen","floor":20,"turns":7},{"damage":22,"enemies":"Centurion and Healer","floor":22,"turns":8},{"damage":81,"enemies":"Gremlin Leader","floor":24,"turns":6}],"seed_played":"-2461326372287371910","potions_obtained":[{"floor":0,"key":"DuplicationPotion"},{"floor":0,"key":"Fruit Juice"},{"floor":0,"key":"LiquidBronze"},{"floor":1,"key":"SkillPotion"},{"floor":7,"key":"AttackPotion"},{"floor":13,"key":"Fruit Juice"},{"floor":13,"key":"Ancient Potion"},{"floor":16,"key":"PowerPotion"}],"is_trial":false,"path_per_floor":["M","?","?","?","M","M","M","R","T","R","?","R","?","M","R","B",null,"M","M","M","?","M","R","E"],"character_chosen":"Angela","items_purchased":[],"campfire_rested":1,"item_purchase_floors":[],"current_hp_per_floor":[75,57,57,75,68,62,62,62,62,62,67,67,72,72,72,68,85,85,85,83,71,52,78,0,0],"gold":388,"neow_bonus":"THREE_SMALL_POTIONS","is_daily":false,"chose_seed":false,"campfire_upgraded":0,"win_rate":0.0,"timestamp":1613378725,"path_taken":["M","?","?","?","M","M","M","R","T","R","?","R","?","M","R","BOSS","M","M","M","?","?","R","E"],"items_purchased_type":[],"build_version":"2020-12-22","purchased_purges":0,"victory":false,"max_hp_per_floor":[75,75,75,75,75,75,75,75,75,75,80,80,85,85,85,85,85,85,85,87,87,89,89,91,91],"card_choices":[{"not_picked":["OSAHOGD","CrumblingArmor"],"picked":"Wellcheers","floor":1},{"not_picked":["FourthMatchFlame"],"picked":"RapturousDream","floor":1},{"not_picked":["FairyFestival","Murderer"],"picked":"OSAHOGD","floor":5},{"not_picked":["Lantern"],"picked":"WristCuter","floor":5},{"not_picked":["Hornet"],"picked":"Heaven","floor":6},{"not_picked":["CherryBlossoms","Funeral"],"picked":"UniverseFragment","floor":7},{"not_picked":["Pleasure"],"picked":"Soda","floor":7},{"not_picked":["CherryBlossoms","HeroicMonk"],"picked":"SpiderBud","floor":14},{"not_picked":["Harmony"],"picked":"CUTE","floor":14},{"not_picked":["TheSmile"],"picked":"Mimicry","floor":16},{"not_picked":["CherryBlossoms","Scorched"],"picked":"QueenBee","floor":19},{"not_picked":["Hypocrisy+1"],"picked":"TodaysExpression+1","floor":19},{"not_picked":["BeautyBeast","CrumblingArmor"],"picked":"MHz","floor":20},{"not_picked":["MagicBullet"],"picked":"WristCuter","floor":20},{"not_picked":["SingingMachine","Scorched"],"picked":"Variant","floor":22},{"not_picked":["Laetitia_ego"],"picked":"RedEyes+1","floor":22}],"player_experience":689518,"relics_obtained":[{"floor":1,"key":"LetterFromLob"},{"floor":9,"key":"Sundial"}],"event_choices":[{"damage_healed":0,"gold_gain":0,"player_choice":"Success","damage_taken":18,"relics_obtained":["Du-Vu Doll"],"max_hp_gain":0,"max_hp_loss":0,"event_name":"Scrap Ooze","floor":2,"gold_loss":0},{"damage_healed":18,"gold_gain":0,"player_choice":"Healed","damage_taken":0,"max_hp_gain":0,"max_hp_loss":0,"event_name":"The Cleric","floor":4,"gold_loss":35},{"damage_healed":0,"gold_gain":0,"player_choice":"Donut","damage_taken":0,"max_hp_gain":5,"max_hp_loss":0,"event_name":"Big Fish","floor":11,"gold_loss":0},{"damage_healed":0,"gold_gain":0,"player_choice":"Got Potions","damage_taken":0,"max_hp_gain":0,"max_hp_loss":0,"event_name":"Lab","floor":13,"gold_loss":0},{"damage_healed":0,"gold_gain":90,"player_choice":"GOLD ","damage_taken":12,"max_hp_gain":0,"max_hp_loss":0,"event_name":"Knowing Skull","floor":21,"potions_obtained":[],"gold_loss":0,"cards_obtained":[]}],"is_beta":false,"boss_relics":[{"not_picked":["Ectoplasm","Calling Bell"],"picked":"SacredBark"}],"items_purged_floors":[],"is_endless":false,"potions_floor_spawned":[1,7,16,20],"killed_by":"Gremlin Leader","ascension_level":0}}