{"host":"5y2vm16xfq9gfmb2","time":1613374465,"event":{"mods":["AchievementEnabler","BaseMod","Better Third Choice","Colored Map","Colored Powertips","DeckTracker","Friendly Minions","Marisa????????","Minty Spire (QoL Compilation)","Rare Cards Sparkle","Relic Stats","StSLib","The Alterego","The Animator","The Marked","The Servant 0.9.4","Yohane!"],"gold_per_floor":[110,110,110,121,141,168,183,183,183,214,63,121,121,121,121,249,249,272,272,293,317,6,6,6],"floor_reached":23,"language":"ENG","playtime":1464,"items_purged":[],"score":201,"play_id":"07f9944e-176f-4344-a033-408e609dcb9a","local_time":"20210215023425","is_ascension_mode":false,"campfire_choices":[{"floor":8,"key":"RECALL"},{"data":"UltimateShortwave","floor":13,"key":"SMITH"},{"floor":15,"key":"REST"}],"circlet_count":0,"master_deck":["Strike_MRS","Strike_MRS","Strike_MRS","Strike_MRS","Defend_MRS","Defend_MRS","Defend_MRS","Defend_MRS","MasterSpark","UpSweep","DC","DarkMatter","AsteroidBelt","GalacticHalo","MysteriousBeam","StarBarrage","DragonMeteor","UltimateShortwave+1","Injury","CasketOfStar","RefractionSpark+1","Pain","IllusionStar","SporeBomb+1"],"relics":["BewitchedHakkero","NeowsBlessing","Toy Ornithopter","Shuriken","Akabeko","Gambling Chip","Golden Idol","WarpedTongs","TungstenRod"],"acts_visited":["Exordium","TheCity"],"potions_floor_usage":[16,21,21],"damage_taken":[{"damage":0,"enemies":"Cultist","floor":1,"turns":1},{"damage":0,"enemies":"Jaw Worm","floor":2,"turns":1},{"damage":0,"enemies":"Small Slimes","floor":4,"turns":1},{"damage":2,"enemies":"3 Louse","floor":5,"turns":3},{"damage":14,"enemies":"3 Sentries","floor":6,"turns":10},{"damage":4,"enemies":"2 Fungi Beasts","floor":7,"turns":5},{"damage":9,"enemies":"Lagavulin","floor":10,"turns":6},{"damage":4,"enemies":"3 Sentries","floor":12,"turns":8},{"damage":26,"enemies":"Slime Boss","floor":16,"turns":12},{"damage":15,"enemies":"2 Thieves","floor":18,"turns":3},{"damage":3,"enemies":"Chosen","floor":20,"turns":3},{"damage":16,"enemies":"Centurion and Healer","floor":21,"turns":5},{"damage":53,"enemies":"Gremlin Leader","floor":23,"turns":4}],"seed_played":"2867039648300958553","potions_obtained":[{"floor":1,"key":"DuplicationPotion"},{"floor":7,"key":"Weak Potion"},{"floor":10,"key":"BottledSpark"},{"floor":18,"key":"AttackPotion"}],"is_trial":false,"path_per_floor":["M","M","?","M","M","E","M","R","T","E","$","?","R","?","R","B",null,"M","?","M","M","$","E"],"character_chosen":"MARISA","items_purchased":["Akabeko","TungstenRod"],"campfire_rested":1,"item_purchase_floors":[11,22],"current_hp_per_floor":[75,75,75,75,73,59,55,55,55,46,46,42,42,42,64,43,75,60,60,57,51,51,0,0],"gold":6,"neow_bonus":"THREE_ENEMY_KILL","is_daily":false,"chose_seed":false,"campfire_upgraded":1,"win_rate":0.0,"timestamp":1613374465,"path_taken":["M","?","?","M","M","E","M","R","T","E","$","?","R","?","R","BOSS","M","?","?","M","?","E"],"items_purchased_type":["Relic","Relic"],"build_version":"2020-12-22","purchased_purges":0,"victory":false,"max_hp_per_floor":[75,75,75,75,75,75,75,75,75,75,75,75,75,75,75,75,75,75,75,75,75,75,75,75],"relic_stats":{"counters":[13,62],"Shuriken":[7],"Golden Idol":40,"Gambling Chip":[3],"obtain_stats":[{"NeowsBlessing":0,"Shuriken":10,"Golden Idol":14,"Gambling Chip":12,"MiniHakkero":0,"BewitchedHakkero":17,"Toy Ornithopter":6,"Akabeko":11,"TungstenRod":22,"WarpedTongs":19},{"NeowsBlessing":0,"Shuriken":7,"Golden Idol":8,"Gambling Chip":7,"MiniHakkero":0,"BewitchedHakkero":9,"Toy Ornithopter":5,"Akabeko":7,"TungstenRod":12,"WarpedTongs":10},{"NeowsBlessing":0,"Shuriken":27,"Golden Idol":35,"Gambling Chip":27,"MiniHakkero":0,"BewitchedHakkero":47,"Toy Ornithopter":16,"Akabeko":27,"TungstenRod":58,"WarpedTongs":50}],"Toy Ornithopter":15,"TungstenRod":10,"WarpedTongs":[12]},"card_choices":[{"not_picked":["AlicesGift","MeteoricShower"],"picked":"DC","floor":1},{"not_picked":["IllusionStar","UnstableBomb"],"picked":"DarkMatter","floor":2},{"not_picked":["WitchLeyline","BlazeAway"],"picked":"AsteroidBelt","floor":4},{"not_picked":["GrandCross","StarBarrage"],"picked":"GalacticHalo","floor":5},{"not_picked":["MilkyWay","EnergyRecoil"],"picked":"MysteriousBeam","floor":6},{"not_picked":["GravityBeat","Acceleration"],"picked":"StarBarrage","floor":7},{"not_picked":["6A","SporeBomb"],"picked":"DragonMeteor","floor":10},{"not_picked":["DeepEcoloBomb","PropBag"],"picked":"UltimateShortwave","floor":12},{"not_picked":["FinalSpark","TreasureHunter"],"picked":"CasketOfStar","floor":16},{"not_picked":["DragonMeteor+1","MilkyWay"],"picked":"RefractionSpark+1","floor":18},{"not_picked":["PowerUp","UnstableBomb"],"picked":"IllusionStar","floor":20},{"not_picked":["ChargeUpSpray+1","DC"],"picked":"SporeBomb+1","floor":21}],"player_experience":114910,"relics_obtained":[{"floor":6,"key":"Toy Ornithopter"},{"floor":10,"key":"Shuriken"}],"event_choices":[{"damage_healed":0,"gold_gain":0,"player_choice":"Ignored","damage_taken":0,"max_hp_gain":0,"max_hp_loss":0,"event_name":"Golden Wing","floor":3,"gold_loss":0},{"damage_healed":0,"gold_gain":0,"player_choice":"Searched \u00272\u0027 times","damage_taken":0,"relics_obtained":["Gambling Chip"],"max_hp_gain":0,"max_hp_loss":0,"event_name":"Dead Adventurer","floor":12,"gold_loss":0},{"damage_healed":0,"gold_gain":0,"player_choice":"Take Wound","damage_taken":0,"relics_obtained":["Golden Idol"],"max_hp_gain":0,"max_hp_loss":0,"event_name":"Golden Idol","floor":14,"gold_loss":0,"cards_obtained":["Injury"]},{"damage_healed":0,"gold_gain":0,"player_choice":"Rummage","damage_taken":0,"relics_obtained":["WarpedTongs"],"max_hp_gain":0,"max_hp_loss":0,"event_name":"Accursed Blacksmith","floor":19,"gold_loss":0,"cards_obtained":["Pain"]}],"is_beta":false,"boss_relics":[{"not_picked":["Runic Dome","Ectoplasm"],"picked":"BewitchedHakkero"}],"items_purged_floors":[],"is_endless":false,"potions_floor_spawned":[1,7,10,18],"killed_by":"Gremlin Leader","ascension_level":0}}