{"host":"jq8d8epkoknfq6em","time":1613411973,"event":{"mods":["AchievementEnabler","BaseMod","Colored Map","Colored Powertips","Highlight Path","Minty Spire (QoL Compilation)","Quick Restart","Relic Stats","StSLib"],"gold_per_floor":[117,136,155,170,184,184,216,216,216,232,247,247,260,272,272,377,377,388,404,27,27,27,58,58,58,58],"floor_reached":25,"language":"ENG","playtime":2904,"items_purged":["Strike_R"],"score":363,"play_id":"de1a1ddc-92bc-4c9e-8217-3628fbce7236","local_time":"20210215185933","is_ascension_mode":true,"campfire_choices":[{"data":"Armaments","floor":6,"key":"SMITH"},{"data":"Secret Weapon","floor":12,"key":"SMITH"},{"data":"Uppercut","floor":15,"key":"SMITH"},{"floor":24,"key":"REST"}],"circlet_count":0,"master_deck":["AscendersBane","Strike_R","Strike_R","Strike_R","Strike_R","Defend_R","Defend_R","Defend_R","Defend_R","Secret Weapon+1","Pommel Strike","Armaments+1","True Grit","Uppercut+1","Thunderclap","Whirlwind","Clash","Impervious","Flame Barrier","Barricade","Clash","Necronomicurse","Ghostly Armor"],"relics":["Burning Blood","Kunai","Letter Opener","Sozu","Girya","Necronomicon","Happy Flower"],"acts_visited":["Exordium","TheCity"],"potions_floor_usage":[7,14],"damage_taken":[{"damage":1,"enemies":"Cultist","floor":1,"turns":3},{"damage":9,"enemies":"Jaw Worm","floor":2,"turns":4},{"damage":0,"enemies":"Small Slimes","floor":3,"turns":3},{"damage":0,"enemies":"2 Fungi Beasts","floor":4,"turns":5},{"damage":12,"enemies":"Large Slime","floor":5,"turns":7},{"damage":14,"enemies":"Lagavulin","floor":7,"turns":7},{"damage":1,"enemies":"3 Louse","floor":10,"turns":3},{"damage":7,"enemies":"Looter","floor":11,"turns":4},{"damage":4,"enemies":"Blue Slaver","floor":13,"turns":4},{"damage":27,"enemies":"Exordium Thugs","floor":14,"turns":3},{"damage":29,"enemies":"The Guardian","floor":16,"turns":16},{"damage":8,"enemies":"Spheric Guardian","floor":18,"turns":6},{"damage":23,"enemies":"2 Thieves","floor":19,"turns":4},{"damage":20,"enemies":"Gremlin Leader","floor":23,"turns":6},{"damage":31,"enemies":"Slavers","floor":25,"turns":3}],"seed_played":"1252181017936766515","potions_obtained":[{"floor":1,"key":"ColorlessPotion"},{"floor":3,"key":"EssenceOfSteel"},{"floor":5,"key":"HeartOfIron"}],"is_trial":false,"path_per_floor":["M","M","M","M","M","R","E","?","T","M","M","R","M","M","R","B",null,"M","M","$","?","?","E","R","E"],"character_chosen":"IRONCLAD","items_purchased":["Girya"],"campfire_rested":1,"item_purchase_floors":[20],"current_hp_per_floor":[72,69,72,72,66,66,58,58,58,63,62,62,64,43,43,20,59,57,40,40,40,24,10,31,0,0],"gold":58,"neow_bonus":"RANDOM_COLORLESS_2","is_daily":false,"chose_seed":false,"campfire_upgraded":3,"win_rate":0.0,"timestamp":1613411973,"path_taken":["M","M","M","M","M","R","E","?","T","M","M","R","M","M","R","BOSS","M","M","$","?","?","E","R","E"],"items_purchased_type":["Relic"],"build_version":"2020-12-22","purchased_purges":1,"victory":false,"max_hp_per_floor":[72,72,72,72,72,72,72,72,72,72,72,72,72,72,72,72,72,72,72,72,72,72,72,72,72,72],"relic_stats":{"Sozu":2,"Happy Flower":[1],"counters":[15,78],"Necronomicon":[4],"Kunai":[4],"Letter Opener":[32],"obtain_stats":[{"Sozu":17,"Girya":20,"Happy Flower":23,"Necronomicon":22,"Kunai":7,"Letter Opener":9,"Burning Blood":0},{"Sozu":11,"Girya":13,"Happy Flower":14,"Necronomicon":13,"Kunai":6,"Letter Opener":6,"Burning Blood":0},{"Sozu":59,"Girya":69,"Happy Flower":75,"Necronomicon":69,"Kunai":29,"Letter Opener":29,"Burning Blood":0}],"Burning Blood":70},"card_choices":[{"not_picked":["Chrysalis","Transmutation"],"picked":"Secret Weapon","floor":0},{"not_picked":["Dark Embrace","Warcry"],"picked":"Pommel Strike","floor":1},{"not_picked":["Entrench","Burning Pact"],"picked":"Armaments","floor":2},{"not_picked":["Havoc","Sword Boomerang"],"picked":"True Grit","floor":3},{"not_picked":["Combust","Sentinel"],"picked":"Uppercut","floor":4},{"not_picked":["Reckless Charge","Clash"],"picked":"Thunderclap","floor":5},{"not_picked":["Evolve","Spot Weakness"],"picked":"Whirlwind","floor":7},{"not_picked":["Heavy Blade","Sever Soul","Havoc"],"picked":"SKIP","floor":10},{"not_picked":["Second Wind","Combust"],"picked":"Clash","floor":11},{"not_picked":["Headbutt","Infernal Blade"],"picked":"Impervious","floor":13},{"not_picked":["Perfected Strike","Heavy Blade"],"picked":"Flame Barrier","floor":14},{"not_picked":["Limit Break","Fiend Fire"],"picked":"Barricade","floor":16},{"not_picked":["Wild Strike","Warcry"],"picked":"Clash","floor":18},{"not_picked":["Heavy Blade","Body Slam","Iron Wave"],"picked":"SKIP","floor":19},{"not_picked":["Twin Strike+1","Thunderclap+1"],"picked":"Ghostly Armor","floor":23}],"player_experience":1003656,"relics_obtained":[{"floor":7,"key":"Kunai"},{"floor":9,"key":"Letter Opener"},{"floor":22,"key":"Necronomicon"},{"floor":23,"key":"Happy Flower"}],"event_choices":[{"cards_removed":["Bash"],"damage_healed":0,"gold_gain":0,"player_choice":"Purged","damage_taken":0,"max_hp_gain":0,"max_hp_loss":0,"event_name":"Purifier","floor":8,"gold_loss":0},{"damage_healed":0,"gold_gain":0,"player_choice":"Ignored","damage_taken":0,"max_hp_gain":0,"max_hp_loss":0,"event_name":"Ghosts","floor":21,"gold_loss":0},{"damage_healed":0,"gold_gain":0,"player_choice":"Obtained Book","damage_taken":16,"max_hp_gain":0,"max_hp_loss":0,"event_name":"Cursed Tome","floor":22,"gold_loss":0}],"is_beta":false,"boss_relics":[{"not_picked":["Empty Cage","Astrolabe"],"picked":"Sozu"}],"items_purged_floors":[20],"is_endless":false,"potions_floor_spawned":[1,3,4,5,18,23],"killed_by":"Slavers","ascension_level":12}}