{"host":"jfbo3eu2ui08ej1u","time":1613423822,"event":{"mods":["2.2 Compatiblity","AchievementEnabler","Act Like it!","Aspiration","BaseMod","Better Altar","Better Match","Better Note","Better Sensory Stone","Better Skull","Better Third Choice","Block Reminder","Colored Map","Colored Powertips","Conspire","DeckTracker","Displayed Cursed Tome","Energized Spire","Fox Events","GifTheSpireLib","Hermit","Hubris","Infinite Spire","Marked Mod","Minty Spire (QoL Compilation)","Monster B Gone","Pale of the Ancients","Poor People Problems","Quick Restart","Relic Filter","Reliquary","Reorder Act Four","Replay The Spire","Shop Mod","Spicy Shops","Spire Arcade","StSLib","Stuff the Spire","The Blue Laboratory","The Disciple","The Forsaken","The Hierophant","The Marked","Uncapped","Unceasing Turn Reminder","Wandering Minibosses"],"gold_per_floor":[109,109,125,139,157,183,193,193,220,220,61,72,103,123,123,224,224,237,162,12,12,24,24,49,62,62,62,62],"floor_reached":27,"language":"ENG","playtime":924,"items_purged":[],"score":257,"play_id":"e1e4ae85-5db0-47d3-9ea4-6e72d8a2ac76","local_time":"20210215161702","is_ascension_mode":true,"campfire_choices":[{"floor":8,"key":"REST"},{"floor":15,"key":"REST"},{"data":"theMarked:ComboAttacks","floor":23,"key":"SMITH"}],"circlet_count":0,"master_deck":["theMarked:Strike","theMarked:Strike","theMarked:Strike","theMarked:Strike","theMarked:Defend","theMarked:Defend","theMarked:Defend","theMarked:Defend","theMarked:SoldierOfQuellstein","theMarked:ResourceFulStrike","theMarked:Aftermath","theMarked:ComboAttacks+1","theMarked:StartUp","theMarked:DispelDoubt","theMarked:Aftermath","theMarked:ChainLightning","theMarked:EternalStudent+1","theMarked:SwordAndMagic","theMarked:HeightenedSenses","theMarked:MuscleMemory","theMarked:Toughness","theMarked:ComboAttacks+1","theMarked:Overthink+1","theMarked:OneWithTheBlade+1"],"relics":["theMarked:ArtifactOfAir","StuffTheSpire:Tea","infinitespire:Lucky Rock","StuffTheSpire:Mouthbags","Quantum Egg","theForsaken:Gavel","Painkiller Herb","StuffTheSpire:Gunfinga","ReplayFunnel","reliquary:Firecrackers"],"acts_visited":["Exordium","TheCity"],"potions_floor_usage":[24,24,27],"damage_taken":[{"damage":0,"enemies":"Cultist","floor":1,"turns":4},{"damage":0,"enemies":"2 Louse","floor":3,"turns":3},{"damage":8,"enemies":"Jaw Worm","floor":4,"turns":3},{"damage":9,"enemies":"Exordium Thugs","floor":5,"turns":4},{"damage":34,"enemies":"3 Sentries","floor":6,"turns":7},{"damage":1,"enemies":"Exordium Wildlife","floor":7,"turns":3},{"damage":16,"enemies":"Blue Slaver","floor":12,"turns":4},{"damage":3,"enemies":"Gremlin Nob","floor":13,"turns":3},{"damage":5,"enemies":"Looter","floor":14,"turns":2},{"damage":32,"enemies":"Slime Boss","floor":16,"turns":8},{"damage":3,"enemies":"3 Byrds","floor":18,"turns":5},{"damage":0,"enemies":"conspire:FuzzyDice","floor":22,"turns":4},{"damage":63,"enemies":"Slavers","floor":24,"turns":5},{"damage":2,"enemies":"conspire:HollyBat","floor":25,"turns":6},{"damage":8,"enemies":"Centurion and Healer","floor":27,"turns":1}],"seed_played":"-2842096409503106522","potions_obtained":[{"floor":3,"key":"LiquidMemories"},{"floor":7,"key":"Block Potion"},{"floor":13,"key":"blueLaboratory:FrostheartPotion"},{"floor":14,"key":"ColorlessPotion"},{"floor":22,"key":"blueLaboratory:FruitPunch"},{"floor":25,"key":"Ancient Potion"}],"is_trial":false,"path_per_floor":["M","T","M","M","M","E","M","R","T","?","$","M","E","M","R","B",null,"?","?","T","?","?","T","E","?","T","?"],"character_chosen":"THE_DEFAULT","items_purchased":["theMarked:EternalStudent+1","StuffTheSpire:Gunfinga"],"campfire_rested":2,"item_purchase_floors":[11,20],"current_hp_per_floor":[70,70,70,62,53,19,18,39,39,39,39,23,20,15,36,4,70,67,67,67,67,67,67,6,4,4,0,0],"gold":62,"neow_bonus":"THREE_CARDS","is_daily":false,"chose_seed":false,"campfire_upgraded":1,"win_rate":0.0,"timestamp":1613423822,"path_taken":["M","?","M","M","M","E","?","R","T","?","?","?","E","M","R","BOSS","?","?","T","?","?","T","E","?","T","?"],"items_purchased_type":["Card","Relic"],"build_version":"2020-12-22","purchased_purges":0,"victory":false,"max_hp_per_floor":[70,70,70,70,70,70,70,70,70,70,70,70,70,70,70,70,70,70,70,70,70,70,70,72,72,72,72,72],"card_choices":[{"not_picked":["theMarked:Reabsorb","theMarked:WardOff"],"picked":"theMarked:ResourceFulStrike","floor":0},{"not_picked":["theMarked:Parkour","theMarked:Frustration"],"picked":"theMarked:Aftermath","floor":1},{"not_picked":["theMarked:RepellingDischarge","theMarked:EmpowerWeapon"],"picked":"theMarked:ComboAttacks","floor":3},{"not_picked":["theMarked:EmpowerWeapon","theMarked:Seal"],"picked":"theMarked:StartUp","floor":4},{"not_picked":["theMarked:ContemptForTheProud","theMarked:UnarmedFury"],"picked":"theMarked:ChainLightning","floor":5},{"not_picked":["theMarked:WardOff","theMarked:TakeCover"],"picked":"theMarked:DispelDoubt","floor":6},{"not_picked":["theMarked:EmpowerWeapon","theMarked:Convert"],"picked":"theMarked:Aftermath","floor":7},{"not_picked":["theMarked:TakeCover","theMarked:Heritage"],"picked":"theMarked:SwordAndMagic","floor":12},{"not_picked":["theMarked:Memento","theMarked:Generate"],"picked":"theMarked:HeightenedSenses","floor":13},{"not_picked":["theMarked:WastefulAttack","theMarked:KeepCalmAndFight"],"picked":"theMarked:MuscleMemory","floor":14},{"not_picked":["theMarked:BindingBlade","theMarked:Vacuum"],"picked":"theMarked:Toughness","floor":16},{"not_picked":["theMarked:TakeCover","theMarked:WardOff+1"],"picked":"theMarked:ComboAttacks+1","floor":18},{"not_picked":["theMarked:WastefulAttack","theMarked:WardOff"],"picked":"theMarked:Overthink+1","floor":22},{"not_picked":["theMarked:Opportunist","theMarked:Polarize"],"picked":"theMarked:OneWithTheBlade+1","floor":24},{"not_picked":["theMarked:BanishingWave","theMarked:TakeCover","theMarked:Overthink"],"picked":"SKIP","floor":25}],"player_experience":1331078,"relics_obtained":[{"floor":2,"key":"StuffTheSpire:Tea"},{"floor":6,"key":"infinitespire:Lucky Rock"},{"floor":9,"key":"StuffTheSpire:Mouthbags"},{"floor":13,"key":"theForsaken:Gavel"},{"floor":24,"key":"ReplayFunnel"},{"floor":26,"key":"reliquary:Firecrackers"}],"event_choices":[{"damage_healed":0,"gold_gain":0,"player_choice":"Gave Potion","damage_taken":0,"relics_obtained":["Quantum Egg"],"max_hp_gain":0,"max_hp_loss":0,"event_name":"WeMeetAgain","floor":10,"gold_loss":0},{"cards_removed":["theMarked:Strike"],"damage_healed":0,"gold_gain":0,"player_choice":"Gave Gold","damage_taken":0,"max_hp_gain":0,"max_hp_loss":0,"event_name":"Beggar","floor":19,"gold_loss":75},{"damage_healed":0,"gold_gain":0,"player_choice":"Ignored","damage_taken":0,"max_hp_gain":0,"max_hp_loss":0,"event_name":"Vampires","floor":21,"gold_loss":0}],"is_beta":false,"boss_relics":[{"not_picked":["energizedSpire:MagnifyingGlass","StuffTheSpire:Kangaroo"],"picked":"Painkiller Herb"}],"items_purged_floors":[],"is_endless":false,"potions_floor_spawned":[3,7,13,14,22,25],"killed_by":"Centurion and Healer","ascension_level":1}}