{"host":"l790j1oe6pn5fhrm","time":1613423666,"event":{"mods":["AchievementEnabler","BaseMod","Colored Map","Colored Powertips","GifTheSpireLib","Highlight Path","Minty Spire (QoL Compilation)","Rare Cards Sparkle","Replay The Spire","StSLib"],"gold_per_floor":[113,57,74,92,140,165,165,165,192,192,43,43,58,71,71,147,147,158,158,158,158,158,158,192,192,192,192,215,130,130,130,159,159,159,236,236,259,259,95,95,95,133,133,133,209,0,0,17,41,62,62,66,66],"floor_reached":52,"language":"ENG","playtime":1846,"items_purged":[],"score":914,"play_id":"ee1fae83-721a-4c1c-a3b8-72e0469fcda6","local_time":"20210215221426","is_ascension_mode":true,"campfire_choices":[{"floor":8.0,"key":"REST"},{"data":"Biased Cognition","floor":15.0,"key":"SMITH"},{"data":"Echo Form","floor":23,"key":"SMITH"},{"data":"BasicCrystalCard","floor":25,"key":"SMITH"},{"data":"ReplayTheSpireMod:Calculation Training","floor":34,"key":"SMITH"},{"floor":43,"key":"REST"},{"floor":51,"key":"REST"}],"circlet_count":0,"master_deck":["AscendersBane","Strike_B","Strike_B","Strike_B","Defend_B","Defend_B","Defend_B","Defend_B","Zap","Dualcast","Glacier","Ball Lightning","BasicCrystalCard+1","Chaos+1","Biased Cognition+1","Rip and Tear","ReplayTheSpireMod:Calculation Training","Echo Form+1","RitualDagger","ReplayTheSpireMod:Calculation Training+1","Machine Learning","Biased Cognition+1","BootSequence+1","Capacitor+1","Tempest","Tempest+1"],"relics":["Cracked Core","Centennial Puzzle","Juzu Bracelet","Strawberry","Thread and Needle","MealTicket","Blue Doll","Ring of Chaos","Pantograph","Replay:Bandana","InkBottle","Boot","Fusion Hammer","DollysMirror","Art of War","Golden Egg","Red Mask"],"acts_visited":["Exordium","TheCity","TheBeyond"],"potions_floor_usage":[32,42,52],"damage_taken":[{"damage":2.0,"enemies":"Jaw Worm","floor":1.0,"turns":3.0},{"damage":0.0,"enemies":"Cultist","floor":3.0,"turns":4.0},{"damage":0.0,"enemies":"Small Slimes","floor":4.0,"turns":4.0},{"damage":33.0,"enemies":"Lagavulin","floor":6.0,"turns":8.0},{"damage":5.0,"enemies":"3 Louse","floor":13.0,"turns":3.0},{"damage":1.0,"enemies":"Gremlin Gang","floor":14.0,"turns":2.0},{"damage":32.0,"enemies":"Hexaghost","floor":16.0,"turns":9.0},{"damage":18.0,"enemies":"2 Thieves","floor":18.0,"turns":4.0},{"damage":24,"enemies":"Gremlin Leader","floor":24,"turns":7},{"damage":2,"enemies":"Spheric Guardian","floor":28,"turns":4},{"damage":0,"enemies":"Snecko","floor":32,"turns":4},{"damage":59,"enemies":"Collector","floor":35,"turns":12},{"damage":10,"enemies":"3 Shapes","floor":37,"turns":6},{"damage":46,"enemies":"Reptomancer","floor":42,"turns":8},{"damage":2,"enemies":"Orb Walker","floor":48,"turns":4},{"damage":19,"enemies":"Jaw Worm Horde","floor":49,"turns":6},{"damage":49,"enemies":"4 Shapes","floor":50,"turns":5},{"damage":52,"enemies":"Donu and Deca","floor":52,"turns":6}],"seed_played":"8619217245790925838","potions_obtained":[{"floor":3.0,"key":"Explosive Potion"},{"floor":4.0,"key":"Ancient Potion"},{"floor":14.0,"key":"Elixir"},{"floor":35,"key":"Dexterity Potion"},{"floor":49,"key":"FearPotion"},{"floor":50,"key":"SkillPotion"}],"is_trial":false,"path_per_floor":["M","?","M","M","?","E","?","R","T","?","$","$","M","M","R_BF","B",null,"M","?","?","T","$","R","E","R","T","$","M","?","PTL","PTL","M","?","R","B",null,"M","?","$","?","?","E","R","$","T","?","$","M","M","M","R","B"],"character_chosen":"DEFECT","items_purchased":["Biased Cognition","DollysMirror"],"campfire_rested":3,"item_purchase_floors":[11,39],"current_hp_per_floor":[62,62,62,62,41,8,8,31,31,31,46,61,56,55,55,23,64,46,40,56,56,71,71,47,47,47,62,60,60,60,60,60,60,60,19,63,53,53,68,68,68,22,44,59,59,59,74,72,53,4,26,0,0],"gold":66,"neow_bonus":"RANDOM_COMMON_RELIC","is_daily":false,"chose_seed":false,"campfire_upgraded":4,"win_rate":0.0,"timestamp":1613423666,"path_taken":["M","?","M","M","?","E","?","R","T","?","?","$","M","M","R_BF","BOSS","M","?","?","?","?","R","E","R","T","$","M","?","PTL","PTL","M","?","R","BOSS","M","?","$","?","?","E","R","$","T","?","?","M","M","M","R","BOSS"],"items_purchased_type":["Card","Relic"],"build_version":"2020-12-22","purchased_purges":0,"victory":false,"max_hp_per_floor":[71,71,71,71,78,78,78,78,78,78,78,78,78,78,78,78,78,78,78,78,78,78,78,78,78,78,78,78,78,78,78,78,78,78,78,78,78,78,78,78,74,74,74,74,74,74,74,74,74,74,74,74,74],"card_choices":[{"not_picked":["Steam","Undo"],"picked":"Glacier","floor":1.0},{"not_picked":["ReplayTheSpireMod:GoodbyeWorld","Barrage","Heatsinks"],"picked":"SKIP","floor":3.0},{"not_picked":["Barrage","Redo"],"picked":"Ball Lightning","floor":4.0},{"not_picked":["Streamline","Leap"],"picked":"BasicCrystalCard","floor":5.0},{"not_picked":["Gash","Blizzard"],"picked":"Chaos","floor":6.0},{"not_picked":["Cold Snap","Undo"],"picked":"Rip and Tear","floor":13.0},{"not_picked":["Sweeping Beam","ReplayGash"],"picked":"ReplayTheSpireMod:Calculation Training","floor":14.0},{"not_picked":["Meteor Strike","ReplayTheSpireMod:Omega Cannon"],"picked":"Echo Form","floor":16.0},{"not_picked":["Self Repair","Turbo+1","FTL"],"picked":"SKIP","floor":18},{"not_picked":["Conserve Battery+1","Heatsinks"],"picked":"ReplayTheSpireMod:Calculation Training","floor":24},{"not_picked":["BasicCrystalCard","Gash","Barrage"],"picked":"SKIP","floor":28},{"not_picked":["ReplayTheSpireMod:Reroute Power","Panic Button","Compile Driver"],"picked":"SKIP","floor":32},{"not_picked":["Creative AI","Mirror Shield"],"picked":"Machine Learning","floor":35},{"not_picked":["Hello World","Steam","Blizzard"],"picked":"SKIP","floor":37},{"not_picked":["Steam Power","Redo"],"picked":"BootSequence+1","floor":42},{"not_picked":["Recycle","Defragment+1"],"picked":"Capacitor+1","floor":48},{"not_picked":["Turbo","Steam+1"],"picked":"Tempest","floor":49},{"not_picked":["Steam+1","Rip and Tear+1"],"picked":"Tempest+1","floor":50}],"player_experience":1194618,"relics_obtained":[{"floor":5.0,"key":"Strawberry"},{"floor":6.0,"key":"Thread and Needle"},{"floor":9.0,"key":"MealTicket"},{"floor":10.0,"key":"Blue Doll"},{"floor":21,"key":"Pantograph"},{"floor":24,"key":"Replay:Bandana"},{"floor":26,"key":"InkBottle"},{"floor":42,"key":"Art of War"},{"floor":45,"key":"Golden Egg"}],"event_choices":[{"damage_healed":0.0,"max_hp_gain":0.0,"max_hp_loss":0.0,"gold_gain":0.0,"event_name":"WeMeetAgain","player_choice":"Paid Gold","floor":2.0,"gold_loss":56.0,"damage_taken":0.0,"relics_obtained":["Juzu Bracelet"]},{"damage_healed":0.0,"max_hp_gain":0.0,"max_hp_loss":0.0,"gold_gain":0.0,"event_name":"Accursed Blacksmith","player_choice":"Forge","floor":7.0,"gold_loss":0.0,"damage_taken":0.0,"cards_upgraded":["Chaos"]},{"damage_healed":0.0,"max_hp_gain":0.0,"max_hp_loss":0.0,"gold_gain":0.0,"event_name":"Wheel of Change","player_choice":"Relic","floor":10.0,"gold_loss":0.0,"damage_taken":0.0},{"damage_healed":0,"gold_gain":0,"player_choice":"Joined the Cult","damage_taken":6,"max_hp_gain":0,"max_hp_loss":0,"event_name":"Nest","floor":19,"gold_loss":0,"cards_obtained":["RitualDagger"]},{"damage_healed":16,"gold_gain":0,"player_choice":"Heal","damage_taken":0,"max_hp_gain":0,"max_hp_loss":0,"event_name":"The Library","floor":20,"gold_loss":0},{"damage_healed":0,"gold_gain":0,"player_choice":"Obtained Relic","damage_taken":0,"relics_obtained":["Boot"],"max_hp_gain":0,"max_hp_loss":0,"event_name":"Addict","floor":29,"gold_loss":85},{"cards_removed":["Strike_B"],"damage_healed":0,"gold_gain":0,"player_choice":"Removed Attack","damage_taken":0,"max_hp_gain":0,"max_hp_loss":0,"event_name":"Falling","floor":38,"gold_loss":0},{"damage_healed":0,"gold_gain":0,"player_choice":"Ignored","damage_taken":0,"max_hp_gain":0,"max_hp_loss":0,"event_name":"SecretPortal","floor":40,"gold_loss":0},{"damage_healed":0,"gold_gain":0,"player_choice":"Max HP","damage_taken":0,"max_hp_gain":0,"max_hp_loss":4,"event_name":"Winding Halls","floor":41,"gold_loss":0},{"damage_healed":0,"gold_gain":0,"player_choice":"Paid","damage_taken":0,"relics_obtained":["Red Mask"],"max_hp_gain":0,"max_hp_loss":0,"event_name":"Tomb of Lord Red Mask","floor":46,"gold_loss":209}],"is_beta":false,"boss_relics":[{"not_picked":["SlaversCollar","Tiny House"],"picked":"Ring of Chaos"},{"not_picked":["Nuclear Battery","Replay:Wanted Poster"],"picked":"Fusion Hammer"}],"items_purged_floors":[],"is_endless":false,"potions_floor_spawned":[3,4,14,28,35,49,50],"killed_by":"Donu and Deca","ascension_level":16}}