{"host":"nbofzmb1hl9rnais","time":1613356474,"event":{"mods":["BaseMod","Colored Map","Downfall","Hermit","Minty Spire (QoL Compilation)","StSLib","The Bug Knight"],"gold_per_floor":[99,111,44,44,44,44,70,145,172,172,183,83,101,118,138,233,233,233,249,260,275,295,295,341,358,369,36,36,49,66,43,43,43,43],"floor_reached":32,"language":"ENG","playtime":2655,"items_purged":["Slimebound:SplitAcid","Slimebound:SlimeBrawl"],"score":271,"play_id":"e48aa676-ab93-4ba2-9caa-01ec91d9a121","local_time":"20210214183434","is_ascension_mode":false,"campfire_choices":[{"floor":1,"key":"RECALL"},{"data":"Slimebound:LeadByExample","floor":6,"key":"SMITH"},{"data":"Slimebound:MassFeed","floor":12,"key":"SMITH"},{"data":"Slimebound:LeadByExample","floor":18,"key":"SMITH"},{"data":"Slimebound:LeechLife","floor":23,"key":"SMITH"},{"data":"expansioncontent:Hexaburn","floor":28,"key":"SMITH"}],"circlet_count":0,"master_deck":["Slimebound:Tackle+1","Slimebound:Split+1","Slimebound:CorrosiveSpit","Slimebound:LeadByExample+1","Slimebound:SplitMire","Slimebound:MassFeed+1","Slimebound:RejuvenatingLick","Slimebound:LeadByExample+1","Slimebound:SpikyOuterGoop","Slimebound:LeechLife+1","Slimebound:FlameTackle","Slimebound:SlimeSpikes","Slimebound:Dissolve","Slimebound:GoopSpray","Slimebound:RollThrough","Slimebound:SplitAcid","Slimebound:ProtectTheBoss+1","Slimebound:Repurpose","Slimebound:HauntingLick+1","Slimebound:LevelUp+1","Slimebound:OneTwoCombo","expansioncontent:Hexaburn+1","Slimebound:Gluttony+1","Slimebound:RallyTheTroops"],"relics":["Slimebound:AbsorbEndCombat","Vajra","Matryoshka","downfall:ShatteredFragment","downfall:HeartBlessingRed","Pandora\u0027s Box","PreservedInsect","Omamori","Nunchaku","Bottled Tornado"],"acts_visited":["Exordium","TheCity"],"potions_floor_usage":[14,20,29,30,32,32],"damage_taken":[{"damage":12,"enemies":"Small Slimes","floor":2,"turns":6},{"damage":7,"enemies":"downfall:FleeingMerchant","floor":3,"turns":4},{"damage":12,"enemies":"3 Sentries","floor":9,"turns":5},{"damage":0,"enemies":"2 Louse","floor":11,"turns":2},{"damage":1,"enemies":"Jaw Worm","floor":13,"turns":3},{"damage":5,"enemies":"Exordium Thugs","floor":14,"turns":2},{"damage":0,"enemies":"3 Louse","floor":15,"turns":1},{"damage":44,"enemies":"IC_STATUS_ARCHETYPE","floor":16,"turns":5},{"damage":12,"enemies":"Shell Parasite","floor":19,"turns":3},{"damage":10,"enemies":"downfall:LooterAlt2","floor":20,"turns":3},{"damage":15,"enemies":"Snake Plant","floor":21,"turns":4},{"damage":0,"enemies":"Snecko","floor":22,"turns":3},{"damage":18,"enemies":"Chosen and Byrds","floor":25,"turns":4},{"damage":29,"enemies":"Centurion and Healer","floor":26,"turns":4},{"damage":5,"enemies":"downfall:FleeingMerchant","floor":27,"turns":4},{"damage":12,"enemies":"Snake Plant","floor":29,"turns":4},{"damage":14,"enemies":"Sentry and Sphere","floor":30,"turns":5},{"damage":9,"enemies":"downfall:FleeingMerchant","floor":31,"turns":2},{"damage":44,"enemies":"Centurion and Healer","floor":32,"turns":3}],"seed_played":"4054172062853971574","potions_obtained":[{"floor":9,"key":"Explosive Potion"},{"floor":11,"key":"SpeedPotion"},{"floor":14,"key":"Fire Potion"},{"floor":16,"key":"Block Potion"},{"floor":19,"key":"Slimebound:SpawnSlimePotion"},{"floor":22,"key":"PowerPotion"},{"floor":29,"key":"Block Potion"}],"is_trial":false,"path_per_floor":["R","M","$","?","?","R","T","?","E","?","M","R","M","M","M","B",null,"R","M","M","M","M","R","T","M","M","$","R","M","M","$","M"],"character_chosen":"SLIMEBOUND","items_purchased":["Slimebound:SplitMire","expansioncontent:Hexaburn","Nunchaku","Bottled Tornado"],"campfire_rested":0,"item_purchase_floors":[3,27,27,31],"current_hp_per_floor":[71,65,60,60,60,60,60,60,54,36,40,40,45,46,54,18,79,79,71,71,62,68,68,68,58,35,36,36,36,30,27,0,0,0],"gold":43,"neow_bonus":"TEN_PERCENT_HP_BONUS","is_daily":false,"chose_seed":false,"campfire_upgraded":5,"win_rate":0.0,"timestamp":1613356474,"path_taken":["R","M","$","?","?","R","T","?","E","?","M","R","M","M","M","BOSS","R","M","M","M","M","R","T","M","M","$","R","M","M","$","M"],"items_purchased_type":["Card","Card","Relic","Relic"],"build_version":"2020-12-22","purchased_purges":2,"victory":false,"max_hp_per_floor":[71,71,71,71,71,71,71,71,71,71,71,71,71,71,79,79,79,79,79,83,83,83,83,83,83,83,83,83,87,87,87,87,87,87],"card_choices":[{"not_picked":["Slimebound:SlimeSpikes","Slimebound:RollThrough"],"picked":"Slimebound:LeadByExample","floor":2},{"not_picked":["Slimebound:TongueLash","Slimebound:LeechingTouch"],"picked":"Slimebound:SplitAcid","floor":3},{"not_picked":["Slimebound:Schlurp","Slimebound:Nibble"],"picked":"Slimebound:MassFeed","floor":9},{"not_picked":["Slimebound:BestDefense","Slimebound:SplitBruiser"],"picked":"Slimebound:RejuvenatingLick","floor":11},{"not_picked":["Slimebound:SlimeSpikes","Slimebound:FinishingTackle","Slimebound:ItLooksTasty"],"picked":"SKIP","floor":13},{"not_picked":["Slimebound:FlameTackle","Slimebound:ItLooksTasty"],"picked":"Slimebound:LeadByExample","floor":14},{"not_picked":["Slimebound:SplitMire","Slimebound:Repurpose"],"picked":"Slimebound:SpikyOuterGoop","floor":15},{"not_picked":["Slimebound:MassFeed","Slimebound:OozeBath"],"picked":"Slimebound:LeechLife","floor":16},{"not_picked":["Slimebound:Schlurp+1","Slimebound:LeechEnergy"],"picked":"Slimebound:ProtectTheBoss+1","floor":19},{"not_picked":["Slimebound:SlimeSpikes+1","Slimebound:GrowthPunch"],"picked":"Slimebound:Repurpose","floor":20},{"not_picked":["Slimebound:LeechingTouch+1","Slimebound:SlimeTap"],"picked":"Slimebound:HauntingLick+1","floor":21},{"not_picked":["Slimebound:ItLooksTasty+1","Slimebound:Gluttony"],"picked":"Slimebound:LevelUp+1","floor":22},{"not_picked":["Slimebound:SlimeTap","Slimebound:TongueLash","Slimebound:SamplingLick"],"picked":"SKIP","floor":25},{"not_picked":["Slimebound:ProtectTheBoss+1","Slimebound:GoopTackle"],"picked":"Slimebound:OneTwoCombo","floor":26},{"not_picked":["Slimebound:SplitLeeching+1","Slimebound:ItLooksTasty+1","Slimebound:Replication"],"picked":"SKIP","floor":27},{"not_picked":["Slimebound:Nibble","Slimebound:ProtectTheBoss","Slimebound:DisruptingSlam"],"picked":"SKIP","floor":29},{"not_picked":["Slimebound:ViciousTackle","Slimebound:RainOfGoop+1"],"picked":"Slimebound:Gluttony+1","floor":30},{"not_picked":["Slimebound:LeechingTouch","Slimebound:SplitAcid"],"picked":"Slimebound:RallyTheTroops","floor":31}],"player_experience":127319,"relics_obtained":[{"floor":7,"key":"Vajra"},{"floor":9,"key":"Matryoshka"},{"floor":24,"key":"PreservedInsect"},{"floor":24,"key":"Omamori"}],"event_choices":[{"cards_removed":["downfall:Malfunctioning"],"damage_healed":0,"gold_gain":0,"player_choice":"Card Removal","damage_taken":0,"max_hp_gain":0,"max_hp_loss":0,"event_name":"The Cleric","floor":5,"gold_loss":0}],"is_beta":false,"boss_relics":[{"not_picked":["Philosopher\u0027s Stone","Velvet Choker"],"picked":"Pandora\u0027s Box"}],"items_purged_floors":[27,31],"is_endless":false,"potions_floor_spawned":[9,11,14,16,19,22,25,29],"killed_by":"Centurion and Healer","ascension_level":0}}