{"host":"oi6p1guiqfwwvxym","time":1613363588,"event":{"mods":["BaseMod","Bestiary","Colored Map","Minty Spire (QoL Compilation)","Relic Stats"],"gold_per_floor":[114,114,130,130,140,140,175,175,229,263,263,279,279,308,308,408,408,418,434,21,37,55,55,55],"floor_reached":23,"language":"ENG","playtime":1068,"items_purged":["Strike_G"],"score":317,"play_id":"2cdbd7a2-c83a-442d-9ae2-cad523180b4c","local_time":"20210214203308","is_ascension_mode":true,"campfire_choices":[{"data":"Deadly Poison","floor":6,"key":"SMITH"},{"data":"Dash","floor":8,"key":"SMITH"},{"floor":11,"key":"REST"},{"data":"Noxious Fumes","floor":15,"key":"SMITH"}],"circlet_count":0,"master_deck":["AscendersBane","Strike_G+1","Strike_G","Strike_G","Defend_G","Defend_G","Defend_G","Defend_G","Defend_G","Survivor","Neutralize","Poisoned Stab","Slice","Deadly Poison+1","Dash+1","PiercingWail","Adrenaline","Noxious Fumes+1","Die Die Die+1","Leg Sweep","Catalyst","PiercingWail","Backflip"],"relics":["Ring of the Snake","Bronze Scales","The Courier","Boot","Mummified Hand","Tiny Chest","Philosopher\u0027s Stone","FossilizedHelix","Whetstone"],"acts_visited":["Exordium","TheCity"],"potions_floor_usage":[14,16,19,23],"damage_taken":[{"damage":2,"enemies":"Small Slimes","floor":1,"turns":5},{"damage":0,"enemies":"Jaw Worm","floor":3,"turns":4},{"damage":0,"enemies":"Cultist","floor":5,"turns":3},{"damage":17,"enemies":"Lagavulin","floor":7,"turns":5},{"damage":24,"enemies":"Gremlin Nob","floor":10,"turns":4},{"damage":4,"enemies":"Blue Slaver","floor":12,"turns":2},{"damage":7,"enemies":"3 Sentries","floor":14,"turns":8},{"damage":20,"enemies":"Slime Boss","floor":16,"turns":9},{"damage":18,"enemies":"Shell Parasite","floor":18,"turns":4},{"damage":14,"enemies":"Chosen","floor":19,"turns":5},{"damage":12,"enemies":"Shelled Parasite and Fungi","floor":21,"turns":4},{"damage":0,"enemies":"Snake Plant","floor":22,"turns":4},{"damage":24,"enemies":"Book of Stabbing","floor":23,"turns":4}],"seed_played":"-1673165928346114025","potions_obtained":[{"floor":3,"key":"Swift Potion"},{"floor":12,"key":"LiquidMemories"},{"floor":14,"key":"SpeedPotion"},{"floor":18,"key":"PowerPotion"}],"is_trial":false,"path_per_floor":["M","?","M","T","M","R","E","R","T","E","R","M","?","E","R","B",null,"M","M","$","M","M","E"],"character_chosen":"THE_SILENT","items_purchased":["FossilizedHelix","Whetstone"],"campfire_rested":1,"item_purchase_floors":[20,20],"current_hp_per_floor":[68,73,73,73,73,73,56,56,56,32,56,52,52,45,45,25,68,50,36,36,24,24,0,0],"gold":55,"neow_bonus":"TEN_PERCENT_HP_BONUS","is_daily":false,"chose_seed":false,"campfire_upgraded":3,"win_rate":0.0,"timestamp":1613363588,"path_taken":["M","?","M","?","M","R","E","R","T","E","R","M","?","E","R","BOSS","M","M","$","?","M","E"],"items_purchased_type":["Relic","Relic"],"build_version":"2020-12-22","purchased_purges":1,"victory":false,"max_hp_per_floor":[77,82,82,82,82,82,82,82,82,82,82,82,82,82,82,82,82,82,82,82,82,82,82,82],"relic_stats":{"counters":[13,61],"Mummified Hand":[6],"Bronze Scales":[142],"Tiny Chest":0,"Whetstone":["Die Die Die","Strike_G"],"Boot":[40],"obtain_stats":[{"Mummified Hand":10,"Bronze Scales":4,"Tiny Chest":14,"Philosopher\u0027s Stone":17,"The Courier":7,"Whetstone":20,"Boot":9,"FossilizedHelix":20,"Ring of the Snake":0},{"Mummified Hand":5,"Bronze Scales":2,"Tiny Chest":7,"Philosopher\u0027s Stone":8,"The Courier":4,"Whetstone":10,"Boot":4,"FossilizedHelix":10,"Ring of the Snake":0},{"Mummified Hand":21,"Bronze Scales":9,"Tiny Chest":31,"Philosopher\u0027s Stone":40,"The Courier":17,"Whetstone":49,"Boot":17,"FossilizedHelix":49,"Ring of the Snake":0}],"Ring of the Snake":[26]},"card_choices":[{"not_picked":["Backflip","Endless Agony"],"picked":"Poisoned Stab","floor":1},{"not_picked":["Dodge and Roll","Caltrops"],"picked":"Slice","floor":3},{"not_picked":["Quick Slash","Escape Plan"],"picked":"Deadly Poison","floor":5},{"not_picked":["Acrobatics","Crippling Poison"],"picked":"Dash","floor":7},{"not_picked":["Poisoned Stab","All Out Attack"],"picked":"PiercingWail","floor":10},{"not_picked":["Calculated Gamble","Sucker Punch"],"picked":"Adrenaline","floor":12},{"not_picked":["Prepared","Unload"],"picked":"Noxious Fumes","floor":14},{"not_picked":["Doppelganger","Grand Finale"],"picked":"Die Die Die","floor":16},{"not_picked":["Backflip","Heel Hook"],"picked":"Leg Sweep","floor":18},{"not_picked":["Flying Knee","Underhanded Strike+1"],"picked":"Catalyst","floor":19},{"not_picked":["Cloak And Dagger","All Out Attack+1"],"picked":"PiercingWail","floor":21},{"not_picked":["Blade Dance+1","Caltrops"],"picked":"Backflip","floor":22}],"player_experience":433196,"relics_obtained":[{"floor":4,"key":"Bronze Scales"},{"floor":7,"key":"The Courier"},{"floor":9,"key":"Boot"},{"floor":10,"key":"Mummified Hand"},{"floor":14,"key":"Tiny Chest"}],"event_choices":[{"damage_healed":0,"gold_gain":0,"player_choice":"Donut","damage_taken":0,"max_hp_gain":5,"max_hp_loss":0,"event_name":"Big Fish","floor":2,"gold_loss":0},{"cards_removed":["Strike_G"],"damage_healed":0,"gold_gain":0,"player_choice":"Purged","damage_taken":0,"max_hp_gain":0,"max_hp_loss":0,"event_name":"Purifier","floor":13,"gold_loss":0}],"is_beta":false,"boss_relics":[{"not_picked":["Ectoplasm","Calling Bell"],"picked":"Philosopher\u0027s Stone"}],"items_purged_floors":[20],"is_endless":false,"potions_floor_spawned":[3,12,14,18],"killed_by":"Book of Stabbing","ascension_level":10}}