{"host":"u7lm8z2rvb4dg2oo","time":1613375470,"event":{"mods":["AchievementEnabler","BaseMod","Bestiary","Block Reminder","Colored Map","Colored Powertips","Curses Come First","DeckTracker","Googly Eyes","Highlight Path","Minty Spire (QoL Compilation)","Quick Restart","StSLib"],"gold_per_floor":[119,119,18,34,52,83,83,103,403,413,433,53,69,80,80,151,151,166,181,198,148,55,55,71,96,96,96,116,116,143,154,154,154,154],"floor_reached":33,"language":"ENG","playtime":1558,"items_purged":["Strike_G"],"score":513,"play_id":"e1a6bd1b-4b7e-4114-b7e3-5d776531106b","local_time":"20210215025110","is_ascension_mode":true,"campfire_choices":[{"floor":7.0,"key":"REST"},{"floor":15.0,"key":"REST"},{"floor":23.0,"key":"REST"},{"floor":27.0,"key":"REST"},{"floor":29.0,"key":"REST"},{"floor":32.0,"key":"REST"}],"circlet_count":0,"master_deck":["AscendersBane","Survivor","Neutralize","Glass Knife","Deadly Poison","Deadly Poison","Leg Sweep","Phantasmal Killer","Well Laid Plans","PiercingWail","Burst","Noxious Fumes","Adrenaline","Backflip","Terror","Reflex","Tactician","Accuracy","Predator","Die Die Die","Deflect","Dagger Spray","Bouncing Flask","Noxious Fumes","Backstab","Bandage Up","Crippling Poison","Footwork"],"relics":["Ring of the Snake","FossilizedHelix","Old Coin","Bronze Scales","Pandora\u0027s Box","Shuriken","Matryoshka","Smiling Mask"],"acts_visited":["Exordium","TheCity"],"potions_floor_usage":[33],"damage_taken":[{"damage":1.0,"enemies":"Cultist","floor":1.0,"turns":4.0},{"damage":1.0,"enemies":"2 Louse","floor":4.0,"turns":3.0},{"damage":2.0,"enemies":"Jaw Worm","floor":5.0,"turns":3.0},{"damage":18.0,"enemies":"Gremlin Nob","floor":6.0,"turns":4.0},{"damage":8.0,"enemies":"Blue Slaver","floor":8.0,"turns":3.0},{"damage":7.0,"enemies":"Exordium Wildlife","floor":10.0,"turns":3.0},{"damage":0.0,"enemies":"3 Louse","floor":11.0,"turns":3.0},{"damage":3.0,"enemies":"Gremlin Gang","floor":13.0,"turns":4.0},{"damage":4.0,"enemies":"Large Slime","floor":14.0,"turns":5.0},{"damage":8.0,"enemies":"The Guardian","floor":16.0,"turns":9.0},{"damage":0.0,"enemies":"3 Byrds","floor":18.0,"turns":2.0},{"damage":19.0,"enemies":"Spheric Guardian","floor":19.0,"turns":4.0},{"damage":12.0,"enemies":"Snecko","floor":20.0,"turns":5.0},{"damage":13.0,"enemies":"Centurion and Healer","floor":24.0,"turns":9.0},{"damage":31.0,"enemies":"Book of Stabbing","floor":25.0,"turns":5.0},{"damage":30.0,"enemies":"Snake Plant","floor":28.0,"turns":4.0},{"damage":11.0,"enemies":"Slavers","floor":30.0,"turns":5.0},{"damage":0.0,"enemies":"Chosen and Byrds","floor":31.0,"turns":4.0},{"damage":39,"enemies":"Champ","floor":33,"turns":7}],"seed_played":"-6654069540322092024","potions_obtained":[{"floor":4.0,"key":"SteroidPotion"},{"floor":11.0,"key":"SpeedPotion"},{"floor":13.0,"key":"Strength Potion"},{"floor":16.0,"key":"AttackPotion"},{"floor":20.0,"key":"FearPotion"},{"floor":28.0,"key":"Block Potion"},{"floor":30.0,"key":"CunningPotion"},{"floor":31.0,"key":"Dexterity Potion"}],"is_trial":false,"path_per_floor":["M","?","$","M","M","E","R","M","T","M","M","$","M","M","R","B",null,"M","M","M","?","$","R","M","E","T","R","M","R","E","M","R","B"],"character_chosen":"THE_SILENT","items_purchased":["Deadly Poison","LiquidBronze","Bronze Scales","Burst","Noxious Fumes","Bandage Up"],"campfire_rested":6,"item_purchase_floors":[3,3,12,12,12,22],"current_hp_per_floor":[58,58,58,57,55,37,56,48,48,41,41,41,38,34,53,45,61,61,42,30,30,30,49,40,13,13,32,6,25,18,18,37,2,2],"gold":154,"neow_bonus":"ONE_RANDOM_RARE_CARD","is_daily":false,"chose_seed":false,"campfire_upgraded":0,"win_rate":0.0,"timestamp":1613375470,"path_taken":["M","?","?","M","M","E","R","?","T","M","M","$","M","M","R","BOSS","M","M","M","?","$","R","M","E","T","R","M","R","E","M","R","BOSS"],"items_purchased_type":["Card","Potion","Relic","Card","Card","Card"],"build_version":"2020-12-22","purchased_purges":1,"victory":false,"max_hp_per_floor":[66,66,66,66,66,66,66,66,66,66,66,66,66,66,66,66,66,66,66,66,66,66,66,66,66,66,66,66,66,66,66,66,66,66],"card_choices":[{"not_picked":["Cloak And Dagger","Dagger Spray"],"picked":"Deadly Poison","floor":1.0},{"not_picked":["Concentrate","Prepared","Quick Slash"],"picked":"SKIP","floor":4.0},{"not_picked":["Deadly Poison","Acrobatics"],"picked":"Leg Sweep","floor":5.0},{"not_picked":["Blade Dance","Outmaneuver"],"picked":"Phantasmal Killer","floor":6.0},{"not_picked":["PiercingWail","Blade Dance"],"picked":"Well Laid Plans","floor":8.0},{"not_picked":["Blade Dance","Deadly Poison"],"picked":"PiercingWail","floor":10.0},{"not_picked":["Quick Slash","Storm of Steel","Acrobatics"],"picked":"SKIP","floor":11.0},{"not_picked":["Quick Slash","Calculated Gamble","Prepared"],"picked":"SKIP","floor":13.0},{"not_picked":["Backflip","Deadly Poison","Cloak And Dagger"],"picked":"SKIP","floor":14.0},{"not_picked":["Phantasmal Killer","Wraith Form v2"],"picked":"Adrenaline","floor":16.0},{"not_picked":["Prepared","Cloak And Dagger"],"picked":"Bouncing Flask","floor":18.0},{"not_picked":["Poisoned Stab","Dagger Spray"],"picked":"Noxious Fumes","floor":19.0},{"not_picked":["Masterful Stab","Poisoned Stab"],"picked":"Backstab","floor":20.0},{"not_picked":["Poisoned Stab","Quick Slash"],"picked":"Crippling Poison","floor":24.0},{"not_picked":["Poisoned Stab","Skewer"],"picked":"Footwork","floor":25.0},{"not_picked":["Quick Slash","Blade Dance","Deadly Poison"],"picked":"SKIP","floor":28.0},{"not_picked":["Blade Dance+1","Storm of Steel","Slice"],"picked":"SKIP","floor":30.0},{"not_picked":["Calculated Gamble","Setup","Flying Knee"],"picked":"SKIP","floor":31.0}],"player_experience":1091030,"relics_obtained":[{"floor":6.0,"key":"FossilizedHelix"},{"floor":9.0,"key":"Old Coin"},{"floor":25.0,"key":"Shuriken"},{"floor":26.0,"key":"Matryoshka"},{"floor":30.0,"key":"Smiling Mask"}],"event_choices":[{"damage_healed":0.0,"max_hp_gain":0.0,"max_hp_loss":0.0,"gold_gain":0.0,"event_name":"Match and Keep!","player_choice":"0 cards matched","floor":2.0,"gold_loss":0.0,"damage_taken":0.0,"cards_obtained":[]},{"damage_healed":0.0,"max_hp_gain":0.0,"max_hp_loss":0.0,"gold_gain":0.0,"event_name":"The Joust","player_choice":"Bet on Murderer","floor":21.0,"gold_loss":50.0,"damage_taken":0.0}],"is_beta":false,"boss_relics":[{"not_picked":["WristBlade","Ring of the Serpent"],"picked":"Pandora\u0027s Box"}],"items_purged_floors":[12],"is_endless":false,"potions_floor_spawned":[4,11,13,16,20,28,30,31],"killed_by":"Champ","ascension_level":15}}