{"host":"or8fr2mp0k3eluj8","time":1613404517,"event":{"mods":["AchievementEnabler","BaseMod","Colored Map","DeckTracker","Hermit","Minty Spire (QoL Compilation)","StSLib","SuperFastMode"],"gold_per_floor":[113,38,38,48,63,63,126,126,126,126,126,161,8,29,29,34,34],"floor_reached":16,"language":"KOR","playtime":553,"items_purged":["hermit:Strike_Hermit","hermit:Strike_Hermit"],"score":123,"play_id":"73854430-6045-49bf-85df-ecfa91269ab4","local_time":"20210216005517","is_ascension_mode":false,"campfire_choices":[{"data":"hermit:FlashPowder","floor":6,"key":"SMITH"},{"data":"hermit:Snapshot","floor":8,"key":"SMITH"},{"floor":10,"key":"RECALL"},{"data":"hermit:ItchyTrigger","floor":15,"key":"SMITH"}],"circlet_count":0,"master_deck":["hermit:Strike_Hermit","hermit:Strike_Hermit+1","hermit:Defend_Hermit","hermit:Defend_Hermit","hermit:Defend_Hermit","hermit:Defend_Hermit","hermit:Snapshot+1","hermit:Covet+1","Regret","hermit:FlashPowder+1","hermit:Scavenge","hermit:ItchyTrigger+1","hermit:Feint"],"relics":["hermit:Momento","NeowsBlessing","Akabeko","HornCleat","Du-Vu Doll","MealTicket"],"acts_visited":["Exordium"],"potions_floor_usage":[12,12,16],"damage_taken":[{"damage":0,"enemies":"Cultist","floor":1,"turns":1},{"damage":0,"enemies":"Jaw Worm","floor":4,"turns":1},{"damage":0,"enemies":"Small Slimes","floor":5,"turns":1},{"damage":35,"enemies":"Gremlin Nob","floor":7,"turns":5},{"damage":0,"enemies":"Gremlin Nob","floor":12,"turns":3},{"damage":0,"enemies":"3 Louse","floor":14,"turns":5},{"damage":50,"enemies":"Slime Boss","floor":16,"turns":10}],"seed_played":"-5780965252534341453","potions_obtained":[{"floor":4,"key":"Fire Potion"},{"floor":5,"key":"Block Potion"},{"floor":7,"key":"Regen Potion"}],"is_trial":false,"path_per_floor":["M","$","?","M","M","R","?","R","T","R","?","E","$","M","R","B"],"character_chosen":"HERMIT","items_purchased":["hermit:ItchyTrigger"],"campfire_rested":0,"item_purchase_floors":[13],"current_hp_per_floor":[75,75,75,75,75,75,40,40,40,40,25,34,49,49,49,0,0],"gold":34,"neow_bonus":"THREE_ENEMY_KILL","is_daily":false,"chose_seed":false,"campfire_upgraded":3,"win_rate":0.0,"timestamp":1613404517,"path_taken":["M","?","?","M","M","R","?","R","T","R","?","E","$","M","R","BOSS"],"items_purchased_type":["Card"],"build_version":"2020-12-22","purchased_purges":2,"victory":false,"max_hp_per_floor":[75,75,75,75,75,75,75,75,75,75,75,75,75,75,75,75,75],"card_choices":[{"not_picked":["hermit:Manifest","hermit:Glare","hermit:Dive"],"picked":"SKIP","floor":1},{"not_picked":["hermit:PistolWhip","hermit:Snipe"],"picked":"hermit:FlashPowder","floor":4},{"not_picked":["hermit:Reprieve","hermit:HoleUp"],"picked":"hermit:Scavenge","floor":5},{"not_picked":["hermit:Cheat","hermit:Brawl","hermit:Shortfuse"],"picked":"SKIP","floor":12},{"not_picked":["hermit:Horror","hermit:Misfire"],"picked":"hermit:Feint","floor":14}],"player_experience":347277,"relics_obtained":[{"floor":7,"key":"HornCleat"},{"floor":9,"key":"Du-Vu Doll"},{"floor":12,"key":"MealTicket"}],"event_choices":[{"damage_healed":0,"gold_gain":0,"player_choice":"Box","damage_taken":0,"relics_obtained":["Akabeko"],"max_hp_gain":0,"max_hp_loss":0,"event_name":"Big Fish","floor":3,"gold_loss":0,"cards_obtained":["Regret"]},{"damage_healed":0,"gold_gain":30,"player_choice":"Searched \u00273\u0027 times","damage_taken":0,"max_hp_gain":0,"max_hp_loss":0,"event_name":"Dead Adventurer","floor":7,"gold_loss":0},{"damage_healed":0,"gold_gain":0,"player_choice":"Entered Light","damage_taken":15,"max_hp_gain":0,"max_hp_loss":0,"event_name":"Shining Light","floor":11,"gold_loss":0,"cards_upgraded":["hermit:Covet","hermit:Strike_Hermit"]}],"is_beta":false,"boss_relics":[],"items_purged_floors":[2,13],"is_endless":false,"potions_floor_spawned":[4,5,7],"killed_by":"Slime Boss","ascension_level":0}}