{"host":"zxd2l8an9de7z7b9","time":1613368549,"event":{"mods":["2.2 Compatiblity","AchievementEnabler","BaseMod","CapriCore","Colored Map","Colored Powertips","Minty Spire (QoL Compilation)","Rare Cards Sparkle","StSLib","SuperFastMode"],"gold_per_floor":[117,117,192,192,192,192,217,106,106,106,121,121,131,146,146,242,242,260,260,260,160,259,292,292,303,303,343,358,358,17,46,46,153,153,180,190,199,213,237,237,91,91,118,160,160,201,224,244,244,244,244,244,5,41,41,41],"floor_reached":55,"language":"KOR","playtime":2906,"items_purged":["Strike_R","Heavy Blade","Clash"],"score":916,"play_id":"a0fb85b2-d2ce-484e-a43c-2a22244bb9b5","local_time":"20210215145549","is_ascension_mode":true,"campfire_choices":[{"data":"Second Wind","floor":6.0,"key":"SMITH"},{"data":"Searing Blow","floor":10.0,"key":"SMITH"},{"data":"Dark Embrace","floor":12.0,"key":"SMITH"},{"data":"Searing Blow+1","floor":15.0,"key":"SMITH"},{"floor":24.0,"key":"REST"},{"floor":29.0,"key":"REST"},{"data":"Body Slam","floor":32.0,"key":"SMITH"},{"floor":40.0,"key":"RECALL"},{"data":"Rupture","floor":42.0,"key":"SMITH"},{"data":"Barricade","floor":49.0,"key":"SMITH"},{"data":"Brutality","floor":52.0,"key":"SMITH"}],"circlet_count":0,"master_deck":["Bash+1","Second Wind+1","Burning Pact","Burning Pact","Dark Embrace+1","Offering","Power Through","Thunderclap","Shrug It Off","Rage","Rupture+1","Body Slam+1","Necronomicurse","True Grit","Shockwave+1","Uppercut+1","Sever Soul+1","Battle Trance","Brutality+1","Wild Strike+1","Shockwave","Blood for Blood+1","Feel No Pain+1","True Grit+1","Barricade+1","Body Slam+1","Fiend Fire+1"],"relics":["Black Blood","Mercury Hourglass","Pandora\u0027s Box","Necronomicon","Bag of Preparation","CeramicFish","Molten Egg 2","Red Skull","Sling","Boot","Champion Belt","Kunai","Nunchaku","Shuriken","Happy Flower"],"acts_visited":["Exordium","TheCity","TheBeyond","TheEnding"],"potions_floor_usage":[],"damage_taken":[{"damage":3.0,"enemies":"Small Slimes","floor":1.0,"turns":4.0},{"damage":12.0,"enemies":"Lagavulin","floor":7.0,"turns":5.0},{"damage":0.0,"enemies":"Jaw Worm","floor":11.0,"turns":3.0},{"damage":7.0,"enemies":"2 Louse","floor":13.0,"turns":2.0},{"damage":7.0,"enemies":"Looter","floor":14.0,"turns":3.0},{"damage":47.0,"enemies":"Hexaghost","floor":16.0,"turns":9.0},{"damage":13.0,"enemies":"2 Thieves","floor":18.0,"turns":4.0},{"damage":25.0,"enemies":"Slavers","floor":23.0,"turns":6.0},{"damage":13.0,"enemies":"3 Byrds","floor":25.0,"turns":6.0},{"damage":39.0,"enemies":"Book of Stabbing","floor":27.0,"turns":5.0},{"damage":6.0,"enemies":"Centurion and Healer","floor":28.0,"turns":5.0},{"damage":6.0,"enemies":"Snecko","floor":31.0,"turns":4.0},{"damage":50.0,"enemies":"Collector","floor":33.0,"turns":8.0},{"damage":8.0,"enemies":"Orb Walker","floor":35.0,"turns":2.0},{"damage":39.0,"enemies":"3 Darklings","floor":36.0,"turns":6.0},{"damage":9.0,"enemies":"Spire Growth","floor":38.0,"turns":4.0},{"damage":13.0,"enemies":"Maw","floor":39.0,"turns":6.0},{"damage":9.0,"enemies":"Nemesis","floor":44.0,"turns":5.0},{"damage":9.0,"enemies":"Reptomancer","floor":46.0,"turns":5.0},{"damage":13.0,"enemies":"Jaw Worm Horde","floor":47.0,"turns":4.0},{"damage":13.0,"enemies":"Writhing Mass","floor":48.0,"turns":4.0},{"damage":48.0,"enemies":"Time Eater","floor":50.0,"turns":9.0},{"damage":49.0,"enemies":"Shield and Spear","floor":54.0,"turns":4.0},{"damage":48,"enemies":"The Heart","floor":55,"turns":2}],"seed_played":"6520778732102660608","potions_obtained":[{"floor":1.0,"key":"SteroidPotion"},{"floor":13.0,"key":"DuplicationPotion"},{"floor":16.0,"key":"HeartOfIron"},{"floor":25.0,"key":"DuplicationPotion"},{"floor":27.0,"key":"GamblersBrew"},{"floor":31.0,"key":"Swift Potion"},{"floor":36.0,"key":"Block Potion"},{"floor":38.0,"key":"Explosive Potion"},{"floor":39.0,"key":"Ancient Potion"},{"floor":48.0,"key":"Fire Potion"}],"is_trial":false,"path_per_floor":["M","?","?","?","?","R","E","$","T","R","M","R","M","M","R","B",null,"M","?","?","$","?","E","R","M","T","E","M","R","$","M","R","B",null,"M","M","?","M","M","R","$","R","T","E","T","E","M","M","R","B",null,"R","$","E","B"],"character_chosen":"IRONCLAD","items_purchased":["Searing Blow","Sever Soul+1","Red Skull","Sling","Shuriken"],"campfire_rested":2,"item_purchase_floors":[8,30,30,41,53],"current_hp_per_floor":[80,64,53,58,58,58,52,52,52,52,58,58,57,56,56,15,85,78,62,62,62,62,43,68,61,61,28,28,53,53,53,53,9,85,85,58,58,61,60,60,60,60,60,63,63,66,65,64,64,28,85,85,85,48,0,0],"gold":41,"neow_bonus":"TRANSFORM_CARD","is_daily":false,"chose_seed":false,"campfire_upgraded":8,"win_rate":0.0,"timestamp":1613368549,"path_taken":["M","?","?","?","?","R","E","$","T","R","M","R","M","M","R","BOSS","M","?","?","?","?","E","R","M","T","E","M","R","$","?","R","BOSS","M","M","?","?","M","R","?","R","T","E","?","E","M","M","R","BOSS","R","$","E","BOSS"],"items_purchased_type":["Card","Card","Relic","Relic","Relic"],"build_version":"2020-12-22","purchased_purges":3,"victory":false,"max_hp_per_floor":[80,80,80,85,85,85,85,85,85,85,85,85,85,85,85,85,85,85,85,85,85,85,85,85,85,85,85,85,85,85,85,85,85,85,85,85,85,85,85,85,85,85,85,85,85,85,85,85,85,85,85,85,85,85,85,85],"card_choices":[{"not_picked":["Blood for Blood","Iron Wave"],"picked":"Burning Pact","floor":1.0},{"not_picked":["Carnage","Armaments"],"picked":"Burning Pact","floor":7.0},{"not_picked":["Cleave","Warcry"],"picked":"Dark Embrace","floor":11.0},{"not_picked":["Heavy Blade","Body Slam"],"picked":"Clash","floor":13.0},{"not_picked":["Thunderclap","Iron Wave","Cleave"],"picked":"SKIP","floor":14.0},{"not_picked":["Brutality","Corruption"],"picked":"Offering","floor":16.0},{"not_picked":["Flex+1","Burning Pact","Perfected Strike"],"picked":"SKIP","floor":18.0},{"not_picked":["Berserk","Twin Strike"],"picked":"Shockwave+1","floor":23.0},{"not_picked":["Cleave","Headbutt+1","Perfected Strike"],"picked":"SKIP","floor":25.0},{"not_picked":["Whirlwind+1","Limit Break"],"picked":"Uppercut+1","floor":27.0},{"not_picked":["Pummel+1","Thunderclap+1","Armaments"],"picked":"SKIP","floor":28.0},{"not_picked":["Heavy Blade+1","Blood for Blood+1"],"picked":"Battle Trance","floor":31.0},{"not_picked":["Bludgeon+1","Demon Form"],"picked":"Brutality","floor":33.0},{"not_picked":["Searing Blow+1","Dark Embrace"],"picked":"Wild Strike+1","floor":35.0},{"not_picked":["Clothesline+1","Hemokinesis+1","Thunderclap+1"],"picked":"SKIP","floor":36.0},{"not_picked":["Clothesline+1","Hemokinesis+1","Thunderclap+1"],"picked":"SKIP","floor":36.0},{"not_picked":["Pommel Strike+1","Uppercut+1","Cleave+1"],"picked":"SKIP","floor":38.0},{"not_picked":["Iron Wave+1","Rampage+1"],"picked":"Blood for Blood+1","floor":39.0},{"not_picked":["Clothesline+1","Barricade"],"picked":"Feel No Pain+1","floor":44.0},{"not_picked":["Clash+1","Heavy Blade+1"],"picked":"True Grit+1","floor":46.0},{"not_picked":["Anger+1","Rupture"],"picked":"Barricade","floor":47.0},{"not_picked":["Rampage+1","Flex+1"],"picked":"Body Slam+1","floor":48.0},{"not_picked":["Anger+1","Warcry"],"picked":"Fiend Fire+1","floor":54.0}],"player_experience":351418,"relics_obtained":[{"floor":7.0,"key":"Mercury Hourglass"},{"floor":19.0,"key":"Necronomicon"},{"floor":23.0,"key":"Bag of Preparation"},{"floor":26.0,"key":"CeramicFish"},{"floor":27.0,"key":"Molten Egg 2"},{"floor":43.0,"key":"Boot"},{"floor":44.0,"key":"Champion Belt"},{"floor":45.0,"key":"Kunai"},{"floor":46.0,"key":"Nunchaku"},{"floor":54.0,"key":"Happy Flower"}],"event_choices":[{"damage_healed":0.0,"max_hp_gain":0.0,"max_hp_loss":0.0,"gold_gain":0.0,"event_name":"Shining Light","player_choice":"Entered Light","floor":2.0,"gold_loss":0.0,"damage_taken":16.0,"cards_upgraded":["Defend_R","Strike_R"]},{"damage_healed":0.0,"max_hp_gain":0.0,"max_hp_loss":0.0,"gold_gain":75.0,"event_name":"World of Goop","player_choice":"Gather Gold","floor":3.0,"gold_loss":0.0,"damage_taken":11.0},{"damage_healed":0.0,"max_hp_gain":5.0,"max_hp_loss":0.0,"gold_gain":0.0,"event_name":"Big Fish","player_choice":"Donut","floor":4.0,"gold_loss":0.0,"damage_taken":0.0},{"damage_healed":0.0,"max_hp_gain":0.0,"max_hp_loss":0.0,"gold_gain":0.0,"event_name":"Living Wall","player_choice":"Grow","floor":5.0,"gold_loss":0.0,"damage_taken":0.0,"cards_upgraded":["Bash"]},{"damage_healed":0.0,"max_hp_gain":0.0,"max_hp_loss":0.0,"gold_gain":0.0,"event_name":"Cursed Tome","player_choice":"Obtained Book","floor":19.0,"gold_loss":0.0,"damage_taken":16.0},{"damage_healed":0.0,"max_hp_gain":0.0,"max_hp_loss":0.0,"gold_gain":0.0,"event_name":"The Library","player_choice":"Read","floor":20.0,"gold_loss":0.0,"damage_taken":0.0,"cards_obtained":["True Grit"]},{"damage_healed":0.0,"max_hp_gain":0.0,"max_hp_loss":0.0,"gold_gain":99.0,"event_name":"Nest","player_choice":"Stole From Cult","floor":22.0,"gold_loss":0.0,"damage_taken":0.0},{"damage_healed":0.0,"max_hp_gain":0.0,"max_hp_loss":0.0,"gold_gain":0.0,"cards_transformed":["Searing Blow"],"event_name":"Transmorgrifier","player_choice":"Transformed","floor":37.0,"gold_loss":0.0,"damage_taken":0.0,"cards_obtained":["Shockwave"]}],"is_beta":false,"boss_relics":[{"not_picked":["Tiny House","Runic Dome"],"picked":"Pandora\u0027s Box"},{"not_picked":["Calling Bell","Empty Cage"],"picked":"Black Blood"}],"items_purged_floors":[8,21,30],"is_endless":false,"potions_floor_spawned":[1,13,16,25,27,31,36,38,39,48],"killed_by":"The Heart","ascension_level":4}}