{"host":"c83fcgyuu74iknko","time":1613377791,"event":{"mods":["BaseMod","BetterRewards","Colored Map","Colored Powertips","Minty Spire (QoL Compilation)","Quick Restart","StSLib","The Animator","The Senshi"],"gold_per_floor":[109,109,109,120,138,138,173,233,256,256,270,270,282,296,296,394,394,406,143,163,163,181,207,207,127,127,145,145,145,161,180,180,275,275,294,294,294,120,139,139,164,181,181,231,113,113,47,62,62,62,62],"floor_reached":50,"language":"ENG","playtime":2532,"items_purged":["Strike_P","Strike_P","CrushJoints"],"score":692,"play_id":"fdd3abc8-350b-4a7a-8451-4704cf9226c6","local_time":"20210215002951","is_ascension_mode":false,"campfire_choices":[{"data":"Alpha","floor":6,"key":"SMITH"},{"floor":15,"key":"REST"},{"data":"Evaluate","floor":24,"key":"SMITH"},{"floor":32,"key":"REST"},{"data":"Evaluate","floor":40,"key":"SMITH"},{"data":"Consecrate","floor":46,"key":"PURGE"},{"floor":49,"key":"REST"}],"circlet_count":0,"master_deck":["Defend_P","Defend_P","Defend_P","Defend_P","Eruption","Vigilance","Alpha+1","Evaluate+1","CutThroughFate","Prostrate","Evaluate+1","JustLucky+1","FearNoEvil+1","ForeignInfluence+1","Finesse","CutThroughFate+1","Impatience"],"relics":["PureWater","Pocketwatch","The Courier","Happy Flower","Dream Catcher","PreservedInsect","White Beast Statue","Busted Crown","Matryoshka","Juzu Bracelet","Pen Nib","Bronze Scales","Bag of Marbles","Du-Vu Doll","Astrolabe","theSenshi:FeatherClipsRelic","Mummified Hand","theSenshi:SpiralHeartMoonRodRelic","Peace Pipe","Oddly Smooth Stone"],"acts_visited":["Exordium","TheCity","TheBeyond"],"potions_floor_usage":[13,14,20,44,50],"damage_taken":[{"damage":0,"enemies":"Cultist","floor":1,"turns":3},{"damage":0,"enemies":"Jaw Worm","floor":4,"turns":4},{"damage":0,"enemies":"Small Slimes","floor":5,"turns":3},{"damage":32,"enemies":"Gremlin Nob","floor":7,"turns":4},{"damage":17,"enemies":"Lagavulin Event","floor":8,"turns":5},{"damage":10,"enemies":"Looter","floor":11,"turns":2},{"damage":13,"enemies":"Lots of Slimes","floor":13,"turns":3},{"damage":6,"enemies":"Large Slime","floor":14,"turns":4},{"damage":25,"enemies":"The Guardian","floor":16,"turns":6},{"damage":0,"enemies":"Chosen","floor":18,"turns":4},{"damage":37,"enemies":"2 Thieves","floor":20,"turns":3},{"damage":0,"enemies":"Cultist and Chosen","floor":22,"turns":4},{"damage":17,"enemies":"Slavers","floor":23,"turns":3},{"damage":14,"enemies":"Sentry and Sphere","floor":27,"turns":4},{"damage":8,"enemies":"Snake Plant","floor":30,"turns":3},{"damage":14,"enemies":"Centurion and Healer","floor":31,"turns":4},{"damage":34,"enemies":"Collector","floor":33,"turns":7},{"damage":14,"enemies":"3 Darklings","floor":35,"turns":3},{"damage":10,"enemies":"Orb Walker","floor":39,"turns":4},{"damage":31,"enemies":"Reptomancer","floor":41,"turns":4},{"damage":10,"enemies":"Maw","floor":42,"turns":5},{"damage":15,"enemies":"Mind Bloom Boss Battle","floor":44,"turns":6},{"damage":52,"enemies":"4 Shapes","floor":48,"turns":4},{"damage":72,"enemies":"Time Eater","floor":50,"turns":10}],"seed_played":"-238546654383195969","potions_obtained":[{"floor":4,"key":"SpeedPotion"},{"floor":8,"key":"Dexterity Potion"},{"floor":13,"key":"Fruit Juice"},{"floor":14,"key":"SpeedPotion"},{"floor":16,"key":"DistilledChaos"},{"floor":18,"key":"EssenceOfSteel"},{"floor":20,"key":"Regen Potion"},{"floor":22,"key":"FairyPotion"},{"floor":44,"key":"CultistPotion"}],"is_trial":false,"path_per_floor":["M","?","T","M","M","R","E","?","T","?","M","T","M","M","R","B",null,"M","$","M","?","M","E","R","$","T","M","?","T","M","M","R","B",null,"M","?","T","$","M","R","E","M","T","?","$","R","$","M","R","B"],"character_chosen":"WATCHER","items_purchased":["WindmillStrike","Matryoshka","Finesse","Oddly Smooth Stone","Impatience"],"campfire_rested":3,"item_purchase_floors":[0,19,38,45,47],"current_hp_per_floor":[72,72,72,72,72,72,40,23,23,28,18,18,10,4,28,3,82,82,82,45,92,92,75,75,75,75,61,61,61,53,39,66,32,92,78,78,78,78,74,74,49,45,45,53,53,53,53,15,41,0,0],"gold":62,"neow_bonus":"","is_daily":false,"chose_seed":false,"campfire_upgraded":3,"win_rate":0.0,"timestamp":1613377791,"path_taken":["M","?","?","?","M","R","E","?","T","?","M","?","M","?","R","BOSS","M","$","M","?","?","E","R","$","T","M","?","?","M","M","R","BOSS","M","?","?","$","M","R","E","M","T","?","?","R","?","M","R","BOSS"],"items_purchased_type":["Card","Relic","Card","Relic","Card"],"build_version":"2020-12-22","purchased_purges":3,"victory":false,"max_hp_per_floor":[72,72,72,72,72,72,72,72,72,77,77,77,82,82,82,82,82,82,82,82,92,92,92,92,92,92,92,92,92,92,92,92,92,92,92,87,87,87,87,87,87,87,87,87,87,87,87,87,87,87,87],"card_choices":[{"not_picked":["FlyingSleeves","SashWhip"],"picked":"Consecrate","floor":1},{"not_picked":["Crescendo","Weave"],"picked":"CrushJoints","floor":4},{"not_picked":["ClearTheMind","Tantrum"],"picked":"Alpha","floor":5},{"not_picked":["MentalFortress","Fasting2","Pray"],"picked":"SKIP","floor":7},{"not_picked":["Collect","Consecrate"],"picked":"Evaluate","floor":8},{"not_picked":["ClearTheMind","Prostrate"],"picked":"CutThroughFate","floor":11},{"not_picked":["Vengeance","PathToVictory"],"picked":"Prostrate","floor":13},{"not_picked":["Weave","Crescendo","CarveReality"],"picked":"SKIP","floor":14},{"not_picked":["Adaptation","EmptyBody"],"picked":"Devotion","floor":15},{"not_picked":["Indignation+1"],"picked":"SKIP","floor":18},{"not_picked":["PathToVictory"],"picked":"SKIP","floor":20},{"not_picked":["ClearTheMind"],"picked":"SKIP","floor":22},{"not_picked":["Prostrate"],"picked":"SKIP","floor":23},{"not_picked":["WindmillStrike"],"picked":"SKIP","floor":27},{"not_picked":["Prostrate"],"picked":"SKIP","floor":30},{"not_picked":[],"picked":"Evaluate","floor":31},{"not_picked":["CarveReality"],"picked":"SKIP","floor":35},{"not_picked":[],"picked":"CutThroughFate+1","floor":39},{"not_picked":["WindmillStrike+1"],"picked":"SKIP","floor":41},{"not_picked":["WreathOfFlame"],"picked":"SKIP","floor":42},{"not_picked":["WindmillStrike"],"picked":"SKIP","floor":48}],"player_experience":226776,"relics_obtained":[{"floor":3,"key":"The Courier"},{"floor":7,"key":"Happy Flower"},{"floor":8,"key":"Dream Catcher"},{"floor":9,"key":"PreservedInsect"},{"floor":12,"key":"White Beast Statue"},{"floor":23,"key":"Juzu Bracelet"},{"floor":26,"key":"Pen Nib"},{"floor":26,"key":"Bronze Scales"},{"floor":29,"key":"Bag of Marbles"},{"floor":29,"key":"Du-Vu Doll"},{"floor":37,"key":"theSenshi:FeatherClipsRelic"},{"floor":41,"key":"Mummified Hand"},{"floor":43,"key":"theSenshi:SpiralHeartMoonRodRelic"},{"floor":44,"key":"Peace Pipe"}],"event_choices":[{"damage_healed":0,"gold_gain":0,"player_choice":"Grow","damage_taken":0,"max_hp_gain":0,"max_hp_loss":0,"event_name":"Living Wall","floor":2,"gold_loss":0,"cards_upgraded":["WindmillStrike"]},{"damage_healed":0,"gold_gain":30,"player_choice":"Searched \u00272\u0027 times","damage_taken":0,"max_hp_gain":0,"max_hp_loss":0,"event_name":"Dead Adventurer","floor":8,"gold_loss":0},{"damage_healed":0,"gold_gain":0,"player_choice":"Donut","damage_taken":0,"max_hp_gain":5,"max_hp_loss":0,"event_name":"Big Fish","floor":10,"gold_loss":0},{"cards_removed":["Devotion"],"damage_healed":37,"gold_gain":0,"player_choice":"Offered Rare","damage_taken":0,"max_hp_gain":10,"max_hp_loss":0,"event_name":"Bonfire Elementals","floor":21,"gold_loss":0},{"damage_healed":0,"gold_gain":0,"player_choice":"Ignored","damage_taken":0,"max_hp_gain":0,"max_hp_loss":0,"event_name":"Cursed Tome","floor":28,"gold_loss":0},{"damage_healed":0,"gold_gain":0,"player_choice":"Max HP","damage_taken":0,"max_hp_gain":0,"max_hp_loss":5,"event_name":"Winding Halls","floor":36,"gold_loss":0},{"damage_healed":0,"gold_gain":0,"player_choice":"Fight","damage_taken":0,"max_hp_gain":0,"max_hp_loss":0,"event_name":"MindBloom","floor":44,"gold_loss":0}],"is_beta":false,"boss_relics":[{"not_picked":["SacredBark","SlaversCollar"],"picked":"Busted Crown"},{"not_picked":["Snecko Eye","VioletLotus"],"picked":"Astrolabe"}],"items_purged_floors":[19,25,38],"is_endless":false,"potions_floor_spawned":[4,8,13,14,16,18,20,22,23,27,30,31,33,35,39,41,42,44,48],"killed_by":"Time Eater","ascension_level":0}}