{"host":"r0h3ysx70cq9cujv","time":1613387023,"event":{"mods":["Act Like it!","Aspiration","BaseMod","Minty Spire (QoL Compilation)","Pale of the Ancients","Red Circlet Mod","Reliquary","Replay The Spire","RumiaBox-露米娅的神秘盒子","StSLib","【功能Mod】混沌之环修复补丁"],"gold_per_floor":[119,119,160,37,37,80,80,111,111,154,154,169,188,188,188,188,188],"floor_reached":16,"language":"ZHS","playtime":406,"items_purged":["Defend_R"],"score":174,"play_id":"e160d8fc-36cf-4b9c-960f-feeeee2e9928","local_time":"20210215190343","is_ascension_mode":true,"campfire_choices":[{"data":"Armaments","floor":7,"key":"SMITH"},{"data":"Feed","floor":11,"key":"SMITH"},{"data":"Entrench","floor":15,"key":"SMITH"}],"circlet_count":0,"master_deck":["Strike_R","Strike_R","Strike_R","Strike_R","Strike_R","Defend_R","Defend_R","Bash","Shrug It Off","Cleave","Armaments+1","Feed+1","Entrench+1","Shrug It Off","Dropkick+1"],"relics":["Burning Blood","NeowsBlessing","Golden Idol","aspiration:HatOfInfinitePower","Omamori","Bottled Flame","GodSword6","reliquary:PorcupineQuills"],"acts_visited":["Exordium"],"potions_floor_usage":[16],"damage_taken":[{"damage":0,"enemies":"2 Louse","floor":1,"turns":2},{"damage":0,"enemies":"Lagavulin","floor":6,"turns":1},{"damage":0,"enemies":"Gremlin Nob","floor":8,"turns":1},{"damage":23,"enemies":"Lagavulin","floor":10,"turns":8},{"damage":0,"enemies":"Jaw Worm","floor":12,"turns":6},{"damage":0,"enemies":"Small Slimes","floor":13,"turns":2},{"damage":59,"enemies":"The Guardian","floor":16,"turns":14}],"seed_played":"4043312365897512056","potions_obtained":[{"floor":6,"key":"SpeedPotion"}],"is_trial":false,"path_per_floor":["M","?","?","$","$","E","R","E","T","E","R","M","M","?","R","B"],"character_chosen":"IRONCLAD","items_purchased":["Armaments"],"campfire_rested":0,"item_purchase_floors":[4],"current_hp_per_floor":[80,60,40,40,40,46,46,55,55,38,38,48,58,58,58,0,0],"gold":188,"neow_bonus":"THREE_ENEMY_KILL","is_daily":false,"chose_seed":false,"campfire_upgraded":3,"win_rate":0.0,"timestamp":1613387023,"path_taken":["M","?","?","?","$","E","R","E","T","E","R","M","M","?","R","BOSS"],"items_purchased_type":["Card"],"build_version":"2020-12-22","purchased_purges":1,"victory":false,"max_hp_per_floor":[80,80,80,80,80,80,80,83,83,83,83,87,91,91,91,91,91],"card_choices":[{"not_picked":["Entrench","Fire Breathing"],"picked":"Shrug It Off","floor":1},{"not_picked":["Warcry","Pommel Strike"],"picked":"Cleave","floor":3},{"not_picked":["ReplayTheSpireMod:Limb From Limb","Flame Barrier"],"picked":"Feed","floor":6},{"not_picked":["Whirlwind","Cleave"],"picked":"Entrench","floor":8},{"not_picked":["Iron Wave","Dark Embrace","Fiend Fire"],"picked":"SKIP","floor":10},{"not_picked":["Replay:Undeath\u0027s Touch","Uppercut","Flame Barrier"],"picked":"SKIP","floor":12},{"not_picked":["Warcry","Twin Strike"],"picked":"Shrug It Off","floor":13}],"player_experience":9429,"relics_obtained":[{"floor":3,"key":"aspiration:HatOfInfinitePower"},{"floor":6,"key":"Omamori"},{"floor":8,"key":"Bottled Flame"},{"floor":9,"key":"GodSword6"},{"floor":10,"key":"reliquary:PorcupineQuills"}],"event_choices":[{"damage_healed":0,"gold_gain":0,"player_choice":"Take Damage","damage_taken":20,"relics_obtained":["Golden Idol"],"max_hp_gain":0,"max_hp_loss":0,"event_name":"Golden Idol","floor":2,"gold_loss":0}],"is_beta":false,"boss_relics":[],"items_purged_floors":[4],"is_endless":false,"potions_floor_spawned":[6],"killed_by":"The Guardian","ascension_level":1}}