{"host":"2pkirg8lp2j2yw4c","time":1613365574,"event":{"mods":["AchievementEnabler","BaseMod","BetterRewards","Colored Map","Colored Powertips","Curses Come First","Googly Eyes","Hubris","Infinite Spire","Minty Spire (QoL Compilation)","Quick Restart","Reliquary","StSLib","slay the spire mod where everything is the same but ironclad has a cowboy hat"],"gold_per_floor":[114,114,126,51,67,96,110,144,167,183,183,215,236,252,252,353,353,367,384,310,322,339,339,371,371,398,398,408,438,458,458,458,561,561,581,581,598,598,598,598],"floor_reached":39,"language":"ENG","playtime":2021,"items_purged":["Defend_R"],"score":515,"play_id":"bcb63072-d5bc-4611-86eb-02958d00d905","local_time":"20210215000614","is_ascension_mode":true,"campfire_choices":[{"data":"Bash","floor":11,"key":"SMITH"},{"data":"Iron Wave","floor":15,"key":"SMITH"},{"data":"WindmillStrike","floor":23,"key":"SMITH"},{"data":"Caltrops","floor":25,"key":"SMITH"},{"floor":32,"key":"REST"}],"circlet_count":0,"master_deck":["Strike_R","Strike_R","Strike_R","Strike_R","Strike_R","Defend_R","Defend_R","Defend_R","Bash+1","Panacea+1","Iron Wave+1","infinitespire:Execution+1","Evaluate+1","Skim+1","Turbo+1","Deadly Poison+1","hubris:SharpeningStone+1","Stack+1","Poisoned Stab","Disarm+1","Phantasmal Killer+1","WindmillStrike+1","Metallicize","Conserve Battery+1","Caltrops+1","Malaise+1","hubris:InfiniteBlow+1","Study","Alpha+1","FollowUp+1","Enlightenment+1","Finesse+1","Madness+1"],"relics":["Burning Blood","PrismaticShard","Charon\u0027s Ashes","Toxic Egg 2","Oddly Smooth Stone","Red Skull","Bag of Preparation","Odd Mushroom","reliquary:RedPaperclip","reliquary:PartyBalloon","WingedGreaves","Peace Pipe","hubris:HollowSoul"],"acts_visited":["Exordium","TheCity","TheBeyond"],"potions_floor_usage":[12,29,39],"damage_taken":[{"damage":0.0,"enemies":"2 Louse","floor":1.0,"turns":3.0},{"damage":0.0,"enemies":"Jaw Worm","floor":3.0,"turns":3.0},{"damage":0.0,"enemies":"Small Slimes","floor":5.0,"turns":3.0},{"damage":12.0,"enemies":"3 Sentries","floor":6.0,"turns":4.0},{"damage":0.0,"enemies":"3 Louse","floor":7.0,"turns":3.0},{"damage":2,"enemies":"Lagavulin","floor":8,"turns":7},{"damage":0,"enemies":"Looter","floor":10,"turns":3},{"damage":18,"enemies":"Gremlin Nob","floor":12,"turns":4},{"damage":9,"enemies":"The Mushroom Lair","floor":13,"turns":3},{"damage":0,"enemies":"Large Slime","floor":14,"turns":3},{"damage":7,"enemies":"The Guardian","floor":16,"turns":8},{"damage":0,"enemies":"Chosen","floor":18,"turns":3},{"damage":13,"enemies":"Shell Parasite","floor":19,"turns":4},{"damage":1,"enemies":"Chosen and Byrds","floor":21,"turns":6},{"damage":0,"enemies":"Centurion and Healer","floor":22,"turns":5},{"damage":9,"enemies":"Book of Stabbing","floor":24,"turns":4},{"damage":21,"enemies":"Cultist and Chosen","floor":28,"turns":6},{"damage":28,"enemies":"Gremlin Leader","floor":29,"turns":6},{"damage":16,"enemies":"Sentry and Sphere","floor":30,"turns":4},{"damage":22,"enemies":"hubris:MusketHawk","floor":33,"turns":9},{"damage":20,"enemies":"3 Shapes","floor":35,"turns":4},{"damage":20,"enemies":"3 Darklings","floor":37,"turns":5},{"damage":20,"enemies":"Spire Growth","floor":39,"turns":2}],"seed_played":"-6474431522182949041","potions_obtained":[{"floor":1.0,"key":"ElixirPotion"},{"floor":3.0,"key":"AttackPotion"},{"floor":5.0,"key":"BloodPotion"},{"floor":7.0,"key":"FearPotion"},{"floor":12,"key":"LiquidBronze"},{"floor":33,"key":"EssenceOfSteel"},{"floor":38,"key":"HeartOfIron"},{"floor":38,"key":"CultistPotion"}],"is_trial":false,"path_per_floor":["M","?","M","$","M","E","M","E","T","M","R","E","?","M","R","B",null,"M","M","$","M","M","R","E","R","T","AVR","M","E","M","?","R","B",null,"M","?","M","?","M"],"character_chosen":"IRONCLAD","items_purchased":["PrismaticShard","Toxic Egg 2","Oddly Smooth Stone","Panacea+1","Metallicize"],"campfire_rested":1,"item_purchase_floors":[0,0,0,0,20],"current_hp_per_floor":[50,29,35,35,41,35,41,45,45,51,51,39,36,42,42,41,80,80,73,73,78,80,80,77,77,77,77,62,56,46,46,70,54,80,66,56,42,42,0,0],"gold":598,"neow_bonus":"","is_daily":false,"chose_seed":false,"campfire_upgraded":4,"win_rate":0.0,"timestamp":1613365574,"path_taken":["M","?","M","?","M","E","M","E","T","M","R","E","?","M","R","BOSS","M","M","$","M","M","R","E","R","T","AVR","M","E","M","?","R","BOSS","M","?","M","?","?"],"items_purchased_type":["Relic","Relic","Relic","Card","Card"],"build_version":"2020-12-22","purchased_purges":1,"victory":false,"max_hp_per_floor":[80,80,80,80,80,80,80,80,80,80,80,80,80,80,80,80,80,80,80,80,80,80,80,80,80,80,80,80,80,80,80,80,80,80,80,80,80,80,80,80],"card_choices":[{"not_picked":["True Grit+1","Well Laid Plans"],"picked":"Iron Wave","floor":1.0},{"not_picked":["infinitespire:NeuralNetwork","infinitespire:FinalStrike"],"picked":"infinitespire:Execution","floor":2.0},{"not_picked":["hubris:SlightOfHand+1","Redo+1"],"picked":"Evaluate+1","floor":3.0},{"not_picked":["Fire Breathing","Heavy Blade"],"picked":"Skim+1","floor":5.0},{"not_picked":["Dagger Throw","Sucker Punch"],"picked":"Turbo+1","floor":6.0},{"not_picked":["Deadly Poison+1","Perfected Strike","Rip and Tear"],"picked":"SKIP","floor":7.0},{"not_picked":["Perfected Strike","Rip and Tear"],"picked":"Deadly Poison+1","floor":7.0},{"not_picked":["Blizzard","True Grit+1"],"picked":"hubris:SharpeningStone+1","floor":8},{"not_picked":["SashWhip","WheelKick"],"picked":"Stack+1","floor":10},{"not_picked":["Pommel Strike","Tactician+1","Burst+1"],"picked":"SKIP","floor":12},{"not_picked":["Tactician+1","Headbutt"],"picked":"Poisoned Stab","floor":13},{"not_picked":["Concentrate+1","Sunder"],"picked":"Disarm+1","floor":14},{"not_picked":["Die Die Die","Impervious+1"],"picked":"Phantasmal Killer+1","floor":16},{"not_picked":["Clash","Carnage+1","Go for the Eyes"],"picked":"SKIP","floor":18},{"not_picked":["Ball Lightning","CrushJoints"],"picked":"WindmillStrike","floor":19},{"not_picked":["Flying Knee","Die Die Die"],"picked":"Conserve Battery+1","floor":21},{"not_picked":["Scrape","Deadly Poison+1"],"picked":"Caltrops","floor":22},{"not_picked":["CutThroughFate+1","Crescendo+1"],"picked":"Malaise+1","floor":24},{"not_picked":["Dash","FlurryOfBlows+1","Redo+1"],"picked":"SKIP","floor":28},{"not_picked":["Reaper","Bane+1"],"picked":"Study","floor":29},{"not_picked":["CarveReality","Underhanded Strike","Anger+1"],"picked":"SKIP","floor":30},{"not_picked":["Adrenaline+1","Unload"],"picked":"Alpha+1","floor":33},{"not_picked":["Auto Shields+1","Ghostly Armor+1"],"picked":"FollowUp+1","floor":35},{"not_picked":["hubris:Insight+1","Secret Technique+1"],"picked":"Enlightenment+1","floor":36},{"not_picked":["Mind Blast","Secret Technique+1"],"picked":"Finesse+1","floor":36},{"not_picked":["Magnetism","Swift Strike"],"picked":"Madness+1","floor":36},{"not_picked":["JustLucky+1","Consecrate+1","Fasting2+1"],"picked":"SKIP","floor":37}],"player_experience":167540,"relics_obtained":[{"floor":6.0,"key":"Smiling Mask"},{"floor":8,"key":"reliquary:PorcupineQuills"},{"floor":9,"key":"Red Skull"},{"floor":12,"key":"Bag of Preparation"},{"floor":13,"key":"Odd Mushroom"},{"floor":24,"key":"reliquary:PartyBalloon"},{"floor":29,"key":"Peace Pipe"}],"event_choices":[{"damage_healed":0,"gold_gain":0,"player_choice":"Fought Mushrooms","damage_taken":0,"max_hp_gain":0,"max_hp_loss":0,"event_name":"Mushrooms","floor":13,"gold_loss":0},{"damage_healed":0,"gold_gain":0,"player_choice":"Memory 3","damage_taken":10,"max_hp_gain":0,"max_hp_loss":0,"event_name":"SensoryStone","floor":36,"gold_loss":0},{"damage_healed":0,"gold_gain":0,"player_choice":"Got Potions","damage_taken":0,"max_hp_gain":0,"max_hp_loss":0,"event_name":"Lab","floor":38,"gold_loss":0}],"is_beta":false,"boss_relics":[{"not_picked":["Tiny House","Snecko Eye"],"picked":"reliquary:RedPaperclip"},{"not_picked":["hubris:GrandSneckoEye","reliquary:Ember"],"picked":"hubris:HollowSoul"}],"items_purged_floors":[4],"is_endless":false,"potions_floor_spawned":[1,3,5,7,12,16,18,24,28,33,35,37],"killed_by":"Spire Growth","ascension_level":2}}