{"host":"s5rx4s0wrrdn3no1","time":1613377192,"event":{"mods":["AchievementEnabler","Aspiration","BaseMod","BetterRewards","Challenge The Spire","Colored Powertips","Conspire","Downfall","GungeonMod","Hermit","Hubris","Infinite Spire","Minty Spire (QoL Compilation)","Quick Restart","Replay The Spire","Shade Mod","Spikes Relics","StSLib","The Death Knight","[IsaacMod]????"],"gold_per_floor":[99,112,124,124,144,94,94,105,122,122,157,157,157,157,174,174,174,174],"floor_reached":16,"language":"ENG","playtime":511,"items_purged":[],"score":102,"play_id":"f450565f-6e20-4054-9f6a-b73e002e7cfe","local_time":"20210215031952","is_ascension_mode":false,"campfire_choices":[{"data":"Slimebound:Split","floor":1,"key":"SMITH"}],"circlet_count":0,"master_deck":["Slimebound:Strike_Slimebound","Slimebound:Strike_Slimebound","Slimebound:Strike_Slimebound","Slimebound:Tackle","Slimebound:Defend_Slimebound","Slimebound:Defend_Slimebound","Slimebound:Defend_Slimebound","Slimebound:Defend_Slimebound","Slimebound:Split+1","Slimebound:CorrosiveSpit","Slimebound:Repurpose+1","Slimebound:HauntingLick","Slimebound:Schlurp","Slimebound:AcidTongue","conspire:SpireCoStock","Slimebound:SplitAcid","Slimebound:AcidTongue","Slimebound:MegaLick","Slimebound:PressTheAttack"],"relics":["Slimebound:AbsorbEndCombat","HushsDoor","Leech","hubris:TenFootPole","DeathBook","WingedGreaves"],"acts_visited":["Exordium"],"potions_floor_usage":[],"damage_taken":[{"damage":7,"enemies":"2 Louse","floor":2,"turns":2},{"damage":2,"enemies":"Small Slimes","floor":3,"turns":3},{"damage":0,"enemies":"conspire:RoseBush","floor":5,"turns":2},{"damage":0,"enemies":"Exordium Wildlife","floor":8,"turns":3},{"damage":28,"enemies":"Exordium Thugs","floor":9,"turns":3},{"damage":28,"enemies":"Gremlin Nob","floor":11,"turns":4},{"damage":10,"enemies":"downfall:LooterAlt","floor":15,"turns":3},{"damage":17,"enemies":"IC_STATUS_ARCHETYPE","floor":16,"turns":2}],"seed_played":"2786253394906860899","potions_obtained":[{"floor":5,"key":"Weak Potion"},{"floor":8,"key":"Venom Potion"},{"floor":9,"key":"Guardian:BlockOnCardUsePotion"}],"is_trial":false,"path_per_floor":["R","M","M","?","M","?","T","M","M","T","E","?","?","?","M","B"],"character_chosen":"SLIMEBOUND","items_purchased":[],"campfire_rested":0,"item_purchase_floors":[],"current_hp_per_floor":[65,61,65,58,63,63,63,65,40,40,18,11,11,11,7,0,0,0],"gold":174,"neow_bonus":"THREE_CARDS","is_daily":false,"chose_seed":false,"campfire_upgraded":1,"win_rate":0.0,"timestamp":1613377192,"path_taken":["R","M","M","?","M","?","T","?","M","?","E","?","?","?","M","BOSS"],"items_purchased_type":[],"build_version":"2020-12-22","purchased_purges":0,"victory":false,"max_hp_per_floor":[65,65,65,65,65,65,65,65,65,65,65,65,65,65,65,65,65,65],"card_choices":[{"not_picked":["Slimebound:ServeAndProtect","Slimebound:ItLooksTasty"],"picked":"Slimebound:Repurpose","floor":0},{"not_picked":["Slimebound:Dissolve","Slimebound:GoopTackle"],"picked":"Slimebound:HauntingLick","floor":2},{"not_picked":["Slimebound:LeechingTouch","Slimebound:FormOfPuddle"],"picked":"Slimebound:Schlurp","floor":3},{"not_picked":["Slimebound:ForwardTackle","Slimebound:GoopSpray"],"picked":"Slimebound:AcidTongue","floor":5},{"not_picked":["Slimebound:RollThrough","Slimebound:PressTheAttack"],"picked":"Slimebound:SplitAcid","floor":8},{"not_picked":["Slimebound:PressTheAttack","Slimebound:WasteNot"],"picked":"Slimebound:AcidTongue","floor":9},{"not_picked":["Slimebound:GoopTackle","Slimebound:BestDefense"],"picked":"Slimebound:MegaLick","floor":11},{"not_picked":["Slimebound:Schlurp","Slimebound:GoopSpray"],"picked":"Slimebound:PressTheAttack","floor":15}],"player_experience":402148,"relics_obtained":[{"floor":10,"key":"DeathBook"},{"floor":11,"key":"WingedGreaves"}],"event_choices":[{"damage_healed":0,"gold_gain":0,"player_choice":"Success","damage_taken":7,"relics_obtained":["hubris:TenFootPole"],"max_hp_gain":0,"max_hp_loss":0,"event_name":"Scrap Ooze","floor":4,"gold_loss":0},{"damage_healed":0,"gold_gain":0,"player_choice":"Invest 1","damage_taken":0,"max_hp_gain":0,"max_hp_loss":0,"event_name":"conspire:Investor","floor":6,"gold_loss":0}],"is_beta":false,"boss_relics":[],"items_purged_floors":[],"is_endless":false,"potions_floor_spawned":[5,8,9],"killed_by":"IC_STATUS_ARCHETYPE","ascension_level":0}}