{"host":"qxeepl7ydvsgmfdb","time":1613387902,"event":{"mods":["AchievementEnabler","BaseMod","Colored Powertips","Minty Spire (QoL Compilation)","Quick Restart","slay the spire mod where everything is the same but ironclad has a cowboy hat"],"gold_per_floor":[111,111,122,272,347,347,375,397,397,69,115,148,148,166,166,166,166],"floor_reached":16,"language":"ENG","playtime":262,"items_purged":[],"score":242,"play_id":"d0787d83-dc84-476d-bc59-48a977ec69e0","local_time":"20210215061822","is_ascension_mode":true,"campfire_choices":[{"data":"Blade Dance","floor":6,"key":"SMITH"},{"floor":13,"key":"REST"},{"floor":15,"key":"REST"}],"circlet_count":0,"master_deck":["AscendersBane","Strike_G","Strike_G","Strike_G","Strike_G","Strike_G","Defend_G","Defend_G","Defend_G","Defend_G","Defend_G","Survivor","Neutralize+1","Blade Dance+1","Doubt","Blade Dance","All Out Attack","Blade Dance","Terror"],"relics":["Ring of the Snake","NeowsBlessing","White Beast Statue","Odd Mushroom","Bottled Flame","Peace Pipe","Art of War","Toy Ornithopter"],"acts_visited":["Exordium"],"potions_floor_usage":[12],"damage_taken":[{"damage":0,"enemies":"Small Slimes","floor":1,"turns":1},{"damage":0,"enemies":"Cultist","floor":3,"turns":1},{"damage":0,"enemies":"Lagavulin","floor":7,"turns":1},{"damage":26,"enemies":"The Mushroom Lair","floor":8,"turns":5},{"damage":9,"enemies":"Gremlin Nob","floor":12,"turns":4},{"damage":1,"enemies":"2 Louse","floor":14,"turns":2},{"damage":51,"enemies":"The Guardian","floor":16,"turns":5}],"seed_played":"3660820559229941389","potions_obtained":[{"floor":7,"key":"SpeedPotion"},{"floor":8,"key":"Poison Potion"},{"floor":12,"key":"Energy Potion"}],"is_trial":false,"path_per_floor":["M","?","M","?","?","R","E","?","T","$","T","E","R","M","R","B"],"character_chosen":"THE_SILENT","items_purchased":["Peace Pipe"],"campfire_rested":2,"item_purchase_floors":[10],"current_hp_per_floor":[59,59,59,59,48,48,48,22,22,22,22,13,32,31,50,0,0],"gold":166,"neow_bonus":"THREE_ENEMY_KILL","is_daily":false,"chose_seed":false,"campfire_upgraded":1,"win_rate":0.0,"timestamp":1613387902,"path_taken":["M","?","?","?","?","R","E","?","T","$","?","E","R","M","R","BOSS"],"items_purchased_type":["Relic"],"build_version":"2020-12-22","purchased_purges":0,"victory":false,"max_hp_per_floor":[66,66,66,66,66,66,66,66,66,66,66,66,66,66,66,66,66],"card_choices":[{"not_picked":["Underhanded Strike","Endless Agony","Outmaneuver"],"picked":"SKIP","floor":1},{"not_picked":["Quick Slash","Acrobatics"],"picked":"Blade Dance","floor":3},{"not_picked":["Predator","Leg Sweep"],"picked":"Blade Dance","floor":7},{"not_picked":["Dodge and Roll","Outmaneuver"],"picked":"All Out Attack","floor":8},{"not_picked":["Noxious Fumes","Eviscerate"],"picked":"Blade Dance","floor":12},{"not_picked":["Dash","Malaise"],"picked":"Terror","floor":14}],"player_experience":152729,"relics_obtained":[{"floor":7,"key":"White Beast Statue"},{"floor":8,"key":"Odd Mushroom"},{"floor":9,"key":"Bottled Flame"},{"floor":11,"key":"Art of War"},{"floor":12,"key":"Toy Ornithopter"}],"event_choices":[{"damage_healed":0,"gold_gain":0,"player_choice":"Forge","damage_taken":0,"max_hp_gain":0,"max_hp_loss":0,"event_name":"Accursed Blacksmith","floor":2,"gold_loss":0,"cards_upgraded":["Neutralize"]},{"damage_healed":0,"gold_gain":150,"player_choice":"AGREE","damage_taken":0,"max_hp_gain":0,"max_hp_loss":0,"event_name":"Liars Game","floor":4,"gold_loss":0,"cards_obtained":["Doubt"]},{"damage_healed":0,"gold_gain":75,"player_choice":"Gather Gold","damage_taken":11,"max_hp_gain":0,"max_hp_loss":0,"event_name":"World of Goop","floor":5,"gold_loss":0},{"damage_healed":0,"gold_gain":0,"player_choice":"Fought Mushrooms","damage_taken":0,"max_hp_gain":0,"max_hp_loss":0,"event_name":"Mushrooms","floor":8,"gold_loss":0}],"is_beta":false,"boss_relics":[],"items_purged_floors":[],"is_endless":false,"potions_floor_spawned":[7,8,12,14],"killed_by":"The Guardian","ascension_level":17}}