{"host":"3jpcvpprzj9sjffh","time":1613395479,"event":{"mods":["AchievementEnabler","BaseMod","Colored Map","Minty Spire (QoL Compilation)","Rare Cards Sparkle","SuperFastMode","everything is the same but u backflip on backflip"],"gold_per_floor":[118,18,18,41,41,41,41,57,57,57,57,27,46,70,70,199,199,213,16,35,35,35],"floor_reached":21,"language":"KOR","playtime":786,"items_purged":["Strike_R"],"score":169,"play_id":"fac620f0-d447-4422-8780-2b91ead20353","local_time":"20210215222439","is_ascension_mode":false,"campfire_choices":[{"data":"True Grit","floor":6.0,"key":"SMITH"},{"data":"Burning Pact","floor":10.0,"key":"SMITH"},{"floor":15.0,"key":"REST"}],"circlet_count":0,"master_deck":["Strike_R","Strike_R","Strike_R","Strike_R","Defend_R","Defend_R","Defend_R","Defend_R","Bash","CurseOfTheBell","Body Slam+1","True Grit+1","Burning Pact+1","Fire Breathing","Rampage","Shrug It Off","Cleave","Barricade","Feel No Pain+1","Deep Breath"],"relics":["Calling Bell","Ancient Tea Set","Self Forming Clay","Peace Pipe","Golden Idol","The Courier","Sundial","Runic Cube","Vajra"],"acts_visited":["Exordium","TheCity"],"potions_floor_usage":[21],"damage_taken":[{"damage":0.0,"enemies":"2 Louse","floor":1.0,"turns":3.0},{"damage":16.0,"enemies":"Jaw Worm","floor":4.0,"turns":6.0},{"damage":2.0,"enemies":"Small Slimes","floor":8.0,"turns":4.0},{"damage":2.0,"enemies":"3 Louse","floor":13.0,"turns":5.0},{"damage":11.0,"enemies":"Lots of Slimes","floor":14.0,"turns":4.0},{"damage":45.0,"enemies":"Slime Boss","floor":16.0,"turns":9.0},{"damage":31.0,"enemies":"Shell Parasite","floor":18.0,"turns":10.0},{"damage":32.0,"enemies":"3 Byrds","floor":20.0,"turns":8.0},{"damage":22,"enemies":"Centurion and Healer","floor":21,"turns":3}],"seed_played":"1381480023141805076","potions_obtained":[{"floor":8.0,"key":"Swift Potion"},{"floor":16.0,"key":"Swift Potion"},{"floor":18.0,"key":"DuplicationPotion"}],"is_trial":false,"path_per_floor":["M","$","?","M","?","R","?","M","T","R","?","$","M","M","R","B",null,"M","$","M","M"],"character_chosen":"IRONCLAD","items_purchased":["True Grit","Rampage","Deep Breath","Vajra"],"campfire_rested":1,"item_purchase_floors":[2,12,19,19],"current_hp_per_floor":[80,80,60,44,70,70,70,68,68,68,56,56,54,43,67,22,80,49,49,17,0,0],"gold":35,"neow_bonus":"BOSS_RELIC","is_daily":false,"chose_seed":false,"campfire_upgraded":2,"win_rate":0.0,"timestamp":1613395479,"path_taken":["M","$","?","M","?","R","?","M","T","R","?","$","M","M","R","BOSS","M","$","M","M"],"items_purchased_type":["Card","Card","Card","Relic"],"build_version":"2020-12-22","purchased_purges":1,"victory":false,"max_hp_per_floor":[80,80,80,80,80,80,80,80,80,80,80,80,80,80,80,80,80,80,80,80,80,80],"card_choices":[{"not_picked":["Clash","Warcry"],"picked":"Body Slam","floor":1.0},{"not_picked":["Headbutt","Uppercut"],"picked":"Burning Pact","floor":4.0},{"not_picked":["Thunderclap","Pommel Strike"],"picked":"Fire Breathing","floor":8.0},{"not_picked":["Pommel Strike","Bloodletting"],"picked":"Shrug It Off","floor":13.0},{"not_picked":["Demon Form","Flex"],"picked":"Cleave","floor":14.0},{"not_picked":["Immolate","Brutality"],"picked":"Barricade","floor":16.0},{"not_picked":["Heavy Blade","Wild Strike"],"picked":"Feel No Pain+1","floor":18.0},{"not_picked":["Dual Wield","Hemokinesis","Sword Boomerang"],"picked":"SKIP","floor":20.0}],"player_experience":329681,"relics_obtained":[{"floor":0.0,"key":"Ancient Tea Set"},{"floor":0.0,"key":"Self Forming Clay"},{"floor":0.0,"key":"Peace Pipe"},{"floor":9.0,"key":"The Courier"}],"event_choices":[{"damage_healed":0.0,"max_hp_gain":0.0,"max_hp_loss":0.0,"gold_gain":0.0,"event_name":"Golden Idol","player_choice":"Take Damage","floor":3.0,"gold_loss":0.0,"damage_taken":20.0,"relics_obtained":["Golden Idol"]},{"damage_healed":26.0,"max_hp_gain":0.0,"max_hp_loss":0.0,"gold_gain":0.0,"event_name":"Big Fish","player_choice":"Banana","floor":5.0,"gold_loss":0.0,"damage_taken":0.0},{"damage_healed":0.0,"max_hp_gain":0.0,"max_hp_loss":0.0,"gold_gain":0.0,"event_name":"Living Wall","player_choice":"Grow","floor":7.0,"gold_loss":0.0,"damage_taken":0.0,"cards_upgraded":["Body Slam"]},{"damage_healed":0.0,"max_hp_gain":0.0,"max_hp_loss":0.0,"gold_gain":0.0,"event_name":"Scrap Ooze","player_choice":"Success","floor":11.0,"gold_loss":0.0,"damage_taken":12.0,"relics_obtained":["Sundial"]}],"is_beta":false,"boss_relics":[{"not_picked":["Empty Cage","Busted Crown"],"picked":"Runic Cube"}],"items_purged_floors":[2],"is_endless":false,"potions_floor_spawned":[8,16,18],"killed_by":"Centurion and Healer","ascension_level":0}}