{"host":"e8062yfkmywf26f0","time":1613413132,"event":{"mods":["AchievementEnabler","BaseMod","Colored Map","Minty Spire (QoL Compilation)","Quick Restart","Shop Mod","StSLib"],"gold_per_floor":[115,115,16,16,35,35,46,61,84,114,127,146,146,53,53,158,158,175,175,95,55,72,72,101,101,101,101,101,132,132,32,32,32,32],"floor_reached":33,"language":"ENG","playtime":4343,"items_purged":["Regret","Defend_G"],"score":281,"play_id":"6470c6bb-d6ee-4438-8183-ddd668312691","local_time":"20210215181852","is_ascension_mode":false,"campfire_choices":[{"data":"Malaise","floor":6.0,"key":"SMITH"},{"floor":13,"key":"REST"},{"data":"Bandage Up","floor":15,"key":"SMITH"},{"data":"Infinite Blades","floor":23,"key":"SMITH"},{"floor":25,"key":"REST"},{"floor":27,"key":"REST"},{"floor":30,"key":"REST"},{"floor":32,"key":"REST"}],"circlet_count":0,"master_deck":["Strike_G","Strike_G","Strike_G","Strike_G","Strike_G","Defend_G","Defend_G","Defend_G","Defend_G+1","Survivor","Neutralize","Malaise+1","Dagger Spray","Well Laid Plans","Blade Dance","Underhanded Strike","Poisoned Stab","Burst","Bandage Up+1","Envenom","Dagger Throw+1","Infinite Blades+1","Deadly Poison","Blade Dance","Die Die Die","RitualDagger"],"relics":["Ring of the Serpent","Centennial Puzzle","Bronze Scales","Anchor","Singing Bowl","Mercury Hourglass","Pen Nib"],"acts_visited":["Exordium","TheCity"],"potions_floor_usage":[24,33],"damage_taken":[{"damage":6.0,"enemies":"Jaw Worm","floor":1.0,"turns":7.0},{"damage":0.0,"enemies":"Small Slimes","floor":5.0,"turns":3.0},{"damage":0.0,"enemies":"Cultist","floor":7.0,"turns":4.0},{"damage":9.0,"enemies":"Large Slime","floor":8.0,"turns":8.0},{"damage":14,"enemies":"3 Sentries","floor":10,"turns":9},{"damage":8,"enemies":"Exordium Thugs","floor":11,"turns":5},{"damage":1,"enemies":"3 Louse","floor":12,"turns":3},{"damage":22,"enemies":"Hexaghost","floor":16,"turns":12},{"damage":42,"enemies":"Spheric Guardian","floor":18,"turns":6},{"damage":0,"enemies":"3 Byrds","floor":22,"turns":3},{"damage":54,"enemies":"Gremlin Leader","floor":24,"turns":9},{"damage":43,"enemies":"Book of Stabbing","floor":29,"turns":6},{"damage":70,"enemies":"Automaton","floor":33,"turns":10}],"seed_played":"17251666251512147","potions_obtained":[{"floor":5.0,"key":"SmokeBomb"},{"floor":8.0,"key":"SmokeBomb"},{"floor":10,"key":"Weak Potion"},{"floor":29,"key":"PowerPotion"}],"is_trial":false,"path_per_floor":["M","?","$","?","M","R","M","M","T","E","M","M","R","$","R","B",null,"M","?","$","?","M","R","E","R","T","R","?","E","R","$","R","B"],"character_chosen":"THE_SILENT","items_purchased":["Dagger Spray","Bandage Up","Infinite Blades","Deadly Poison"],"campfire_rested":5,"item_purchase_floors":[3,14,20,20],"current_hp_per_floor":[64,64,64,64,64,64,64,55,55,41,33,32,53,53,53,37,70,34,57,57,57,63,63,15,36,36,57,51,16,37,37,58,0,0],"gold":32,"neow_bonus":"ONE_RANDOM_RARE_CARD","is_daily":false,"chose_seed":false,"campfire_upgraded":3,"win_rate":0.0,"timestamp":1613413132,"path_taken":["M","?","$","?","M","R","M","M","T","E","M","?","R","$","R","BOSS","M","?","?","?","?","R","E","R","T","R","?","E","R","$","R","BOSS"],"items_purchased_type":["Card","Card","Card","Card"],"build_version":"2020-12-22","purchased_purges":2,"victory":false,"max_hp_per_floor":[70,70,70,70,70,70,70,70,70,70,70,70,70,70,70,70,70,70,70,70,70,70,70,70,70,70,70,70,72,72,72,72,72,72],"card_choices":[{"not_picked":["Dodge and Roll","Acrobatics","Predator"],"picked":"SKIP","floor":1.0},{"not_picked":["Acrobatics","Slice"],"picked":"Well Laid Plans","floor":5.0},{"not_picked":["Riddle With Holes","Prepared","Reflex"],"picked":"SKIP","floor":7.0},{"not_picked":["Noxious Fumes","Deflect"],"picked":"Blade Dance","floor":8.0},{"not_picked":["Backflip","Prepared"],"picked":"Underhanded Strike","floor":10},{"not_picked":["PiercingWail","Slice"],"picked":"Poisoned Stab","floor":11},{"not_picked":["Footwork","Prepared"],"picked":"Burst","floor":12},{"not_picked":["Doppelganger","Burst"],"picked":"Envenom","floor":16},{"not_picked":["Skewer","Masterful Stab"],"picked":"Dagger Throw","floor":18},{"not_picked":["Backflip","Dagger Spray"],"picked":"Blade Dance","floor":22},{"not_picked":["Flying Knee","Underhanded Strike+1"],"picked":"Die Die Die","floor":24},{"not_picked":["Catalyst","Distraction+1","Leg Sweep"],"picked":"Singing Bowl","floor":29}],"player_experience":102473,"relics_obtained":[{"floor":9.0,"key":"Bronze Scales"},{"floor":10,"key":"Anchor"},{"floor":24,"key":"Singing Bowl"},{"floor":26,"key":"Mercury Hourglass"},{"floor":29,"key":"Pen Nib"}],"event_choices":[{"damage_healed":0.0,"max_hp_gain":0.0,"max_hp_loss":0.0,"gold_gain":0.0,"event_name":"Big Fish","player_choice":"Box","floor":2.0,"gold_loss":0.0,"damage_taken":0.0,"relics_obtained":["Centennial Puzzle"],"cards_obtained":["Regret"]},{"damage_healed":0.0,"max_hp_gain":0.0,"max_hp_loss":0.0,"gold_gain":0.0,"event_name":"NoteForYourself","player_choice":"Ignored","floor":4.0,"gold_loss":0.0,"damage_taken":0.0},{"damage_healed":23,"gold_gain":0,"player_choice":"Heal","damage_taken":0,"max_hp_gain":0,"max_hp_loss":0,"event_name":"The Library","floor":19,"gold_loss":0},{"damage_healed":0,"gold_gain":0,"player_choice":"Upgraded Two","damage_taken":0,"max_hp_gain":0,"max_hp_loss":0,"event_name":"Designer","floor":21,"gold_loss":40,"cards_upgraded":["Defend_G","Dagger Throw"]},{"damage_healed":0,"gold_gain":0,"player_choice":"Joined the Cult","damage_taken":6,"max_hp_gain":0,"max_hp_loss":0,"event_name":"Nest","floor":28,"gold_loss":0,"cards_obtained":["RitualDagger"]}],"is_beta":false,"boss_relics":[{"not_picked":["Snecko Eye","Cursed Key"],"picked":"Ring of the Serpent"}],"items_purged_floors":[3,31],"is_endless":false,"potions_floor_spawned":[5,8,10,29],"killed_by":"Automaton","ascension_level":0}}