{"host":"kb6kd92pmlm29812","time":1613351684,"event":{"mods":["AchievementEnabler","BaseMod","Colored Map","Highlight Path","Minty Spire (QoL Compilation)","Permanent Neow","Quick Restart","StSLib"],"gold_per_floor":[110,110,60,73,73,103,51,96,96,126,142,175,189,189,189,292,292,306,317,329,254,266,266,291,305,332,349,363,391,403,432,432,527,527,540,590,602,130,147,180,180,214,249,261,304,329,372,404,416,428,440,452,32,61,61],"floor_reached":56,"language":"ENG","playtime":6894,"items_purged":["Defend_P","Parasite"],"score":1726,"play_id":"42b2333b-1b38-4e11-a22b-b6b518566cbb","local_time":"20210214201444","is_ascension_mode":true,"campfire_choices":[{"data":"1","floor":15,"key":"LIFT"},{"data":"2","floor":23,"key":"LIFT"},{"data":"Scrawl","floor":32,"key":"SMITH"},{"data":"3","floor":41,"key":"LIFT"},{"floor":49,"key":"RECALL"},{"data":"WindmillStrike","floor":52,"key":"SMITH"}],"circlet_count":0,"master_deck":["Strike_P","Strike_P","Strike_P","Defend_P+1","Defend_P","Eruption+1","Vigilance+1","Conclude","DeceiveReality","LikeWater+1","FlurryOfBlows","WindmillStrike+1","ClearTheMind","Establishment+1","EmptyMind","Scrawl+1","FlurryOfBlows","Crescendo","Protect","InnerPeace","Protect+1","TalkToTheHand","DevaForm+1","Consecrate+1","EmptyMind+1","Adaptation+1","CutThroughFate+1","LikeWater+1"],"relics":["PureWater","NeowsBlessing","Boot","Frozen Egg 2","Girya","Thread and Needle","Blood Vial","Dream Catcher","Black Star","Eternal Feather","Oddly Smooth Stone","Bag of Preparation","Gambling Chip","War Paint","MealTicket","FossilizedHelix","Busted Crown","StoneCalendar","Kunai","Pen Nib","Ice Cream","Darkstone Periapt","MawBank","Strawberry","Potion Belt","Juzu Bracelet","Toy Ornithopter","Question Card","Vajra","Shuriken","Gremlin Horn","White Beast Statue"],"acts_visited":["Exordium","TheCity","TheBeyond","TheEnding"],"potions_floor_usage":[18,18,22,22,24,33,45,45,47,50,54,55],"damage_taken":[{"damage":0.0,"enemies":"Jaw Worm","floor":1.0,"turns":1.0},{"damage":0.0,"enemies":"2 Louse","floor":4.0,"turns":1.0},{"damage":0.0,"enemies":"Lagavulin","floor":6.0,"turns":1.0},{"damage":10.0,"enemies":"Gremlin Nob","floor":8.0,"turns":5.0},{"damage":3,"enemies":"Lagavulin","floor":10,"turns":7},{"damage":0,"enemies":"Cultist","floor":11,"turns":3},{"damage":5,"enemies":"Gremlin Nob","floor":12,"turns":6},{"damage":0,"enemies":"Blue Slaver","floor":13,"turns":3},{"damage":0,"enemies":"Hexaghost","floor":16,"turns":9},{"damage":22,"enemies":"2 Thieves","floor":18,"turns":4},{"damage":7,"enemies":"Shell Parasite","floor":19,"turns":4},{"damage":12,"enemies":"Snake Plant","floor":20,"turns":4},{"damage":0,"enemies":"Sentry and Sphere","floor":22,"turns":3},{"damage":23,"enemies":"Slavers","floor":24,"turns":3},{"damage":15,"enemies":"Chosen and Byrds","floor":25,"turns":4},{"damage":0,"enemies":"Shelled Parasite and Fungi","floor":27,"turns":4},{"damage":8,"enemies":"Snake Plant","floor":28,"turns":3},{"damage":0,"enemies":"Book of Stabbing","floor":29,"turns":7},{"damage":0,"enemies":"Snecko","floor":30,"turns":4},{"damage":0,"enemies":"Gremlin Leader","floor":31,"turns":4},{"damage":0,"enemies":"Champ","floor":33,"turns":10},{"damage":0,"enemies":"Orb Walker","floor":35,"turns":2},{"damage":0,"enemies":"Mind Bloom Boss Battle","floor":36,"turns":9},{"damage":0,"enemies":"3 Darklings","floor":37,"turns":4},{"damage":5,"enemies":"Writhing Mass","floor":39,"turns":6},{"damage":0,"enemies":"Giant Head","floor":40,"turns":6},{"damage":0,"enemies":"Reptomancer","floor":42,"turns":5},{"damage":0,"enemies":"Giant Head","floor":45,"turns":5},{"damage":37,"enemies":"4 Shapes","floor":46,"turns":3},{"damage":9,"enemies":"Reptomancer","floor":47,"turns":4},{"damage":0,"enemies":"Transient","floor":48,"turns":5},{"damage":13,"enemies":"Donu and Deca","floor":50,"turns":7},{"damage":10,"enemies":"Shield and Spear","floor":54,"turns":7},{"damage":38,"enemies":"The Heart","floor":55,"turns":9}],"seed_played":"-5738172444968662663","potions_obtained":[{"floor":6.0,"key":"ColorlessPotion"},{"floor":11,"key":"BlessingOfTheForge"},{"floor":13,"key":"ColorlessPotion"},{"floor":16,"key":"Fruit Juice"},{"floor":19,"key":"SpeedPotion"},{"floor":22,"key":"StancePotion"},{"floor":29,"key":"DistilledChaos"},{"floor":30,"key":"Explosive Potion"},{"floor":33,"key":"Weak Potion"},{"floor":36,"key":"Ancient Potion"},{"floor":42,"key":"LiquidMemories"},{"floor":44,"key":"ColorlessPotion"},{"floor":44,"key":"SkillPotion"},{"floor":46,"key":"Energy Potion"},{"floor":48,"key":"BlessingOfTheForge"}],"is_trial":false,"path_per_floor":["M","?","?","M","T","E","$","E","T","E","M","E","M","?","R","B",null,"M","M","M","?","M","R","E","M","T","M","M","E","M","E","R","B",null,"M","?","M","$","M","E","R","E","T","?","E","M","E","M","R","B",null,"R","$","E","B",null],"character_chosen":"WATCHER","items_purchased":["FlurryOfBlows","Kunai","Pen Nib","Shuriken","LikeWater+1"],"campfire_rested":0,"item_purchase_floors":[7,38,38,53,53],"current_hp_per_floor":[72,54,54,54,54,54,54,44,44,41,43,40,42,42,42,44,72,55,50,40,40,42,42,21,8,8,10,4,6,8,10,22,24,77,77,77,77,77,72,74,77,84,84,84,84,47,45,47,62,56,84,84,81,76,45],"gold":61,"neow_bonus":"THREE_ENEMY_KILL","is_daily":false,"chose_seed":false,"campfire_upgraded":2,"win_rate":0.0,"timestamp":1613351684,"path_taken":["M","?","?","M","?","E","?","E","T","E","M","E","?","?","R","BOSS","M","M","M","?","M","R","E","M","T","M","M","E","M","E","R","BOSS","M","?","M","$","M","E","R","E","T","?","E","M","E","M","R","BOSS","R","$","E","BOSS"],"items_purchased_type":["Card","Relic","Relic","Relic","Card"],"build_version":"2020-12-22","purchased_purges":2,"victory":true,"max_hp_per_floor":[72,72,72,72,72,72,72,72,72,72,72,72,72,72,72,72,72,77,77,77,77,77,77,77,77,77,77,77,77,77,77,77,77,77,77,77,77,77,77,77,77,84,84,84,84,84,84,84,84,84,84,84,81,81,81],"card_choices":[{"not_picked":["EmptyFist","FlyingSleeves"],"picked":"Conclude","floor":1.0},{"not_picked":["Pray","JustLucky"],"picked":"DeceiveReality","floor":4.0},{"not_picked":["Establishment+1","FlyingSleeves"],"picked":"LikeWater+1","floor":6.0},{"not_picked":["ConjureBlade","EmptyBody","SashWhip"],"picked":"SKIP","floor":8.0},{"not_picked":["CarveReality","WreathOfFlame"],"picked":"WindmillStrike","floor":10},{"not_picked":["FollowUp","FlyingSleeves"],"picked":"ClearTheMind","floor":11},{"not_picked":["Study+1","DeceiveReality"],"picked":"Establishment+1","floor":12},{"not_picked":["ThirdEye","Fasting2+1"],"picked":"EmptyMind","floor":13},{"not_picked":["MasterReality+1","Establishment+1"],"picked":"Scrawl","floor":16},{"not_picked":["ThirdEye","CrushJoints"],"picked":"FlurryOfBlows","floor":18},{"not_picked":["WheelKick","Sanctity"],"picked":"Crescendo","floor":19},{"not_picked":["Prostrate","FollowUp"],"picked":"Protect","floor":20},{"not_picked":["Nirvana+1","Adaptation+1"],"picked":"InnerPeace","floor":22},{"not_picked":["Halt","Judgement","WreathOfFlame"],"picked":"SKIP","floor":24},{"not_picked":["Perseverance","Vengeance"],"picked":"Protect+1","floor":25},{"not_picked":["ClearTheMind","Study+1","PathToVictory+1"],"picked":"SKIP","floor":27},{"not_picked":["DeusExMachina","Prostrate","WaveOfTheHand"],"picked":"SKIP","floor":28},{"not_picked":["Collect+1","Protect","Crescendo"],"picked":"SKIP","floor":29},{"not_picked":["Crescendo+1","Conclude","Adaptation+1"],"picked":"SKIP","floor":30},{"not_picked":["SignatureMove","FollowUp+1"],"picked":"TalkToTheHand","floor":31},{"not_picked":["Devotion+1","Ragnarok"],"picked":"DevaForm+1","floor":33},{"not_picked":[],"picked":"Consecrate+1","floor":35},{"not_picked":["Vengeance"],"picked":"SKIP","floor":37},{"not_picked":["Wallop+1"],"picked":"SKIP","floor":39},{"not_picked":[],"picked":"EmptyMind+1","floor":40},{"not_picked":[],"picked":"Adaptation+1","floor":42},{"not_picked":[],"picked":"CutThroughFate+1","floor":45},{"not_picked":["Halt+1"],"picked":"SKIP","floor":46},{"not_picked":["JustLucky+1"],"picked":"SKIP","floor":47},{"not_picked":["Meditate+1","WaveOfTheHand"],"picked":"SKIP","floor":48},{"not_picked":["EmptyBody+1","SashWhip+1"],"picked":"SKIP","floor":54}],"player_experience":22256,"relics_obtained":[{"floor":6.0,"key":"Frozen Egg 2"},{"floor":8.0,"key":"Girya"},{"floor":9.0,"key":"Thread and Needle"},{"floor":10,"key":"Blood Vial"},{"floor":12,"key":"Dream Catcher"},{"floor":24,"key":"Eternal Feather"},{"floor":24,"key":"Oddly Smooth Stone"},{"floor":26,"key":"Bag of Preparation"},{"floor":29,"key":"Gambling Chip"},{"floor":29,"key":"War Paint"},{"floor":31,"key":"MealTicket"},{"floor":31,"key":"FossilizedHelix"},{"floor":36,"key":"StoneCalendar"},{"floor":40,"key":"Ice Cream"},{"floor":40,"key":"Darkstone Periapt"},{"floor":42,"key":"MawBank"},{"floor":42,"key":"Strawberry"},{"floor":43,"key":"Potion Belt"},{"floor":45,"key":"Juzu Bracelet"},{"floor":45,"key":"Toy Ornithopter"},{"floor":47,"key":"Question Card"},{"floor":47,"key":"Vajra"},{"floor":54,"key":"Gremlin Horn"},{"floor":54,"key":"White Beast Statue"}],"event_choices":[{"damage_healed":0.0,"max_hp_gain":0.0,"max_hp_loss":0.0,"gold_gain":0.0,"event_name":"Scrap Ooze","player_choice":"Success","floor":2.0,"gold_loss":0.0,"damage_taken":18.0,"relics_obtained":["Boot"]},{"cards_removed":["Strike_P"],"damage_healed":0.0,"max_hp_gain":0.0,"max_hp_loss":0.0,"gold_gain":0.0,"event_name":"The Cleric","player_choice":"Card Removal","floor":3.0,"gold_loss":50.0,"damage_taken":0.0},{"damage_healed":0,"gold_gain":0,"player_choice":"Grow","damage_taken":0,"max_hp_gain":0,"max_hp_loss":0,"event_name":"Living Wall","floor":14,"gold_loss":0,"cards_upgraded":["Eruption"]},{"cards_removed":["Defend_P"],"damage_healed":0,"gold_gain":0,"player_choice":"Gave Gold","damage_taken":0,"max_hp_gain":0,"max_hp_loss":0,"event_name":"Beggar","floor":21,"gold_loss":75},{"damage_healed":0,"gold_gain":0,"player_choice":"Fight","damage_taken":0,"max_hp_gain":0,"max_hp_loss":0,"event_name":"MindBloom","floor":36,"gold_loss":0},{"damage_healed":0,"gold_gain":0,"player_choice":"Got Potions","damage_taken":0,"max_hp_gain":0,"max_hp_loss":0,"event_name":"Lab","floor":44,"gold_loss":0}],"is_beta":false,"boss_relics":[{"not_picked":["Snecko Eye","Runic Dome"],"picked":"Black Star"},{"not_picked":["SacredBark","Fusion Hammer"],"picked":"Busted Crown"}],"items_purged_floors":[38,53],"is_endless":false,"potions_floor_spawned":[6,11,13,16,19,22,29,30,33,36,40,42,46,48],"ascension_level":1}}