{"host":"tgnam0g96qraiyqx","time":1613409028,"event":{"mods":["Always Whale","Aspiration","BaseMod","Beaked The Cultist","BetterRewards","Chen","Colored Map","Colored Powertips","Downfall","Energized Spire","FruityMod","FutureSeer","Glutton Mod","Gremlin Mod","Hermit","HexUI Lib","Highlight Path","Hubris","Minty Spire (QoL Compilation)","Pikachu Mod","Replay The Spire","Shop Mod","StSLib","The Jungle","[IsaacMod]????"],"gold_per_floor":[99,110,125,125,142,207,207,207,207,223,235,123,135,20,32,135,135,135,135,148,148,148,148,148,148,167,167,186,214,233,233,253,253,253],"floor_reached":33,"language":"FRA","playtime":17541,"items_purged":["hermit:Strike_Hermit","hermit:Defend_Hermit"],"score":309,"play_id":"9bc1b14c-9307-4b11-862c-86b9d561c544","local_time":"20210215181028","is_ascension_mode":false,"campfire_choices":[{"data":"hermit:Covet","floor":1,"key":"SMITH"},{"data":"hermit:Snapshot","floor":9,"key":"SMITH"},{"data":"hermit:HighNoon","floor":18,"key":"SMITH"},{"data":"hermit:FatalDesire","floor":23,"key":"SMITH"},{"data":"hermit:Dive","floor":25,"key":"SMITH"},{"data":"hermit:EyeOfTheStorm","floor":27,"key":"SMITH"}],"circlet_count":0,"master_deck":["hermit:Strike_Hermit","hermit:Strike_Hermit","hermit:Strike_Hermit","hermit:Defend_Hermit","hermit:Defend_Hermit","hermit:Defend_Hermit","hermit:Snapshot+1","hermit:Covet+1","hermit:GhostlyPresence","hermit:Headshot","hermit:BigShot","hermit:Vantage","hermit:Dive+1","hermit:EyeOfTheStorm+1","hermit:Misfire","hermit:FatalDesire+1","hermit:Enervate","hermit:HighNoon+1","hermit:LuckOfTheDraw+1","Doubt","hermit:BodyArmor+1"],"relics":["hermit:Momento","HushsDoor","DeathBook","Strawberry","hubris:Towel","Replay:WaspNest","PunchingBag","energizedSpire:DeadBattery","Replay:Wax Seal","TheBean","CaptainsWheel","ReplayTheSpireMod:Ring of Challenge","Ring of Panic"],"acts_visited":["Exordium","TheCity"],"potions_floor_usage":[16,16,32,33,33],"damage_taken":[{"damage":1,"enemies":"Jaw Worm","floor":2,"turns":3},{"damage":0,"enemies":"Small Slimes","floor":3,"turns":3},{"damage":0,"enemies":"2 Louse","floor":5,"turns":2},{"damage":0,"enemies":"Gremlin Nob","floor":6,"turns":3},{"damage":2,"enemies":"Blue Slaver","floor":10,"turns":3},{"damage":0,"enemies":"Exordium Wildlife","floor":11,"turns":3},{"damage":0,"enemies":"downfall:FleeingMerchant","floor":12,"turns":4},{"damage":0,"enemies":"Large Slime","floor":13,"turns":7},{"damage":0,"enemies":"downfall:FleeingMerchant","floor":14,"turns":4},{"damage":24,"enemies":"Exordium Thugs","floor":15,"turns":4},{"damage":0,"enemies":"WA_ARCHETYPE_RETAIN","floor":16,"turns":5},{"damage":2,"enemies":"Chosen","floor":20,"turns":5},{"damage":0,"enemies":"3 Byrds","floor":26,"turns":5},{"damage":19,"enemies":"Snecko","floor":28,"turns":6},{"damage":1,"enemies":"Replay:Snechameleon","floor":29,"turns":7},{"damage":1,"enemies":"Snake Plant","floor":30,"turns":4},{"damage":0,"enemies":"Cultist and Chosen","floor":32,"turns":7},{"damage":50,"enemies":"IC_MUSHROOM_ARCHETYPE","floor":33,"turns":12}],"seed_played":"3974661474612401683","potions_obtained":[{"floor":10,"key":"Milkshake"},{"floor":11,"key":"hermit:Tonic"},{"floor":15,"key":"DuplicationPotion"},{"floor":16,"key":"SpeedPotion"},{"floor":29,"key":"LifebloodPotion"},{"floor":30,"key":"Swift Potion"},{"floor":32,"key":"GamblersBrew"}],"is_trial":false,"path_per_floor":["R","M","M","?","M","?","T","?","R","M","M","$","M","$","M","B",null,"R","?","M","T","?","R","T","R","M","R","M","E","M","?","M","B"],"character_chosen":"HERMIT","items_purchased":["hermit:Misfire"],"campfire_rested":0,"item_purchase_floors":[12],"current_hp_per_floor":[82,81,81,81,81,81,81,81,81,79,79,79,79,79,55,55,82,82,82,80,80,80,80,80,80,80,80,61,60,59,59,59,9,9],"gold":253,"neow_bonus":"RANDOM_COMMON_RELIC","is_daily":false,"chose_seed":false,"campfire_upgraded":6,"win_rate":0.0,"timestamp":1613409028,"path_taken":["R","M","M","?","M","?","T","?","R","M","M","?","M","$","M","BOSS","R","?","M","?","?","R","T","R","M","R","M","E","M","?","M","BOSS"],"items_purchased_type":["Card"],"build_version":"2020-12-22","purchased_purges":2,"victory":false,"max_hp_per_floor":[82,82,82,82,82,82,82,82,82,82,82,82,82,82,82,82,82,82,82,82,82,82,82,82,82,82,82,82,82,82,82,82,82,82],"card_choices":[{"not_picked":["hermit:Adapt","hermit:Headshot"],"picked":"hermit:GhostlyPresence","floor":2},{"not_picked":["hermit:SprayPray","hermit:Manifest"],"picked":"hermit:Headshot","floor":3},{"not_picked":["hermit:FlashPowder","hermit:Spite"],"picked":"hermit:BigShot","floor":5},{"not_picked":["hermit:CursedWeapon","hermit:Quickdraw"],"picked":"hermit:Vantage","floor":6},{"not_picked":["hermit:Headshot","hermit:Malice"],"picked":"hermit:Dive","floor":10},{"not_picked":["hermit:Combo","hermit:Spite"],"picked":"hermit:EyeOfTheStorm","floor":11},{"not_picked":["hermit:Feint","hermit:Roulette"],"picked":"Bomb","floor":12},{"not_picked":["hermit:Desperado","hermit:HighCaliber","hermit:EyeOfTheStorm"],"picked":"SKIP","floor":13},{"not_picked":["hermit:TrackingShot","hermit:TakeAim"],"picked":"hermit:FatalDesire","floor":14},{"not_picked":["hermit:Determination","hermit:Glare"],"picked":"hermit:Enervate","floor":15},{"not_picked":["hermit:OverwhelmingPower","hermit:Purgatory"],"picked":"hermit:HighNoon","floor":16},{"not_picked":["hermit:EyeOfTheStorm","hermit:BodyArmor"],"picked":"hermit:LuckOfTheDraw+1","floor":20},{"not_picked":["hermit:Combo","hermit:Deadeye","hermit:FlashPowder"],"picked":"SKIP","floor":26},{"not_picked":["hermit:Ricochet","hermit:WideOpen","hermit:Horror"],"picked":"SKIP","floor":28},{"not_picked":["hermit:Spite","hermit:Desperado","hermit:FullyLoaded"],"picked":"SKIP","floor":29},{"not_picked":["hermit:Coalescence","hermit:HighCaliber","hermit:Combo"],"picked":"SKIP","floor":30},{"not_picked":["hermit:CursedWeapon","hermit:Determination"],"picked":"hermit:BodyArmor+1","floor":32}],"player_experience":1216123,"relics_obtained":[{"floor":6,"key":"Replay:WaspNest"},{"floor":7,"key":"PunchingBag"},{"floor":21,"key":"Replay:Wax Seal"},{"floor":24,"key":"TheBean"},{"floor":29,"key":"CaptainsWheel"},{"floor":31,"key":"ReplayTheSpireMod:Ring of Challenge"},{"floor":31,"key":"Ring of Panic"}],"event_choices":[],"is_beta":false,"boss_relics":[{"not_picked":["energizedSpire:MagnifyingGlass","hubris:BlackHole"],"picked":"energizedSpire:DeadBattery"},{"not_picked":[]}],"items_purged_floors":[12,14],"is_endless":false,"potions_floor_spawned":[10,11,15,16,29,30,32],"killed_by":"IC_MUSHROOM_ARCHETYPE","ascension_level":0}}