{"host":"r0h3ysx70cq9cujv","time":1613387594,"event":{"mods":["Act Like it!","Aspiration","BaseMod","Minty Spire (QoL Compilation)","Pale of the Ancients","Red Circlet Mod","Reliquary","Replay The Spire","RumiaBox-露米娅的神秘盒子","StSLib","【功能Mod】混沌之环修复补丁"],"gold_per_floor":[109,109,109,109,124,151,151,164,188,188,198,209,243,261,261,362,362,362,362],"floor_reached":18,"language":"ZHS","playtime":561,"items_purged":[],"score":181,"play_id":"c1d5b3de-3b11-4f71-b2eb-b0f236403f88","local_time":"20210215191314","is_ascension_mode":true,"campfire_choices":[{"data":"Bash","floor":10,"key":"SMITH"},{"data":"Thunderclap","floor":15,"key":"SMITH"}],"circlet_count":0,"master_deck":["Strike_R+1","Strike_R","Strike_R","Strike_R+1","Defend_R","Defend_R","Defend_R+1","Defend_R","Bash+1","Thunderclap+1","Hemogenesis"],"relics":["Burning Blood","ReplayTheSpireMod:Ring of Addiction","Ring of Searing","SacredBark","Toy Ornithopter","FossilizedHelix","aspiration:ChemicalBlood","Ornamental Fan","aspiration:DefectSkillbook"],"acts_visited":["Exordium","TheCity"],"potions_floor_usage":[6,11,11,13,14,16,16,18],"damage_taken":[{"damage":6,"enemies":"Jaw Worm","floor":1,"turns":4},{"damage":24,"enemies":"2 Louse","floor":5,"turns":3},{"damage":27,"enemies":"Gremlin Nob","floor":6,"turns":4},{"damage":0,"enemies":"Small Slimes","floor":8,"turns":2},{"damage":6,"enemies":"3 Louse","floor":11,"turns":2},{"damage":12,"enemies":"Blue Slaver","floor":12,"turns":3},{"damage":18,"enemies":"Lagavulin","floor":13,"turns":4},{"damage":13,"enemies":"Gremlin Gang","floor":14,"turns":3},{"damage":33,"enemies":"Fading Forest","floor":16,"turns":11},{"damage":25,"enemies":"3 Byrds","floor":18,"turns":3}],"seed_played":"6446628832999485403","potions_obtained":[{"floor":2,"key":"Elixir"},{"floor":2,"key":"Strength Potion"},{"floor":2,"key":"Elixir"},{"floor":6,"key":"Explosive Potion"},{"floor":12,"key":"FearPotion"},{"floor":13,"key":"Fire Potion"}],"is_trial":false,"path_per_floor":["M","?","?","?","M","E","?","M","T","R","M","M","E","M","R","B",null,"M"],"character_chosen":"IRONCLAD","items_purchased":[],"campfire_rested":0,"item_purchase_floors":[],"current_hp_per_floor":[80,80,80,85,67,51,34,40,40,40,50,44,37,35,35,42,81,61,61],"gold":362,"neow_bonus":"RANDOM_EVENT","is_daily":false,"chose_seed":false,"campfire_upgraded":2,"win_rate":0.0,"timestamp":1613387594,"path_taken":["M","?","?","?","M","E","?","M","T","R","?","M","E","M","R","BOSS","M"],"items_purchased_type":[],"build_version":"2020-12-22","purchased_purges":0,"victory":false,"max_hp_per_floor":[80,80,80,85,85,83,83,83,83,81,81,81,81,81,81,81,81,81,81],"card_choices":[{"not_picked":["Warcry","Heavy Blade","Combust"],"picked":"SKIP","floor":1},{"not_picked":["Flex","Heavy Blade","Reckless Charge"],"picked":"SKIP","floor":5},{"not_picked":["ReplayReversal","Feel No Pain","Rage"],"picked":"SKIP","floor":6},{"not_picked":["Sword Boomerang","Headbutt","Life Link"],"picked":"SKIP","floor":8},{"not_picked":["Shrug It Off","Run Through","Infernal Blade"],"picked":"SKIP","floor":11},{"not_picked":["ReplayReversal","Disarm"],"picked":"Thunderclap","floor":12},{"not_picked":["Perfected Strike","Eclipse","Sever Soul"],"picked":"SKIP","floor":13},{"not_picked":["Warcry","Sword Boomerang","Replay:Undeath\u0027s Touch"],"picked":"SKIP","floor":14},{"not_picked":["Brutality","Demonic Infusion"],"picked":"Hemogenesis","floor":16}],"player_experience":9835,"relics_obtained":[{"floor":2,"key":"ReplayTheSpireMod:Ring of Addiction"},{"floor":2,"key":"Ring of Searing"},{"floor":2,"key":"SacredBark"},{"floor":2,"key":"Toy Ornithopter"},{"floor":6,"key":"FossilizedHelix"},{"floor":9,"key":"aspiration:ChemicalBlood"},{"floor":13,"key":"Ornamental Fan"}],"event_choices":[{"cards_removed":["Strike_R"],"damage_healed":0,"gold_gain":0,"player_choice":"Forget","damage_taken":0,"max_hp_gain":0,"max_hp_loss":0,"event_name":"Living Wall","floor":0,"gold_loss":0},{"damage_healed":0,"gold_gain":0,"player_choice":"Donut","damage_taken":0,"max_hp_gain":5,"max_hp_loss":0,"event_name":"Big Fish","floor":4,"gold_loss":0},{"damage_healed":0,"gold_gain":0,"player_choice":"Entered Light","damage_taken":17,"max_hp_gain":0,"max_hp_loss":0,"event_name":"Shining Light","floor":7,"gold_loss":0,"cards_upgraded":["Strike_R","Strike_R"]}],"is_beta":false,"boss_relics":[{"not_picked":["Runic Pyramid","Runic Cube"],"picked":"aspiration:DefectSkillbook"}],"items_purged_floors":[],"is_endless":false,"potions_floor_spawned":[5,6,12,13],"killed_by":"3 Byrds","ascension_level":1}}