{"host":"yn1175etg9ni8l0q","time":1613390530,"event":{"mods":["AchievementEnabler","BaseMod","Colored Map","Colored Powertips","DeckTracker","Minty Spire (QoL Compilation)","Rare Cards Sparkle","Relic Stats","SuperFastMode","everything is the same but u backflip on backflip"],"gold_per_floor":[110,126,126,145,145,145,155,155,155,185,1,11,28,28,28,102,102,113,42,59,69,69,69,69,84,84,84,118,118,217,227,227,305,305,320,335,348,348,6,6,19,19,19,35,35,48,59,59,59,59],"floor_reached":51,"language":"KOR","playtime":1215,"items_purged":[],"score":1116,"play_id":"39076b66-1708-4d2d-b94e-ca6f0cc68821","local_time":"20210215210210","is_ascension_mode":true,"campfire_choices":[{"data":"Body Slam","floor":6.0,"key":"SMITH"},{"data":"Juggernaut","floor":8.0,"key":"SMITH"},{"data":"Body Slam","floor":15.0,"key":"SMITH"},{"data":"Barricade","floor":23.0,"key":"SMITH"},{"data":"Offering","floor":27.0,"key":"SMITH"},{"data":"Entrench","floor":29.0,"key":"SMITH"},{"data":"Fire Breathing","floor":32.0,"key":"SMITH"},{"data":"Apotheosis","floor":40,"key":"SMITH"},{"floor":42,"key":"REST"},{"data":"Offering","floor":49,"key":"SMITH"}],"circlet_count":0,"master_deck":["AscendersBane","Defend_R","Defend_R+1","Defend_R","Bash+1","Juggernaut+1","Body Slam+1","Shrug It Off","Battle Trance+1","Body Slam+1","Barricade+1","Shrug It Off","Flame Barrier","Fire Breathing+1","Second Wind","Offering+1","Pommel Strike","Fire Breathing","Entrench+1","Offering+1","Offering+1","Metallicize+1","Apotheosis+1"],"relics":["Burning Blood","Matryoshka","War Paint","Mark of Pain","Darkstone Periapt","Vajra","Blood Vial","Astrolabe","Calipers","Bronze Scales","Du-Vu Doll"],"acts_visited":["TheCity","TheBeyond"],"potions_floor_usage":[39,50,50],"damage_taken":[{"damage":12.0,"enemies":"2 Louse","floor":1.0,"turns":3.0},{"damage":4.0,"enemies":"Small Slimes","floor":2.0,"turns":4.0},{"damage":5.0,"enemies":"Cultist","floor":4.0,"turns":5.0},{"damage":1.0,"enemies":"2 Fungi Beasts","floor":7.0,"turns":4.0},{"damage":18.0,"enemies":"Gremlin Nob","floor":10.0,"turns":4.0},{"damage":8.0,"enemies":"Blue Slaver","floor":12.0,"turns":3.0},{"damage":0.0,"enemies":"Large Slime","floor":13.0,"turns":4.0},{"damage":7.0,"enemies":"Hexaghost","floor":16.0,"turns":8.0},{"damage":16.0,"enemies":"2 Thieves","floor":18.0,"turns":4.0},{"damage":7.0,"enemies":"Chosen","floor":20.0,"turns":5.0},{"damage":24.0,"enemies":"3 Cultists","floor":21.0,"turns":5.0},{"damage":4.0,"enemies":"Cultist and Chosen","floor":25.0,"turns":5.0},{"damage":20.0,"enemies":"Book of Stabbing","floor":28.0,"turns":4.0},{"damage":7.0,"enemies":"Snecko","floor":31.0,"turns":4.0},{"damage":15.0,"enemies":"Collector","floor":33.0,"turns":7.0},{"damage":17.0,"enemies":"3 Shapes","floor":35.0,"turns":2.0},{"damage":22.0,"enemies":"3 Darklings","floor":36.0,"turns":5.0},{"damage":18,"enemies":"Writhing Mass","floor":37,"turns":2},{"damage":35,"enemies":"Jaw Worm Horde","floor":41,"turns":5},{"damage":20,"enemies":"4 Shapes","floor":44,"turns":4},{"damage":18,"enemies":"Sphere and 2 Shapes","floor":46,"turns":2},{"damage":9,"enemies":"Jaw Worm Horde","floor":47,"turns":5},{"damage":49,"enemies":"Time Eater","floor":50,"turns":8}],"seed_played":"8861559460874763064","potions_obtained":[{"floor":1.0,"key":"Swift Potion"},{"floor":7.0,"key":"Fire Potion"},{"floor":13.0,"key":"Fire Potion"},{"floor":14.0,"key":"BloodPotion"},{"floor":20.0,"key":"HeartOfIron"},{"floor":31.0,"key":"SpeedPotion"},{"floor":33.0,"key":"BloodPotion"},{"floor":36.0,"key":"Dexterity Potion"}],"is_trial":false,"path_per_floor":["M","M","?","M","?","R","M","R","T","E","$","M","M","?","R","B",null,"M","$","M","M","?","R","?","M","T","R","E","R","?","M","R","B",null,"M","M","M","?","$","R","M","R","T","M","?","M","M","?","R","B",null],"character_chosen":"IRONCLAD","items_purchased":["Barricade","Shrug It Off","Fire Breathing","Calipers","Swift Potion"],"campfire_rested":1,"item_purchase_floors":[11,11,19,39,39],"current_hp_per_floor":[66,68,61,62,46,46,51,51,51,39,39,37,43,43,43,42,71,61,61,60,42,42,42,42,44,44,44,30,30,30,47,47,40,70,61,47,37,27,43,43,16,40,40,28,70,58,57,57,57,16],"gold":59,"neow_bonus":"ONE_RANDOM_RARE_CARD","is_daily":false,"chose_seed":false,"campfire_upgraded":9,"win_rate":0.0,"timestamp":1613390530,"path_taken":["M","M","?","M","?","R","M","R","T","E","$","M","M","?","R","BOSS","M","?","M","M","?","R","?","M","T","R","E","R","?","?","R","BOSS","M","M","M","?","$","R","M","R","T","M","?","M","M","?","R","BOSS"],"items_purchased_type":["Card","Card","Card","Relic","Potion"],"build_version":"2020-12-22","purchased_purges":0,"victory":true,"max_hp_per_floor":[80,80,80,80,80,80,80,80,80,80,80,80,80,80,80,80,80,80,80,80,80,80,80,80,80,80,80,80,80,80,80,80,80,80,80,80,80,80,80,80,80,80,80,80,70,70,70,70,70,70],"relic_stats":{"Darkstone Periapt":0,"Blood Vial":18,"counters":[23,102],"Astrolabe":["Offering","Metallicize","Fiend Fire"],"Bronze Scales":[68],"War Paint":["Defend_R","Battle Trance"],"obtain_stats":[{"Darkstone Periapt":26,"Blood Vial":28,"Du-Vu Doll":43,"Matryoshka":9,"Calipers":39,"Astrolabe":34,"Bronze Scales":43,"Vajra":26,"Mark of Pain":17,"War Paint":10,"Burning Blood":0},{"Darkstone Periapt":12,"Blood Vial":13,"Du-Vu Doll":19,"Matryoshka":4,"Calipers":18,"Astrolabe":15,"Bronze Scales":19,"Vajra":12,"Mark of Pain":8,"War Paint":5,"Burning Blood":0},{"Darkstone Periapt":54,"Blood Vial":58,"Du-Vu Doll":83,"Matryoshka":16,"Calipers":78,"Astrolabe":69,"Bronze Scales":83,"Vajra":54,"Mark of Pain":35,"War Paint":20,"Burning Blood":0}],"Burning Blood":138},"card_choices":[{"not_picked":["Intimidate","Sword Boomerang","Heavy Blade"],"picked":"SKIP","floor":1.0},{"not_picked":["Cleave","Seeing Red"],"picked":"Body Slam","floor":2.0},{"not_picked":["Clothesline","Clash"],"picked":"Shrug It Off","floor":4.0},{"not_picked":["Twin Strike","Shrug It Off"],"picked":"Battle Trance","floor":7.0},{"not_picked":["Clothesline","Reckless Charge"],"picked":"Body Slam","floor":10.0},{"not_picked":["Warcry","Reaper"],"picked":"Flame Barrier","floor":12.0},{"not_picked":["Headbutt","Metallicize","Shrug It Off"],"picked":"SKIP","floor":13.0},{"not_picked":["Warcry","True Grit","Clothesline"],"picked":"SKIP","floor":18.0},{"not_picked":["Sever Soul","Havoc+1"],"picked":"Second Wind","floor":20.0},{"not_picked":["Flex","Thunderclap"],"picked":"Offering","floor":21.0},{"not_picked":["Iron Wave","Heavy Blade","Sword Boomerang"],"picked":"SKIP","floor":25.0},{"not_picked":["Wild Strike","Iron Wave"],"picked":"Entrench","floor":28.0},{"not_picked":["Perfected Strike","Heavy Blade","Clash"],"picked":"SKIP","floor":31.0},{"not_picked":["Berserk","Fiend Fire"],"picked":"Offering","floor":33.0},{"not_picked":["Twin Strike","Thunderclap","Perfected Strike"],"picked":"SKIP","floor":35.0},{"not_picked":["Warcry+1","Perfected Strike","Iron Wave"],"picked":"SKIP","floor":36.0},{"not_picked":["Sword Boomerang+1","Warcry","Sentinel"],"picked":"SKIP","floor":37},{"not_picked":["Blind","Impatience"],"picked":"Apotheosis","floor":38},{"not_picked":["Carnage+1","Perfected Strike","Cleave"],"picked":"SKIP","floor":41},{"not_picked":["Pommel Strike","Clothesline+1","Sentinel"],"picked":"SKIP","floor":44},{"not_picked":["Clash+1","Sever Soul+1","Flame Barrier"],"picked":"SKIP","floor":46},{"not_picked":["Body Slam","Anger","Havoc+1"],"picked":"SKIP","floor":47}],"player_experience":385215,"relics_obtained":[{"floor":9.0,"key":"Matryoshka"},{"floor":10.0,"key":"War Paint"},{"floor":26.0,"key":"Darkstone Periapt"},{"floor":26.0,"key":"Vajra"},{"floor":28.0,"key":"Blood Vial"},{"floor":43,"key":"Bronze Scales"},{"floor":43,"key":"Du-Vu Doll"}],"event_choices":[{"cards_removed":["Strike_R"],"damage_healed":0.0,"max_hp_gain":0.0,"max_hp_loss":0.0,"gold_gain":0.0,"event_name":"Golden Wing","player_choice":"Card Removal","floor":3.0,"gold_loss":0.0,"damage_taken":7.0},{"damage_healed":0.0,"max_hp_gain":0.0,"max_hp_loss":0.0,"gold_gain":0.0,"event_name":"Shining Light","player_choice":"Entered Light","floor":5.0,"gold_loss":0.0,"damage_taken":16.0,"cards_upgraded":["Strike_R","Bash"]},{"damage_healed":0.0,"max_hp_gain":0.0,"max_hp_loss":0.0,"gold_gain":0.0,"event_name":"Lab","player_choice":"Got Potions","floor":14.0,"gold_loss":0.0,"damage_taken":0.0},{"damage_healed":0.0,"max_hp_gain":0.0,"max_hp_loss":0.0,"gold_gain":0.0,"event_name":"Ghosts","player_choice":"Ignored","floor":22.0,"gold_loss":0.0,"damage_taken":0.0},{"damage_healed":0.0,"max_hp_gain":0.0,"max_hp_loss":0.0,"gold_gain":0.0,"cards_transformed":["Strike_R","Strike_R"],"event_name":"Drug Dealer","player_choice":"Became Test Subject","floor":24.0,"gold_loss":0.0,"damage_taken":0.0,"cards_obtained":["Pommel Strike","Fire Breathing"]},{"damage_healed":0.0,"max_hp_gain":0.0,"max_hp_loss":0.0,"gold_gain":99.0,"event_name":"Nest","player_choice":"Stole From Cult","floor":30.0,"gold_loss":0.0,"damage_taken":0.0},{"damage_healed":0,"gold_gain":0,"player_choice":"Memory 3","damage_taken":10,"max_hp_gain":0,"max_hp_loss":0,"event_name":"SensoryStone","floor":38,"gold_loss":0},{"damage_healed":70,"gold_gain":0,"player_choice":"Heal","damage_taken":0,"max_hp_gain":0,"max_hp_loss":10,"event_name":"The Moai Head","floor":45,"gold_loss":0},{"cards_removed":["Fiend Fire"],"damage_healed":0,"gold_gain":0,"player_choice":"Removed Attack","damage_taken":0,"max_hp_gain":0,"max_hp_loss":0,"event_name":"Falling","floor":48,"gold_loss":0}],"is_beta":false,"boss_relics":[{"not_picked":["Runic Pyramid","Cursed Key"],"picked":"Mark of Pain"},{"not_picked":["Runic Cube","Philosopher\u0027s Stone"],"picked":"Astrolabe"}],"items_purged_floors":[],"is_endless":false,"potions_floor_spawned":[1,7,13,20,21,31,33,36,44,46],"ascension_level":13}}