{"host":"4epvxsx6d4oxmc67","time":1613354297,"event":{"mods":["AchievementEnabler","BaseMod","Colored Map","Highlight Path","Minty Spire (QoL Compilation)"],"gold_per_floor":[110,110,130,144,160,160,184,184,184,259,277,293,73,99,99,202,202,219,236,286,286,306,319,349,349,374,374,393,393,137,163,163,264,264,283,283,293,308,40,40,3,31,31,56,56,56,56,56,56,56],"floor_reached":51,"language":"ENG","playtime":2805,"items_purged":["Strike_G","Strike_G+1","Strike_G+1"],"score":787,"play_id":"6442ae29-cb02-44c4-ab04-442154c11cf7","local_time":"20210215015817","is_ascension_mode":true,"campfire_choices":[{"floor":6.0,"key":"REST"},{"data":"Noxious Fumes","floor":8.0,"key":"SMITH"},{"floor":15.0,"key":"REST"},{"floor":27,"key":"REST"},{"floor":29,"key":"REST"},{"floor":32,"key":"REST"},{"floor":40,"key":"REST"},{"data":"Dagger Spray","floor":45,"key":"SMITH"},{"data":"Survivor","floor":49,"key":"SMITH"}],"circlet_count":0,"master_deck":["Strike_G+1","Defend_G+1","Defend_G+1","Defend_G+1","Defend_G+1","Defend_G+1","Survivor+1","Neutralize+1","Cloak And Dagger","Noxious Fumes+1","Dash","Leg Sweep","Well Laid Plans+1","Slice","Burst","Sucker Punch+1","PiercingWail+1","Dagger Spray+1","Deadly Poison+1","Quick Slash","Burst","Adrenaline","Flying Knee+1","Riddle With Holes+1","Caltrops","Night Terror+1"],"relics":["Ring of the Snake","Juzu Bracelet","Oddly Smooth Stone","Vajra","Potion Belt","Sozu","Centennial Puzzle","Omamori","Regal Pillow","Snake Skull","Cursed Key","Toxic Egg 2","ClockworkSouvenir","Blood Vial","InkBottle","Toy Ornithopter"],"acts_visited":["Exordium","TheCity","TheBeyond"],"potions_floor_usage":[16],"damage_taken":[{"damage":0.0,"enemies":"Jaw Worm","floor":1.0,"turns":3.0},{"damage":0.0,"enemies":"Cultist","floor":3.0,"turns":3.0},{"damage":0.0,"enemies":"Small Slimes","floor":4.0,"turns":3.0},{"damage":11.0,"enemies":"Exordium Thugs","floor":5.0,"turns":4.0},{"damage":3.0,"enemies":"Exordium Wildlife","floor":11.0,"turns":6.0},{"damage":0.0,"enemies":"Blue Slaver","floor":12.0,"turns":4.0},{"damage":7.0,"enemies":"3 Sentries","floor":14.0,"turns":7.0},{"damage":9,"enemies":"The Guardian","floor":16,"turns":11},{"damage":18,"enemies":"Spheric Guardian","floor":18,"turns":5},{"damage":0,"enemies":"Chosen","floor":19,"turns":4},{"damage":8,"enemies":"Sentry and Sphere","floor":22,"turns":7},{"damage":3,"enemies":"3 Cultists","floor":23,"turns":6},{"damage":22,"enemies":"Book of Stabbing","floor":24,"turns":8},{"damage":0,"enemies":"Centurion and Healer","floor":28,"turns":7},{"damage":17,"enemies":"Slavers","floor":31,"turns":7},{"damage":33,"enemies":"Automaton","floor":33,"turns":10},{"damage":0,"enemies":"Orb Walker","floor":35,"turns":3},{"damage":6,"enemies":"3 Shapes","floor":37,"turns":5},{"damage":20,"enemies":"Spire Growth","floor":38,"turns":4},{"damage":18,"enemies":"Nemesis","floor":42,"turns":7},{"damage":31,"enemies":"Awakened One","floor":50,"turns":17}],"seed_played":"4815858381169902200","potions_obtained":[{"floor":1.0,"key":"Dexterity Potion"},{"floor":3.0,"key":"AttackPotion"},{"floor":4.0,"key":"CunningPotion"},{"floor":14.0,"key":"Weak Potion"}],"is_trial":false,"path_per_floor":["M","?","M","M","M","R","T","R","T","?","M","M","$","E","R","B",null,"M","M","?","?","M","M","E","?","T","R","M","R","$","E","R","B",null,"M","?","M","M","$","R","$","E","T","T","R","$","?","?","R","B",null],"character_chosen":"THE_SILENT","items_purchased":["Vajra","Regal Pillow","ClockworkSouvenir","Caltrops"],"campfire_rested":6,"item_purchase_floors":[13,30,39,41],"current_hp_per_floor":[70,56,56,56,45,66,66,66,66,55,52,52,52,45,66,57,70,52,52,52,52,44,41,19,19,19,40,40,61,61,44,70,37,70,70,70,64,44,44,70,70,52,52,52,52,52,52,70,70,39],"gold":56,"neow_bonus":"TRANSFORM_CARD","is_daily":false,"chose_seed":false,"campfire_upgraded":3,"win_rate":0.0,"timestamp":1613354297,"path_taken":["M","?","M","M","M","R","?","R","T","?","M","M","$","E","R","BOSS","M","M","?","?","M","M","E","?","T","R","M","R","?","E","R","BOSS","M","?","M","M","$","R","?","E","T","?","R","$","?","?","R","BOSS"],"items_purchased_type":["Relic","Relic","Relic","Card"],"build_version":"2020-12-22","purchased_purges":3,"victory":true,"max_hp_per_floor":[70,70,70,70,70,70,70,70,70,70,70,70,70,70,70,70,70,70,70,70,70,70,70,70,70,70,70,70,70,70,70,70,70,70,70,70,70,70,70,70,70,70,70,70,70,70,70,70,70,70],"card_choices":[{"not_picked":["Accuracy","Escape Plan"],"picked":"Cloak And Dagger","floor":1.0},{"not_picked":["Flying Knee","Sucker Punch"],"picked":"Noxious Fumes","floor":3.0},{"not_picked":["Deflect","Underhanded Strike"],"picked":"Dash","floor":4.0},{"not_picked":["Quick Slash","Reflex"],"picked":"Leg Sweep","floor":5.0},{"not_picked":["Deflect","Crippling Poison"],"picked":"Well Laid Plans","floor":11.0},{"not_picked":["All Out Attack","Glass Knife"],"picked":"Slice","floor":12.0},{"not_picked":["Tools of the Trade","Deflect","Acrobatics"],"picked":"SKIP","floor":14.0},{"not_picked":["After Image","Wraith Form v2"],"picked":"Burst","floor":16},{"not_picked":["Bane","Dodge and Roll"],"picked":"Sucker Punch+1","floor":18},{"not_picked":["Outmaneuver","All Out Attack+1"],"picked":"PiercingWail+1","floor":19},{"not_picked":["Slice","Escape Plan"],"picked":"Dagger Spray","floor":22},{"not_picked":["Dagger Spray","Deflect"],"picked":"Deadly Poison+1","floor":23},{"not_picked":["Wraith Form v2","Blade Dance","Escape Plan"],"picked":"SKIP","floor":24},{"not_picked":["Cloak And Dagger","Acrobatics"],"picked":"Quick Slash","floor":28},{"not_picked":["Backflip+1","Deadly Poison"],"picked":"Burst","floor":31},{"not_picked":["A Thousand Cuts","Tools of the Trade"],"picked":"Adrenaline","floor":33},{"not_picked":["Reflex","Calculated Gamble"],"picked":"Flying Knee+1","floor":35},{"not_picked":["Prepared+1","Outmaneuver+1"],"picked":"Riddle With Holes+1","floor":37},{"not_picked":["Backflip+1","Cloak And Dagger+1","Quick Slash"],"picked":"SKIP","floor":38},{"not_picked":["Eviscerate","Underhanded Strike+1"],"picked":"Night Terror+1","floor":42}],"player_experience":129518,"relics_obtained":[{"floor":7.0,"key":"Juzu Bracelet"},{"floor":9.0,"key":"Oddly Smooth Stone"},{"floor":14.0,"key":"Potion Belt"},{"floor":24,"key":"Centennial Puzzle"},{"floor":26,"key":"Omamori"},{"floor":31,"key":"Snake Skull"},{"floor":36,"key":"Toxic Egg 2"},{"floor":42,"key":"Blood Vial"},{"floor":43,"key":"InkBottle"},{"floor":44,"key":"Toy Ornithopter"}],"event_choices":[{"damage_healed":0.0,"max_hp_gain":0.0,"max_hp_loss":0.0,"gold_gain":0.0,"event_name":"Shining Light","player_choice":"Entered Light","floor":2.0,"gold_loss":0.0,"damage_taken":14.0,"cards_upgraded":["Defend_G","Neutralize"]},{"damage_healed":0.0,"max_hp_gain":0.0,"max_hp_loss":0.0,"gold_gain":75.0,"event_name":"World of Goop","player_choice":"Gather Gold","floor":10.0,"gold_loss":0.0,"damage_taken":11.0},{"damage_healed":0,"gold_gain":100,"player_choice":"Bet on Murderer","damage_taken":0,"max_hp_gain":0,"max_hp_loss":0,"event_name":"The Joust","floor":20,"gold_loss":50},{"damage_healed":0,"gold_gain":0,"player_choice":"Simplicity","damage_taken":0,"max_hp_gain":0,"max_hp_loss":0,"event_name":"Back to Basics","floor":21,"gold_loss":0,"cards_upgraded":["Strike_G","Strike_G","Strike_G","Defend_G","Defend_G","Defend_G","Defend_G"]},{"damage_healed":0,"gold_gain":0,"player_choice":"Forge","damage_taken":0,"max_hp_gain":0,"max_hp_loss":0,"event_name":"Accursed Blacksmith","floor":25,"gold_loss":0,"cards_upgraded":["Well Laid Plans"]},{"damage_healed":0,"gold_gain":0,"player_choice":"Relic","damage_taken":0,"max_hp_gain":0,"max_hp_loss":0,"event_name":"Wheel of Change","floor":36,"gold_loss":0},{"damage_healed":0,"gold_gain":0,"player_choice":"Got Potions","damage_taken":0,"max_hp_gain":0,"max_hp_loss":0,"event_name":"Lab","floor":47,"gold_loss":0},{"cards_removed":["Eviscerate"],"damage_healed":18,"gold_gain":0,"player_choice":"Offered Uncommon","damage_taken":0,"max_hp_gain":0,"max_hp_loss":0,"event_name":"Bonfire Elementals","floor":48,"gold_loss":0}],"is_beta":false,"boss_relics":[{"not_picked":["Velvet Choker","HoveringKite"],"picked":"Sozu"},{"not_picked":["Calling Bell","Tiny House"],"picked":"Cursed Key"}],"items_purged_floors":[13,30,39],"is_endless":false,"potions_floor_spawned":[1,3,4,14,18,23,33],"ascension_level":3}}