{"host":"rylkjufw9dlhr07b","time":1613351303,"event":{"mods":["AchievementEnabler","BaseMod","Better Note","BetterRewards","Hubris","Minty Spire (QoL Compilation)","Quick Restart","StSLib"],"gold_per_floor":[110,110,180,180,195,195,208,221,246,270,270,288,52,17,17,94,94,111,111,111,91,109,109,134,146,146,165,165,185,185,185],"floor_reached":30,"language":"FRA","playtime":1024,"items_purged":[],"score":620,"play_id":"c6718e4c-9ee6-450f-8abf-e4cfd24674e2","local_time":"20210215020823","is_ascension_mode":true,"campfire_choices":[{"floor":6.0,"key":"REST"},{"floor":15,"key":"REST"},{"floor":23,"key":"REST"}],"circlet_count":0,"master_deck":["AscendersBane","Strike_G","Strike_G","Strike_G","Strike_G","Strike_G","Defend_G","Defend_G","Defend_G","Defend_G","Defend_G","Survivor","Neutralize","Bane+1","Flash of Steel","Flash of Steel","Dagger Throw","Underhanded Strike","Distraction+1","Poisoned Stab","Blade Dance+1","Quick Slash","Deadly Poison+1","Deadly Poison+1","Cloak And Dagger+1","Sucker Punch","Apotheosis+1","Deflect+1","Blade Dance+1","After Image","Deadly Poison+1","Bouncing Flask+1","Blur+1","Blade Dance+1","Blur+1","Dash","Slice","Calculated Gamble+1","Cloak And Dagger+1"],"relics":["Ring of the Snake","Toxic Egg 2","hubris:OldNail","hubris:Towel","Dream Catcher","Nunchaku","SacredBark","hubris:AncientText","hubris:FunFungus"],"acts_visited":["Exordium","TheCity"],"potions_floor_usage":[14,24,29],"damage_taken":[{"damage":5.0,"enemies":"Small Slimes","floor":1.0,"turns":2.0},{"damage":2.0,"enemies":"Jaw Worm","floor":5.0,"turns":3.0},{"damage":0.0,"enemies":"2 Louse","floor":7.0,"turns":2.0},{"damage":0.0,"enemies":"Looter","floor":8.0,"turns":1.0},{"damage":3,"enemies":"Large Slime","floor":12,"turns":5},{"damage":8,"enemies":"Hexaghost","floor":16,"turns":8},{"damage":8,"enemies":"2 Thieves","floor":18,"turns":5},{"damage":12,"enemies":"3 Byrds","floor":22,"turns":5},{"damage":21,"enemies":"Book of Stabbing","floor":24,"turns":4},{"damage":19,"enemies":"3 Cultists","floor":25,"turns":5},{"damage":7,"enemies":"Cultist and Chosen","floor":27,"turns":7},{"damage":18,"enemies":"Snake Plant","floor":29,"turns":3},{"damage":4,"enemies":"Sentry and Sphere","floor":30,"turns":3}],"seed_played":"2746756288658770252","potions_obtained":[{"floor":5.0,"key":"AttackPotion"},{"floor":8.0,"key":"Fruit Juice"},{"floor":18,"key":"AttackPotion"},{"floor":21,"key":"CultistPotion"},{"floor":27,"key":"Fire Potion"}],"is_trial":false,"path_per_floor":["M","?","?","?","M","R","M","M","T","T","?","M","$","?","R","B",null,"M","?","?","?","M","R","E","M","T","M","?","M","M"],"character_chosen":"THE_SILENT","items_purchased":["Bane","Flash of Steel","Flash of Steel","Dagger Throw","Underhanded Strike","Toxic Egg 2","Distraction+1","hubris:OldNail","Poisoned Stab","Blade Dance+1","Ancient Potion","Apotheosis+1","Deflect+1"],"campfire_rested":3,"item_purchase_floors":[0,0,0,0,0,0,0,0,0,0,0,13,13],"current_hp_per_floor":[18,18,18,18,16,35,35,35,35,35,35,32,32,37,58,50,66,58,58,58,58,46,67,46,27,27,22,22,4,0,0],"gold":185,"neow_bonus":"","is_daily":false,"chose_seed":false,"campfire_upgraded":0,"win_rate":0.0,"timestamp":1613351303,"path_taken":["M","?","?","?","M","R","M","M","T","?","?","M","?","?","R","BOSS","M","?","?","?","M","R","E","?","T","M","?","M","M"],"items_purchased_type":["Card","Card","Card","Card","Card","Relic","Card","Relic","Card","Card","Potion","Card","Card"],"build_version":"2020-12-22","purchased_purges":0,"victory":false,"max_hp_per_floor":[66,66,66,66,66,66,66,66,66,66,66,66,66,71,71,71,71,71,71,71,71,71,71,71,71,71,71,71,71,71,71],"card_choices":[{"not_picked":["hubris:Counter","hubris:SlightOfHand+1"],"picked":"Quick Slash","floor":1.0},{"not_picked":["Catalyst+1","hubris:SlightOfHand+1"],"picked":"Deadly Poison+1","floor":5.0},{"not_picked":["Well Laid Plans","Envenom"],"picked":"Deadly Poison+1","floor":7.0},{"not_picked":["Concentrate+1","Prepared+1"],"picked":"Cloak And Dagger+1","floor":8.0},{"not_picked":["Terror+1","Masterful Stab"],"picked":"Sucker Punch","floor":12},{"not_picked":["Endless Agony","Masterful Stab"],"picked":"Blade Dance+1","floor":15},{"not_picked":["Unload","Storm of Steel+1"],"picked":"After Image","floor":16},{"not_picked":["Poisoned Stab","Leg Sweep+1"],"picked":"Deadly Poison+1","floor":18},{"not_picked":["Caltrops","Predator"],"picked":"Blur+1","floor":22},{"not_picked":["Outmaneuver+1","Acrobatics+1"],"picked":"Blade Dance+1","floor":23},{"not_picked":["Slice+1","All Out Attack"],"picked":"Blur+1","floor":24},{"not_picked":["Blade Dance+1","Prepared+1"],"picked":"Dash","floor":25},{"not_picked":["Quick Slash","Phantasmal Killer+1"],"picked":"Slice","floor":27},{"not_picked":["Calculated Gamble+1","Dagger Throw"],"picked":"Cloak And Dagger+1","floor":29}],"player_experience":593560,"relics_obtained":[{"floor":9.0,"key":"Dream Catcher"},{"floor":10.0,"key":"Nunchaku"},{"floor":24,"key":"hubris:AncientText"},{"floor":26,"key":"hubris:FunFungus"}],"event_choices":[{"damage_healed":0.0,"max_hp_gain":0.0,"max_hp_loss":0.0,"gold_gain":70.0,"event_name":"Golden Wing","player_choice":"Gained Gold","floor":3.0,"gold_loss":0.0,"damage_taken":0.0},{"damage_healed":0.0,"max_hp_gain":0.0,"max_hp_loss":0.0,"gold_gain":0.0,"event_name":"Liars Game","player_choice":"Ignored","floor":4.0,"gold_loss":0.0,"damage_taken":0.0},{"damage_healed":0.0,"max_hp_gain":0.0,"max_hp_loss":0.0,"gold_gain":0.0,"event_name":"Living Wall","player_choice":"Grow","floor":11.0,"gold_loss":0.0,"damage_taken":0.0,"cards_upgraded":["Bane"]},{"damage_healed":0,"gold_gain":0,"player_choice":"Left Gold","damage_taken":0,"max_hp_gain":0,"max_hp_loss":0,"event_name":"World of Goop","floor":14,"gold_loss":35},{"cards_removed":["Apotheosis"],"damage_healed":0,"gold_gain":0,"player_choice":"Take \u0026 Give","damage_taken":0,"max_hp_gain":0,"max_hp_loss":0,"event_name":"betterNote:BetterNote","floor":19,"gold_loss":0,"cards_obtained":["Bouncing Flask"]},{"damage_healed":0,"gold_gain":0,"player_choice":"Ignored","damage_taken":0,"max_hp_gain":0,"max_hp_loss":0,"event_name":"Beggar","floor":20,"gold_loss":0},{"damage_healed":0,"gold_gain":0,"player_choice":"Bought 1 Potion","damage_taken":0,"max_hp_gain":0,"max_hp_loss":0,"event_name":"The Woman in Blue","floor":21,"gold_loss":0},{"damage_healed":0,"gold_gain":0,"player_choice":"1 cards matched","damage_taken":0,"max_hp_gain":0,"max_hp_loss":0,"event_name":"Match and Keep!","floor":28,"gold_loss":0,"cards_obtained":["Calculated Gamble"]}],"is_beta":false,"boss_relics":[{"not_picked":["Snecko Eye","hubris:BlackHole"],"picked":"SacredBark"}],"items_purged_floors":[],"is_endless":false,"potions_floor_spawned":[5,8,18,22,27],"killed_by":"Sentry and Sphere","ascension_level":15}}