{"host":"mo324zvkdr1xwprd","time":1613388347,"event":{"mods":["A Penny For Your Troubles","BaseMod","Better Note","Better Third Choice","BetterRewards","Hermit","Highlight Path","Hubris","Infinite Spire","Minty Spire (QoL Compilation)","Quick Restart","Rare Cards Sparkle","Shop Mod","StSLib","The Cursed","The Hierophant","Transform Curses"],"gold_per_floor":[112,124,134,134,0,0,26,26,77,140,153,169,169,169,169,241,291,301,320,43,61,79,79,106,122,201,216,247,267,287,317,317,317,317],"floor_reached":33,"language":"ENG","playtime":2257,"items_purged":[],"score":897,"play_id":"d889c675-065f-4b8f-9f0a-f5b76dc1c0e8","local_time":"20210215112547","is_ascension_mode":true,"campfire_choices":[{"floor":6.0,"key":"REST"},{"data":"infinitespire:Neurotoxin","floor":13.0,"key":"SMITH"},{"floor":15.0,"key":"REST"},{"floor":23.0,"key":"RECALL"},{"floor":32.0,"key":"REST"}],"circlet_count":0,"master_deck":["AscendersBane","Strike_G","Strike_G","Strike_G","Strike_G","Strike_G","Defend_G","Defend_G","Defend_G","Defend_G","Defend_G","Survivor","Neutralize","infinitespire:Neurotoxin+1","Backflip","Noxious Fumes","Endless Agony","PiercingWail","Footwork","Leg Sweep","Finesse","Bandage Up","Accuracy","Bouncing Flask","Flying Knee+1","Cloak And Dagger","Escape Plan","Cloak And Dagger","Backstab","Cloak And Dagger","Quick Slash","Burn+1","Enlightenment","Masterful Stab","Deflect","Blade Dance","hubris:TrickCloak","Storm of Steel","Die Die Die+1","Outmaneuver","Deadly Poison","Envenom","Infinite Blades+1","Cloak And Dagger","Backstab+1","Predator+1","Blur","Blur","Blade Dance","Corpse Explosion","Dagger Throw+1","PiercingWail","Glass Knife+1","Riddle With Holes+1","Outmaneuver","Dagger Throw+1","Slice+1","Dagger Spray+1","Backstab+1"],"relics":["hierophant:PropheticMaskRelic","Tough Bandages","Peace Pipe","Bag of Preparation","infinitespire:Beetle Shell","hubris:Potato","Vajra","Prayer Wheel","hubris:CuriousFeather","hubris:GlazedTorus","infinitespire:Cubic Diamond","Molten Egg 2","Tiny House","Mercury Hourglass","Mummified Hand","HornCleat","Tiny Chest","Torii"],"acts_visited":["Exordium","TheCity"],"potions_floor_usage":[],"damage_taken":[{"damage":0.0,"enemies":"2 Louse","floor":1.0,"turns":6.0},{"damage":5.0,"enemies":"Jaw Worm","floor":2.0,"turns":5.0},{"damage":0.0,"enemies":"Cultist","floor":3.0,"turns":2.0},{"damage":11.0,"enemies":"Gremlin Nob","floor":7.0,"turns":4.0},{"damage":0.0,"enemies":"Looter","floor":11.0,"turns":2.0},{"damage":0.0,"enemies":"Blue Slaver","floor":12.0,"turns":2.0},{"damage":2.0,"enemies":"Slime Boss","floor":16.0,"turns":6.0},{"damage":0.0,"enemies":"Spheric Guardian","floor":18.0,"turns":3.0},{"damage":0.0,"enemies":"2 Thieves","floor":19.0,"turns":2.0},{"damage":8.0,"enemies":"Cultist and Chosen","floor":21.0,"turns":4.0},{"damage":0.0,"enemies":"Snecko","floor":22.0,"turns":4.0},{"damage":9.0,"enemies":"Book of Stabbing","floor":24.0,"turns":4.0},{"damage":0.0,"enemies":"Chosen and Byrds","floor":25.0,"turns":4.0},{"damage":2.0,"enemies":"Shelled Parasite and Fungi","floor":27.0,"turns":4.0},{"damage":4.0,"enemies":"Slavers","floor":28.0,"turns":3.0},{"damage":22.0,"enemies":"Snecko","floor":29.0,"turns":4.0},{"damage":0.0,"enemies":"Snake Plant","floor":30.0,"turns":2.0},{"damage":33.0,"enemies":"Gremlin Leader","floor":31.0,"turns":6.0},{"damage":56,"enemies":"Champ","floor":33,"turns":7}],"seed_played":"-1695898143442945736","potions_obtained":[{"floor":2.0,"key":"ColorlessPotion"},{"floor":7.0,"key":"GamblersBrew"},{"floor":16.0,"key":"EssenceOfSteel"},{"floor":17.0,"key":"SneckoOil"},{"floor":19.0,"key":"Poison Potion"},{"floor":21.0,"key":"SteroidPotion"},{"floor":24.0,"key":"Strength Potion"},{"floor":27.0,"key":"Fruit Juice"},{"floor":28.0,"key":"Regen Potion"}],"is_trial":false,"path_per_floor":["M","M","M","?","?","R","E","?","T","?","M","M","R","T","R","B",null,"M","M","$","M","M","R","E","M","T","M","E","M","M","E","R","B"],"character_chosen":"THE_SILENT","items_purchased":["infinitespire:Neurotoxin","Backflip","Noxious Fumes","Tough Bandages","Bag of Preparation","infinitespire:Beetle Shell","Endless Agony","PiercingWail","Footwork","Leg Sweep","Finesse","Vajra","Prayer Wheel","Bandage Up","Accuracy","Bouncing Flask","Flying Knee","Mercury Hourglass"],"campfire_rested":3,"item_purchase_floors":[0,0,0,0,0,0,0,0,0,0,0,0,0,0,0,0,0,20],"current_hp_per_floor":[21,20,24,24,30,51,44,44,44,44,44,44,44,44,65,67,76,76,76,76,72,72,72,63,63,63,70,66,56,60,31,55,0,0],"gold":317,"neow_bonus":"","is_daily":false,"chose_seed":false,"campfire_upgraded":1,"win_rate":0.0,"timestamp":1613388347,"path_taken":["M","M","M","?","?","R","E","?","T","?","M","M","R","?","R","BOSS","M","M","$","M","M","R","E","M","T","M","E","M","M","E","R","BOSS"],"items_purchased_type":["Card","Card","Card","Relic","Relic","Relic","Card","Card","Card","Card","Card","Relic","Relic","Card","Card","Card","Card","Relic"],"build_version":"2020-12-22","purchased_purges":0,"victory":false,"max_hp_per_floor":[66,66,66,66,72,72,72,72,72,72,72,72,72,72,72,72,77,77,77,77,77,77,77,77,77,77,82,82,82,82,82,82,82,82],"card_choices":[{"not_picked":["Crippling Poison","Concentrate"],"picked":"Cloak And Dagger","floor":1.0},{"not_picked":["Predator","Underhanded Strike"],"picked":"Escape Plan","floor":1.0},{"not_picked":["Footwork","PiercingWail"],"picked":"Cloak And Dagger","floor":2.0},{"not_picked":["Setup","Tactician"],"picked":"Backstab","floor":2.0},{"not_picked":["Prepared","Deadly Poison"],"picked":"Cloak And Dagger","floor":3.0},{"not_picked":["Poisoned Stab","Dagger Throw"],"picked":"Quick Slash","floor":3.0},{"not_picked":["Underhanded Strike","Deadly Poison"],"picked":"Masterful Stab","floor":7.0},{"not_picked":["Noxious Fumes","Sucker Punch"],"picked":"Deflect","floor":11.0},{"not_picked":["Acrobatics","Calculated Gamble"],"picked":"Blade Dance","floor":11.0},{"not_picked":["Tactician","Poisoned Stab"],"picked":"hubris:TrickCloak","floor":12.0},{"not_picked":["Setup","Outmaneuver"],"picked":"Storm of Steel","floor":12.0},{"not_picked":["Storm of Steel","Wraith Form v2"],"picked":"Die Die Die+1","floor":16.0},{"not_picked":["hubris:TrickCloak","Setup"],"picked":"Outmaneuver","floor":17.0},{"not_picked":["Prepared","Underhanded Strike+1"],"picked":"Deadly Poison","floor":18.0},{"not_picked":["Riddle With Holes+1","Cloak And Dagger"],"picked":"Envenom","floor":18.0},{"not_picked":["Backflip","Sucker Punch+1"],"picked":"Infinite Blades+1","floor":19.0},{"not_picked":["Terror","Choke+1"],"picked":"Cloak And Dagger","floor":19.0},{"not_picked":["Deadly Poison","Infinite Blades"],"picked":"Backstab+1","floor":21.0},{"not_picked":["Dodge and Roll","Bane+1"],"picked":"Predator+1","floor":21.0},{"not_picked":["Phantasmal Killer","Dagger Spray+1"],"picked":"Blur","floor":22.0},{"not_picked":["Prepared","Outmaneuver+1"],"picked":"Blur","floor":22.0},{"not_picked":["Poisoned Stab+1","Underhanded Strike+1"],"picked":"Blade Dance","floor":24.0},{"not_picked":["Deadly Poison","Bane+1"],"picked":"Corpse Explosion","floor":25.0},{"not_picked":["Well Laid Plans","Poisoned Stab+1"],"picked":"Dagger Throw+1","floor":25.0},{"not_picked":["Escape Plan","hubris:SlightOfHand+1"],"picked":"PiercingWail","floor":27.0},{"not_picked":["Underhanded Strike+1","Poisoned Stab+1"],"picked":"Glass Knife+1","floor":27.0},{"not_picked":["Envenom","hubris:Sniper"],"picked":"Riddle With Holes+1","floor":28.0},{"not_picked":["Predator+1","hubris:Counter+1"],"picked":"Outmaneuver","floor":29.0},{"not_picked":["Predator+1","Expertise"],"picked":"Dagger Throw+1","floor":29.0},{"not_picked":["Cloak And Dagger","Skewer+1"],"picked":"Slice+1","floor":30.0},{"not_picked":["Cloak And Dagger","Acrobatics"],"picked":"Dagger Spray+1","floor":30.0},{"not_picked":["Distraction","Dash+1"],"picked":"Backstab+1","floor":31.0}],"player_experience":673334,"relics_obtained":[{"floor":7.0,"key":"hubris:GlazedTorus"},{"floor":14.0,"key":"Molten Egg 2"},{"floor":24.0,"key":"Mummified Hand"},{"floor":26.0,"key":"HornCleat"},{"floor":28.0,"key":"Tiny Chest"},{"floor":31.0,"key":"Torii"}],"event_choices":[{"damage_healed":24.0,"max_hp_gain":0.0,"max_hp_loss":66.0,"gold_gain":0.0,"event_name":"betterThird:BetterShining","player_choice":"Embrace Burn","floor":4.0,"gold_loss":0.0,"damage_taken":0.0},{"damage_healed":0.0,"max_hp_gain":0.0,"max_hp_loss":0.0,"gold_gain":0.0,"event_name":"betterThird:BetterSerpent","player_choice":"RENOUNCE","floor":5.0,"gold_loss":134.0,"damage_taken":134.0,"cards_obtained":["Enlightenment"]},{"damage_healed":0.0,"max_hp_gain":0.0,"max_hp_loss":0.0,"gold_gain":63.0,"event_name":"Golden Wing","player_choice":"Gained Gold","floor":10.0,"gold_loss":0.0,"damage_taken":0.0}],"is_beta":false,"boss_relics":[{"not_picked":["Coffee Dripper","Philosopher\u0027s Stone"],"picked":"Tiny House"}],"items_purged_floors":[],"is_endless":false,"potions_floor_spawned":[2,7,16,19,21,24,27,28],"killed_by":"Champ","ascension_level":20}}