{"host":"r0h3ysx70cq9cujv","time":1613361386,"event":{"mods":["Act Like it!","Aspiration","BaseMod","Minty Spire (QoL Compilation)","Pale of the Ancients","Red Circlet Mod","Reliquary","Replay The Spire","RumiaBox-露米娅的神秘盒子","StSLib","【功能Mod】混沌之环修复补丁"],"gold_per_floor":[114,114,114,114,128,160,10,41,41,53,78,94,107,107,107,203,203,221,244,344,359,374,402,501,533,580,580,580,107,120,140,140,236,236,254,154,172,222,222,250,275,287,380,409,361,3,20,34,34,34,50,67,67,67],"floor_reached":53,"language":"ZHS","playtime":1984,"items_purged":["ReplayTheSpireMod:Necrosis","Injury","Strike_R"],"score":1131,"play_id":"32ca8f8e-cb6c-4398-946a-1f6386296619","local_time":"20210215115626","is_ascension_mode":false,"campfire_choices":[{"data":"Armaments","floor":15.0,"key":"SMITH"},{"data":"Searing Blow+1","floor":28.0,"key":"SMITH"},{"data":"Searing Blow+2","floor":32.0,"key":"SMITH"},{"data":"Searing Blow+3","floor":42.0,"key":"SMITH"},{"data":"ReplayReversal","floor":49.0,"key":"SMITH"}],"circlet_count":0,"master_deck":["Strike_R","Strike_R","Strike_R","Defend_R","Bash","Armaments+1","Cleave+1","Searing Blow+4","Cloak And Dagger","Survivor","Flex","ReplayTheSpireMod:Stacked","Run Through+1","Shrug It Off+1","Thunderclap+1","Pommel Strike+1","Cleave+1","Hemogenesis+1","Armaments+1","Run Through+1","ReplayReversal+1","True Grit","Blood for Blood+1","Armaments+1","Shrug It Off+1","Clash+1"],"relics":["Burning Blood","NeowsBlessing","Molten Egg 2","Ring of Searing","Ornamental Fan","reliquary:RoseTintedGlasses","Anchor","aspiration:SeaSaltIceCream","aspiration:Nostalgia","PureWater","Dream Catcher","Replay:Grab Bag","Philosopher\u0027s Stone","Coffee Dripper","Honey Jar","reliquary:Crutches","Ccalipers","Mercury Hourglass","Bag of Preparation","reliquary:Knoch","Pear","SacredBark","Charon\u0027s Ashes","MawBank","MagicDraw1","Shuriken","paleoftheancients:Timepiece","paleoftheancients:SoulOfTheShapes"],"acts_visited":["Exordium","TheCity","TheBeyond","paleoftheancients:PaleOfTheAncients"],"potions_floor_usage":[53],"damage_taken":[{"damage":0.0,"enemies":"2 Louse","floor":1.0,"turns":1.0},{"damage":0.0,"enemies":"Jaw Worm","floor":5.0,"turns":1.0},{"damage":0.0,"enemies":"Lagavulin","floor":6.0,"turns":1.0},{"damage":23.0,"enemies":"Gremlin Nob","floor":8.0,"turns":4.0},{"damage":5.0,"enemies":"Small Slimes","floor":10.0,"turns":2.0},{"damage":27.0,"enemies":"3 Sentries","floor":11.0,"turns":5.0},{"damage":0.0,"enemies":"Red Slaver","floor":12.0,"turns":2.0},{"damage":0.0,"enemies":"Large Slime","floor":13.0,"turns":4.0},{"damage":44.0,"enemies":"The Guardian","floor":16.0,"turns":9.0},{"damage":10.0,"enemies":"Shell Parasite","floor":18.0,"turns":3.0},{"damage":5.0,"enemies":"Chosen","floor":21.0,"turns":2.0},{"damage":16.0,"enemies":"Sentry and Sphere","floor":22.0,"turns":4.0},{"damage":24.0,"enemies":"Slavers","floor":23.0,"turns":4.0},{"damage":0.0,"enemies":"Replay:Snechameleon","floor":25.0,"turns":4.0},{"damage":5.0,"enemies":"Shelled Parasite and Fungi","floor":30.0,"turns":2.0},{"damage":10.0,"enemies":"3 Cultists","floor":31.0,"turns":3.0},{"damage":23.0,"enemies":"Pondfish","floor":33.0,"turns":6.0},{"damage":5.0,"enemies":"3 Shapes","floor":35.0,"turns":2.0},{"damage":12.0,"enemies":"3 Darklings","floor":37.0,"turns":3.0},{"damage":28.0,"enemies":"Mind Bloom Boss Battle","floor":38.0,"turns":6.0},{"damage":36.0,"enemies":"Nemesis","floor":40.0,"turns":5.0},{"damage":16.0,"enemies":"Spire Growth","floor":41.0,"turns":4.0},{"damage":5.0,"enemies":"Sphere and 2 Shapes","floor":44.0,"turns":3.0},{"damage":25.0,"enemies":"Writhing Mass","floor":47.0,"turns":3.0},{"damage":0.0,"enemies":"3 Darklings","floor":48.0,"turns":1.0},{"damage":37.0,"enemies":"Awakened One","floor":50.0,"turns":10.0},{"damage":86.0,"enemies":"Awakened One","floor":51.0,"turns":7.0},{"damage":52.0,"enemies":"Awakened One","floor":52.0,"turns":9.0},{"damage":0,"enemies":"paleoftheancients:Thorton2","floor":53,"turns":2}],"seed_played":"8971253337320331417","potions_obtained":[{"floor":6.0,"key":"SkillPotion"},{"floor":10.0,"key":"DistilledChaos"},{"floor":11.0,"key":"LiquidMemories"},{"floor":23.0,"key":"Weak Potion"},{"floor":25.0,"key":"SpeedPotion"},{"floor":31.0,"key":"EssenceOfSteel"},{"floor":33.0,"key":"Dexterity Potion"},{"floor":37.0,"key":"Languid Potion"},{"floor":40.0,"key":"SteroidPotion"},{"floor":41.0,"key":"FearPotion"},{"floor":48.0,"key":"LiquidMemories"},{"floor":52.0,"key":"ColorlessPotion"}],"is_trial":false,"path_per_floor":["M","?","?","?","M","E","$","E","T","M","E","M","M","?","R","B",null,"M","T","?","M","M","E","?","E","T","?","R","$","M","M","R","B",null,"M","$","M","?","?","E","M","R","T","M","?","$","M","M","R","B","M","M","M"],"character_chosen":"IRONCLAD","items_purchased":["reliquary:RoseTintedGlasses","reliquary:Knoch","Pear","Shuriken"],"campfire_rested":0,"item_purchase_floors":[7,29,29,46],"current_hp_per_floor":[80,80,80,80,80,80,80,63,63,64,43,49,55,55,55,17,80,76,76,76,77,67,49,49,55,55,80,80,90,90,86,86,69,90,90,90,90,85,85,81,71,71,71,89,89,89,70,76,76,90,60,65,65,65],"gold":67,"neow_bonus":"THREE_ENEMY_KILL","is_daily":false,"chose_seed":false,"campfire_upgraded":5,"win_rate":0.0,"timestamp":1613361386,"path_taken":["M","?","?","?","M","E","?","E","T","M","E","M","M","?","R","BOSS","M","?","?","M","?","E","?","E","T","?","R","$","M","M","R","BOSS","M","$","M","?","?","E","M","R","T","M","?","$","M","?","R","BOSS","M","M","?"],"items_purchased_type":["Relic","Relic","Relic","Relic"],"build_version":"2020-12-22","purchased_purges":3,"victory":false,"max_hp_per_floor":[80,80,80,80,80,80,80,80,80,80,80,80,80,80,80,80,80,80,80,80,80,80,80,80,80,80,80,80,90,90,90,90,90,90,90,90,90,90,90,90,90,90,90,90,90,90,90,90,90,90,90,90,90,90],"card_choices":[{"not_picked":["Clothesline","Combust"],"picked":"Armaments","floor":1.0},{"not_picked":["Massacre+1","ReplayTheSpireMod:Stacked"],"picked":"Cleave+1","floor":5.0},{"not_picked":["Replay:Undeath\u0027s Touch+1","Body Slam+1"],"picked":"Searing Blow+1","floor":6.0},{"not_picked":["Dual Wield","Warcry","ReplayTheSpireMod:Muscle Training"],"picked":"SKIP","floor":8.0},{"not_picked":["Armaments","Perfected Strike+1","Metallicize"],"picked":"SKIP","floor":10.0},{"not_picked":["Inflame","Reaper+1","Bloodletting"],"picked":"SKIP","floor":11.0},{"not_picked":["Intimidate","Whirlwind+1","Massacre+1"],"picked":"SKIP","floor":12.0},{"not_picked":["Uppercut+1","Infernal Blade","Entrench"],"picked":"SKIP","floor":13.0},{"not_picked":["Abandon","Replay:Undeath\u0027s Touch+1","Anger+1"],"picked":"Flex","floor":18.0},{"not_picked":["Pommel Strike+1","Infernal Blade","Replay:Undeath\u0027s Touch+1"],"picked":"ReplayTheSpireMod:Stacked","floor":21.0},{"not_picked":["Body Slam+1","ReplayTheSpireMod:Strike From Hell+1","ReplayTheSpireMod:Limb From Limb+1"],"picked":"Run Through+1","floor":22.0},{"not_picked":["Entrench","ReplayTheSpireMod:LeadingStrike+1","Fire Breathing"],"picked":"Shrug It Off+1","floor":23.0},{"not_picked":["Brutality","Disarm+1","Combust"],"picked":"Thunderclap+1","floor":25.0},{"not_picked":["ReplayTheSpireMod:Strike From Hell+1","Body Slam+1","Cleave+1"],"picked":"Pommel Strike+1","floor":30.0},{"not_picked":["Iron Wave+1","Warcry","Bloodletting"],"picked":"Cleave+1","floor":31.0},{"not_picked":["Offering","Double Tap","Demonic Infusion"],"picked":"Hemogenesis+1","floor":33.0},{"not_picked":["Sword Boomerang+1","Battle Trance+1","Clash+1"],"picked":"Armaments+1","floor":35.0},{"not_picked":["Demonic Infusion","Headbutt+1","Cleave+1"],"picked":"Run Through+1","floor":37.0},{"not_picked":["ReplayTheSpireMod:Limb From Limb+1","Perfected Strike+1","Pommel Strike+1"],"picked":"ReplayReversal","floor":38.0},{"not_picked":["Run Through+1","Thunderclap+1","Sever Soul+1"],"picked":"True Grit","floor":40.0},{"not_picked":["Anger+1","Body Slam+1","Flame Barrier+1"],"picked":"Blood for Blood+1","floor":41.0},{"not_picked":["Warcry","Replay:Undeath\u0027s Touch+1","True Grit+1"],"picked":"Armaments+1","floor":44.0},{"not_picked":["Headbutt+1","Ghostly Armor","True Grit"],"picked":"Shrug It Off+1","floor":47.0},{"not_picked":["Blood for Blood+1","Run Through+1","Body Slam+1"],"picked":"Clash+1","floor":48.0},{"not_picked":["Anger+1","Shrug It Off","Clash+1","Perfected Strike+1"],"picked":"SKIP","floor":51.0},{"not_picked":["Twin Strike+1","ReplayTheSpireMod:Strike From Hell+1","Flame Barrier","Brutality"],"picked":"SKIP","floor":52.0}],"player_experience":1532,"relics_obtained":[{"floor":4.0,"key":"Ring of Searing"},{"floor":6.0,"key":"Ornamental Fan"},{"floor":8.0,"key":"Anchor"},{"floor":9.0,"key":"aspiration:SeaSaltIceCream"},{"floor":11.0,"key":"Dream Catcher"},{"floor":19.0,"key":"reliquary:Crutches"},{"floor":23.0,"key":"Ccalipers"},{"floor":25.0,"key":"Mercury Hourglass"},{"floor":26.0,"key":"Bag of Preparation"},{"floor":38.0,"key":"Charon\u0027s Ashes"},{"floor":40.0,"key":"MawBank"},{"floor":43.0,"key":"MagicDraw1"},{"floor":51.0,"key":"paleoftheancients:SoulOfTheShapes"},{"floor":52.0,"key":"paleoftheancients:SoulOfTheCollector"}],"event_choices":[{"damage_healed":0.0,"max_hp_gain":0.0,"max_hp_loss":0.0,"gold_gain":0.0,"event_name":"Golden Idol","player_choice":"Ignored","floor":2.0,"gold_loss":0.0,"damage_taken":0.0},{"damage_healed":0.0,"max_hp_gain":0.0,"max_hp_loss":0.0,"gold_gain":100.0,"event_name":"Golden Shrine","player_choice":"Pray","floor":20.0,"gold_loss":0.0,"damage_taken":0.0},{"damage_healed":0.0,"max_hp_gain":0.0,"max_hp_loss":0.0,"gold_gain":99.0,"event_name":"Nest","player_choice":"Stole From Cult","floor":24.0,"gold_loss":0.0,"damage_taken":0.0},{"damage_healed":26.0,"max_hp_gain":0.0,"max_hp_loss":0.0,"gold_gain":0.0,"event_name":"The Library","player_choice":"Heal","floor":27.0,"gold_loss":0.0,"damage_taken":0.0},{"damage_healed":0.0,"max_hp_gain":0.0,"max_hp_loss":0.0,"gold_gain":0.0,"event_name":"MindBloom","player_choice":"Fight","floor":38.0,"gold_loss":0.0,"damage_taken":0.0},{"damage_healed":0.0,"max_hp_gain":0.0,"max_hp_loss":0.0,"gold_gain":0.0,"event_name":"SensoryStone","player_choice":"Memory 1","floor":39.0,"gold_loss":0.0,"damage_taken":0.0},{"cards_removed":["Strike_R"],"damage_healed":0.0,"max_hp_gain":0.0,"max_hp_loss":0.0,"gold_gain":0.0,"event_name":"Designer","player_choice":"Single Remove","floor":45.0,"gold_loss":60.0,"damage_taken":0.0}],"is_beta":false,"boss_relics":[{"not_picked":["reliquary:WritOfMandamus","Ring of Chaos"],"picked":"Replay:Grab Bag"},{"not_picked":["ChewingGum","Fusion Hammer"],"picked":"Philosopher\u0027s Stone"},{"not_picked":["Ooze Armor","Runic Dome"],"picked":"Coffee Dripper"},{"not_picked":["Runic Cube","Astrolabe"],"picked":"Honey Jar"},{"not_picked":["reliquary:Craggleroot","aspiration:FutureDiary"],"picked":"SacredBark"}],"items_purged_floors":[29,36,46],"is_endless":false,"potions_floor_spawned":[6,10,11,12,23,25,31,33,37,40,41,48,52],"killed_by":"paleoftheancients:Thorton2","ascension_level":0}}