{"host":"gk9qdtkqd8dwfeg2","time":1613392807,"event":{"mods":["Act Like it!","Aspiration","BaseMod","Colored Powertips","Gensokyo","Minty Spire (QoL Compilation)","Quick Restart","Replay The Spire","Shop Mod","StSLib","TestMod","The Servant 0.9.4","Waifu the Spire","WarShipGirlsR/战舰少女R mod"],"gold_per_floor":[16,16,26,41,51,85,85,119,146,164,164,190,218,237,237,316,316,332,346,357,143,191,191,223,248,248,32,48,82,87,303,303,377,377,414,454,454,34,76,76,132,132,132,112,171,171,216,273,273,303,333,333,403,33,63,63],"floor_reached":57,"language":"ZHS","playtime":2238,"items_purged":["Consecrate+1"],"score":3390,"play_id":"e0e84df9-75ef-49c9-a32b-d7eec2b4cb7a","local_time":"20210215204007","is_ascension_mode":true,"campfire_choices":[{"data":"LessonLearned","floor":7.0,"key":"SMITH"},{"data":"Eruption","floor":11.0,"key":"SMITH"},{"data":"Pot Of Greed","floor":15.0,"key":"SMITH"},{"floor":23.0,"key":"RECALL"},{"data":"ReplayUltimateDefense","floor":32.0,"key":"SMITH"},{"data":"DeusExMachina","floor":40.0,"key":"SMITH"},{"floor":49.0,"key":"DIG"}],"circlet_count":0,"master_deck":["AscendersBane","Defend_P+1","Eruption+1","Vigilance+1","Prepared+1","Acrobatics+1","Collect+1","LessonLearned+1","Pot Of Greed+1","Pot Of Greed+1","Halt+1","DevaForm+1","FearNoEvil+1","DeusExMachina+1","ReplayUltimateDefense+1","Master of Strategy+1","Wallop+1","Wish+1","Injury","CommonCold","Hallucinations"],"relics":["PureWater","testmod-TestBox","testmod-GiftOfSatan","testmod-ObsoleteBoomerang","StoneCalendar","Happy Flower","MerchantsRug","Simple Rune","Blood Vial","Anchor","ReplayTheSpireMod:ShopPack","Toolbox","testmod-BatchProcessingSystem","HandDrill","TheAbacus","ReplayTheSpireMod:Lightbulb","Orichalcum","Unceasing Top","Replay:Multitool","ReplayTheSpireMod:TigerMarble","Lee\u0027s Waffle","testmod-Laevatain","Bag of Preparation"],"acts_visited":["Exordium","Gensokyo:Gensokyo","Gensokyo:Gensokyoer","TheEnding"],"potions_floor_usage":[56,56],"damage_taken":[{"damage":3.0,"enemies":"Gensokyo:2_Kodama","floor":1.0,"turns":2.0},{"damage":0.0,"enemies":"Gensokyo:Gryphon","floor":3.0,"turns":1.0},{"damage":3.0,"enemies":"Gensokyo:Python","floor":4.0,"turns":3.0},{"damage":0.0,"enemies":"Gensokyo:LivingMonolith","floor":5.0,"turns":1.0},{"damage":0.0,"enemies":"Gensokyo:Cirno","floor":6.0,"turns":4.0},{"damage":0.0,"enemies":"Gensokyo:Aya","floor":8.0,"turns":3.0},{"damage":0.0,"enemies":"Gensokyo:3_Kodama","floor":10.0,"turns":1.0},{"damage":0.0,"enemies":"Gensokyo:Cirno","floor":13.0,"turns":4.0},{"damage":0.0,"enemies":"Gensokyo:Python_and_Kodama","floor":14.0,"turns":2.0},{"damage":0.0,"enemies":"Gensokyo:Reimu","floor":16.0,"turns":4.0},{"damage":4.0,"enemies":"Gensokyo:CosmicMonolith","floor":18.0,"turns":2.0},{"damage":4.0,"enemies":"Gensokyo:Chomper","floor":19.0,"turns":3.0},{"damage":0.0,"enemies":"Gensokyo:3_Gloops","floor":20.0,"turns":2.0},{"damage":24.0,"enemies":"Gensokyo:Koishi","floor":24.0,"turns":4.0},{"damage":0.0,"enemies":"Gensokyo:Chomper_and_Gloop","floor":28.0,"turns":2.0},{"damage":19.0,"enemies":"Gensokyo:Reisen","floor":29.0,"turns":4.0},{"damage":0.0,"enemies":"Gensokyo:Swordslinger","floor":31.0,"turns":2.0},{"damage":0.0,"enemies":"Gensokyo:Eternal_Rivals","floor":33.0,"turns":4.0},{"damage":0.0,"enemies":"Gensokyo:AncientGuardian","floor":35.0,"turns":1.0},{"damage":0.0,"enemies":"Gensokyo:3_Boulders","floor":36.0,"turns":4.0},{"damage":0.0,"enemies":"Gensokyo:SeedOfUnknown","floor":39.0,"turns":1.0},{"damage":0.0,"enemies":"Gensokyo:Marisa","floor":41.0,"turns":2.0},{"damage":0.0,"enemies":"Gensokyo:Doremy","floor":45.0,"turns":4.0},{"damage":0.0,"enemies":"Gensokyo:AtlasGolem","floor":47.0,"turns":2.0},{"damage":0.0,"enemies":"Gensokyo:Marisa","floor":48.0,"turns":2.0},{"damage":0.0,"enemies":"Gensokyo:Yuyuko","floor":50.0,"turns":2.0},{"damage":0.0,"enemies":"Gensokyo:Scarlet_Devils","floor":51.0,"turns":4.0},{"damage":48.0,"enemies":"Shield and Spear","floor":55.0,"turns":3.0},{"damage":26,"enemies":"The Heart","floor":56,"turns":6}],"seed_played":"-5375501127142813406","potions_obtained":[{"floor":4.0,"key":"Flashbang"},{"floor":6.0,"key":"AttackPotion"},{"floor":8.0,"key":"Strength Potion"},{"floor":18.0,"key":"PowerPotion"}],"is_trial":false,"path_per_floor":["M","?","M","M","M","E","R","E","T","M","R","T","E","M","R","B",null,"M","M","M","$","T","R","E","T","T","COS","M","E","$","M","R","B",null,"M","M","?","COS","M","R","E","?","T","?","E","?","M","E","R","B","B",null,"R","$","E","B",null],"character_chosen":"WATCHER","items_purchased":["MerchantsRug","FearNoEvil+1","Toolbox","Elixir","Lee\u0027s Waffle","testmod-Laevatain"],"campfire_rested":0,"item_purchase_floors":[21,21,30,54,54,54],"current_hp_per_floor":[58,58,68,70,73,73,73,73,73,73,73,73,73,73,73,73,73,73,69,69,69,69,69,62,62,62,62,64,60,60,62,62,64,71,73,73,73,73,73,73,73,73,80,80,80,80,80,80,80,80,80,80,80,87,39,72],"gold":63,"neow_bonus":"ONE_RARE_RELIC","is_daily":false,"chose_seed":false,"campfire_upgraded":5,"win_rate":0.0,"timestamp":1613392807,"path_taken":["M","?","?","M","M","E","R","E","T","M","R","?","E","M","R","BOSS","M","?","M","$","?","R","E","?","T","COS","M","E","$","M","R","BOSS","M","M","?","COS","M","R","E","?","T","?","E","?","?","E","R","BOSS","BOSS","R","$","E","BOSS"],"items_purchased_type":["Relic","Card","Relic","Potion","Relic","Relic"],"build_version":"2020-12-22","purchased_purges":1,"victory":true,"max_hp_per_floor":[68,68,68,73,73,73,73,73,73,73,73,73,73,73,73,73,73,73,73,73,73,73,73,73,73,73,73,73,73,73,73,73,73,73,73,73,73,73,73,73,73,73,80,80,80,80,80,80,80,80,80,80,80,87,87,87],"card_choices":[{"not_picked":["Wireheading","CrushJoints"],"picked":"Consecrate","floor":1.0},{"not_picked":["CutThroughFate","Halt"],"picked":"Collect","floor":3.0},{"not_picked":["CutThroughFate","ThirdEye","WindmillStrike"],"picked":"SKIP","floor":4.0},{"not_picked":["Blasphemy","Protect","MentalFortress"],"picked":"SKIP","floor":5.0},{"not_picked":["Wireheading","FlyingSleeves"],"picked":"LessonLearned","floor":6.0},{"not_picked":["MentalFortress","Replay:Battleflow","Collect"],"picked":"SKIP","floor":8.0},{"not_picked":["Swivel","SandsOfTime","Replay:AtTheReady"],"picked":"SKIP","floor":10.0},{"not_picked":["ReachHeaven","FlyingSleeves"],"picked":"Halt","floor":13.0},{"not_picked":["Halt","FlyingSleeves","Conclude"],"picked":"SKIP","floor":14.0},{"not_picked":["SpiritShield","Alpha"],"picked":"DevaForm","floor":16.0},{"not_picked":["CrushJoints","Replay:ManipulateFuture","FollowUp"],"picked":"SKIP","floor":18.0},{"not_picked":["Evaluate","ThirdEye","SignatureMove+1"],"picked":"SKIP","floor":19.0},{"not_picked":["Replay:AtTheReady","FlyingSleeves","ForeignInfluence"],"picked":"SKIP","floor":20.0},{"not_picked":["Worship","Replay:Cycle"],"picked":"DeusExMachina","floor":24.0},{"not_picked":["Mayhem","Thinking Ahead"],"picked":"ReplayUltimateDefense","floor":27.0},{"not_picked":["testmod-LifeRuler","ReplayTheSpireMod:Uncanny Aura"],"picked":"Master of Strategy","floor":27.0},{"not_picked":["EmptyFist","SignatureMove","LessonLearned"],"picked":"SKIP","floor":28.0},{"not_picked":["Study","Worship"],"picked":"Wallop","floor":29.0},{"not_picked":["FlurryOfBlows","Replay:ManipulateFuture","Wallop"],"picked":"SKIP","floor":31.0},{"not_picked":["SpiritShield","ConjureBlade"],"picked":"Wish","floor":33.0},{"not_picked":["Collect","WheelKick+1","FearNoEvil"],"picked":"SKIP","floor":35.0},{"not_picked":["ClearTheMind","ForeignInfluence","FlyingSleeves"],"picked":"SKIP","floor":36.0},{"not_picked":["Nirvana+1","Replay:AtTheReady","SashWhip"],"picked":"SKIP","floor":39.0},{"not_picked":["Alpha","FollowUp","Crescendo"],"picked":"SKIP","floor":41.0},{"not_picked":["EmptyMind","CarveReality","BattleHymn"],"picked":"SKIP","floor":45.0},{"not_picked":["SandsOfTime","Evaluate","PathToVictory"],"picked":"SKIP","floor":47.0},{"not_picked":["SignatureMove","FollowUp","Wireheading"],"picked":"SKIP","floor":48.0},{"not_picked":["ClearTheMind","Replay:BluntJabs","Wireheading"],"picked":"SKIP","floor":55.0}],"player_experience":736946,"relics_obtained":[{"floor":6.0,"key":"StoneCalendar"},{"floor":8.0,"key":"Happy Flower"},{"floor":9.0,"key":"Omamori"},{"floor":12.0,"key":"Smiling Mask"},{"floor":13.0,"key":"Grinning Jar"},{"floor":24.0,"key":"Simple Rune"},{"floor":25.0,"key":"Blood Vial"},{"floor":26.0,"key":"Anchor"},{"floor":29.0,"key":"Whetstone"},{"floor":41.0,"key":"Regal Pillow"},{"floor":43.0,"key":"Strawberry"},{"floor":45.0,"key":"Orichalcum"},{"floor":48.0,"key":"Replay:Multitool"},{"floor":49.0,"key":"ReplayTheSpireMod:TigerMarble"},{"floor":55.0,"key":"Bag of Preparation"}],"event_choices":[{"damage_healed":0.0,"max_hp_gain":0.0,"max_hp_loss":0.0,"gold_gain":0.0,"event_name":"给自己的盒子","player_choice":"Swap Relic","floor":37.0,"relics_lost":["Smiling Mask"],"gold_loss":0.0,"damage_taken":0.0,"relics_obtained":["Bottled Flame"]}],"is_beta":false,"boss_relics":[{"not_picked":["Philosopher\u0027s Stone","aspiration:PoetsPen"],"picked":"Kintsugi"},{"not_picked":["testmod-Fanaticism","testmod-DeterminationOfClimber"],"picked":"testmod-BatchProcessingSystem"}],"items_purged_floors":[30],"is_endless":false,"potions_floor_spawned":[4,6,8,13,18,28,31,33,35,36,48,55],"ascension_level":20}}