{"host":"m8d0q1obfsrpi6km","time":1613419400,"event":{"mods":["2.2 Compatiblity","AchievementEnabler","Act Like it!","BaseMod","Better Altar","Better Match","Better Note","Better Sensory Stone","Better Third Choice","BetterRewards","DeckTracker","Fox Events","Gensokyo","Hallownest","Hubris","Infinite Spire","Lobotomy","LobotomyExtend","Magitek Elite","Minty Spire (QoL Compilation)","Permanent Neow","Quick Restart","Reliquary","Replay The Spire","Reworked Bosses","Shop Mod","StSLib","SuperFastMode","Synergy Search","The Alterego","Waifu the Spire","??????REMEMod"],"gold_per_floor":[120,120,120,134,59,92,92,126,198,226,226,226,243,276,276,412,412,469,469,565,650,748,839,917,1016,1016,1086,966,1129,549,580,580,650,650],"floor_reached":33,"language":"ENG","playtime":2875,"items_purged":[],"score":480,"play_id":"4ecfc7ed-786a-40ce-8960-ddf32996864c","local_time":"20210215210320","is_ascension_mode":true,"campfire_choices":[],"circlet_count":0,"master_deck":["SpecialBullet","SpecialBullet","SpecialBullet","SpecialBullet","SpecialBullet","SpecialBullet","SpecialBullet","InformationCode","SecurityCode","ExtractionCode","Immolate","Dramatic Entrance","OSAHOGD","FourthMatchFlame","FourthMatchFlame+1","QueenOfHatred","Lamp+7","SnowQueen","CherryBlossoms","TheSmile+1","DisciplinaryCode","MHz","TrainingCode","Adoration+1","Bloodbath","GreedKing","FourthMatchFlame","Pain","Ecstasy","MeltingLove","Variant","BigBird","Lantern","CrumblingArmor","hubris:Despair","FieryBird","Laetitia","Gensokyo:Doppelganger","Gensokyo:BlemishedSteel","LittlePrince"],"relics":["CogitoBucket","REME_ComplimentaryCards","LetterFromLob","hubris:Towel","Pet Ghost","Anchor","hubris:MysteriousPyramids","hubris:BottledRain","Bag of Preparation","BackwardClock","Replay:Bandana","Cursed Key","reliquary:SilkGlove","AdjustmentMirror","Replay:Bottled Flurry","Blood Vial","ReplayTheSpireMod:TigerMarble","reliquary:RoseTintedGlasses","Gensokyo:SpiderMask","BehaviorAdjustment","Chemical X","Guide Book"],"acts_visited":["Gensokyo:Gensokyo","Gensokyo:Gensokyoer"],"potions_floor_usage":[8,13,23,25,27,29,29,33],"damage_taken":[{"damage":0.0,"enemies":"Gensokyo:Python","floor":1.0,"turns":2.0},{"damage":4.0,"enemies":"Gensokyo:2_Kodama","floor":4.0,"turns":2.0},{"damage":4.0,"enemies":"Gensokyo:Cirno","floor":6.0,"turns":4.0},{"damage":40,"enemies":"Gensokyo:Aya","floor":8,"turns":5},{"damage":27,"enemies":"Gensokyo:Mamizou","floor":10,"turns":8},{"damage":31,"enemies":"Gensokyo:Gryphon","floor":13,"turns":7},{"damage":16,"enemies":"Gensokyo:Aya","floor":14,"turns":3},{"damage":20,"enemies":"Gensokyo:Kokoro","floor":16,"turns":9},{"damage":0,"enemies":"Gensokyo:2_Gloops","floor":18,"turns":2},{"damage":4,"enemies":"Gensokyo:3_Dogs","floor":21,"turns":2},{"damage":63,"enemies":"Gensokyo:Chomper_and_Gloop","floor":22,"turns":8},{"damage":19,"enemies":"Gensokyo:Koishi","floor":23,"turns":4},{"damage":0,"enemies":"Gensokyo:3_Gloops","floor":24,"turns":1},{"damage":15,"enemies":"Gensokyo:Reisen","floor":25,"turns":4},{"damage":44,"enemies":"Nightmare","floor":27,"turns":4},{"damage":29,"enemies":"Gensokyo:Slime_Group","floor":29,"turns":6},{"damage":14,"enemies":"Gensokyo:Wraith","floor":31,"turns":2},{"damage":83,"enemies":"Gensokyo:Eternal_Rivals","floor":33,"turns":4}],"seed_played":"7031047111471428021","potions_obtained":[{"floor":4.0,"key":"PowerPotion"},{"floor":6.0,"key":"Fire Potion"},{"floor":13,"key":"Weak Potion"},{"floor":23,"key":"Explosive Potion"},{"floor":24,"key":"Explosive Potion"},{"floor":25,"key":"REME_GoldPotion"},{"floor":27,"key":"FearPotion"},{"floor":29,"key":"Dexterity Potion"}],"is_trial":false,"path_per_floor":["M","?","?","M","?","E","R","E","T","E","T","R","M","E","R","B",null,"M","?","?","M","M","E","M","E","T","NM","?","M","COS","M","R","B"],"character_chosen":"Angela","items_purchased":[],"campfire_rested":0,"item_purchase_floors":[],"current_hp_per_floor":[70,70,70,70,70,70,70,47,47,46,46,46,54,62,62,63,82,86,86,86,90,59,67,85,87,87,69,69,63,63,71,71,0,0],"gold":650,"neow_bonus":"RANDOM_COLORLESS","is_daily":false,"chose_seed":false,"campfire_upgraded":0,"win_rate":0.0,"timestamp":1613419400,"path_taken":["M","?","?","M","?","E","R","E","T","E","?","R","?","E","R","BOSS","M","?","?","?","M","E","M","E","T","NM","?","M","COS","M","R","BOSS"],"items_purchased_type":[],"build_version":"2020-12-22","purchased_purges":0,"victory":false,"max_hp_per_floor":[70,70,70,70,70,70,70,70,70,70,70,70,74,78,78,82,82,86,86,86,90,94,98,102,102,102,106,106,110,110,114,114,114,114],"card_choices":[{"not_picked":["PanicButton","Discovery"],"picked":"Dramatic Entrance","floor":0.0},{"not_picked":["HeroicMonk","QueenBee"],"picked":"OSAHOGD","floor":1.0},{"not_picked":["Noise","GrinderMk4"],"picked":"SKIP","floor":1.0},{"not_picked":["InTheNameOfLoveAndHate"],"picked":"FourthMatchFlame","floor":4.0},{"not_picked":["CherryBlossom+1"],"picked":"FourthMatchFlame+1","floor":5.0},{"not_picked":["BeautyBeast","OldLady"],"picked":"QueenOfHatred","floor":6.0},{"not_picked":["BloodyDesire"],"picked":"Lamp","floor":6.0},{"not_picked":["MHz","VoidDream"],"picked":"SnowQueen","floor":8},{"not_picked":["CherryBlossom","LifeForTheDareDevil"],"picked":"SKIP","floor":8},{"not_picked":["Tough","WristCuter"],"picked":"SKIP","floor":8},{"not_picked":["Harmony","CENSORED_ego"],"picked":"SKIP","floor":10},{"not_picked":["Regret_ego","WristCuter"],"picked":"SKIP","floor":10},{"not_picked":["BeautyBeast","VoidDream"],"picked":"CherryBlossoms","floor":13},{"not_picked":["SomewhereSpear"],"picked":"TheSmile","floor":13},{"not_picked":["CUTE","Noise"],"picked":"SKIP","floor":13},{"not_picked":["BigBadWolf","Freischutz"],"picked":"MHz","floor":14},{"not_picked":["Beak","TodaysExpression"],"picked":"SKIP","floor":14},{"not_picked":["Mimicry"],"picked":"Adoration","floor":16},{"not_picked":["Murderer","Mercenary"],"picked":"Bloodbath","floor":16},{"not_picked":["GalaxyChild","Alriune"],"picked":"GreedKing","floor":18},{"not_picked":["Loneliness"],"picked":"FourthMatchFlame","floor":18},{"not_picked":["BearPaw"],"picked":"Ecstasy","floor":20},{"not_picked":["Funeral","MeatLantern"],"picked":"MeltingLove","floor":21},{"not_picked":["Heaven","TodaysExpression+1"],"picked":"SKIP","floor":21},{"not_picked":["Wellcheers","MeatLantern"],"picked":"Variant","floor":22},{"not_picked":["WristCuter","Beak"],"picked":"SKIP","floor":22},{"not_picked":["Laetitia_ego+1","Heaven"],"picked":"SKIP","floor":22},{"not_picked":["VoidDream","BeautyBeast"],"picked":"BigBird","floor":23},{"not_picked":["CrimsonScar"],"picked":"Lantern","floor":23},{"not_picked":["SingingMachine","HeroicMonk"],"picked":"CrumblingArmor","floor":24},{"not_picked":["BearPaw","Horn"],"picked":"SKIP","floor":24},{"not_picked":["Horn+1","CUTE"],"picked":"SKIP","floor":24},{"not_picked":["Penitence","Noise"],"picked":"SKIP","floor":25},{"not_picked":["RedShoes","LittlePrince"],"picked":"FieryBird","floor":27},{"not_picked":["TodaysExpression","Wingbeat"],"picked":"SKIP","floor":27},{"not_picked":["Murderer","BlackSwan"],"picked":"Laetitia","floor":29},{"not_picked":["Soda","Galaxy"],"picked":"SKIP","floor":29},{"not_picked":["Scorched","Mercenary"],"picked":"LittlePrince","floor":31},{"not_picked":["RapturousDream+1","CherryBlossom"],"picked":"SKIP","floor":31}],"player_experience":305358,"relics_obtained":[{"floor":1.0,"key":"LetterFromLob"},{"floor":6.0,"key":"Pet Ghost"},{"floor":8,"key":"Anchor"},{"floor":9,"key":"hubris:MysteriousPyramids"},{"floor":10,"key":"hubris:BottledRain"},{"floor":11,"key":"Bag of Preparation"},{"floor":14,"key":"Replay:Bandana"},{"floor":20,"key":"reliquary:SilkGlove"},{"floor":23,"key":"Replay:Bottled Flurry"},{"floor":25,"key":"Blood Vial"},{"floor":26,"key":"ReplayTheSpireMod:TigerMarble"},{"floor":27,"key":"reliquary:RoseTintedGlasses"}],"event_choices":[{"damage_healed":0.0,"max_hp_gain":0.0,"max_hp_loss":0.0,"gold_gain":0.0,"event_name":"betterMatch:BetterMatch","player_choice":"2","floor":5.0,"gold_loss":0.0,"damage_taken":0.0,"cards_obtained":["betterMatch:CommonCard"]},{"damage_healed":0,"gold_gain":0,"player_choice":"2","damage_taken":0,"max_hp_gain":0,"max_hp_loss":0,"event_name":"betterMatch:BetterMatch","floor":19,"gold_loss":0,"cards_obtained":[]}],"is_beta":false,"boss_relics":[{"not_picked":["Busted Crown","SacredBark"],"picked":"Cursed Key"}],"items_purged_floors":[],"is_endless":false,"potions_floor_spawned":[4,6,13,23,24,25,27,29],"killed_by":"Gensokyo:Eternal_Rivals","ascension_level":4}}