{"host":"tf5skwcwe0vlu2md","time":1613388946,"event":{"mods":["BaseMod","Downfall","Highlight Path","Minty Spire (QoL Compilation)","Quick Restart","StSLib","The Hierophant"],"gold_per_floor":[110,126,139,159,175,200,200,220,244,244,244],"floor_reached":10,"playtime":349,"items_purged":[],"score":83,"play_id":"bdc7e8a5-ccdc-41fa-a7da-396e72c3e959","local_time":"20210215223546","is_ascension_mode":true,"campfire_choices":[{"data":"Biased Cognition","floor":7,"key":"SMITH"}],"circlet_count":0,"master_deck":["Strike_B","Strike_B","Strike_B","Strike_B","Defend_B","Defend_B","Defend_B","Defend_B","Zap","Dualcast","Auto Shields","Tempest","Consume","Biased Cognition+1","Sweeping Beam"],"relics":["Cracked Core","Incense Burner","Bag of Marbles"],"acts_visited":["Exordium"],"potions_floor_usage":[8],"damage_taken":[{"damage":0,"enemies":"2 Louse","floor":1,"turns":2},{"damage":1,"enemies":"Cultist","floor":2,"turns":3},{"damage":0,"enemies":"Small Slimes","floor":3,"turns":3},{"damage":8,"enemies":"Exordium Thugs","floor":4,"turns":5},{"damage":2,"enemies":"Exordium Wildlife","floor":5,"turns":4},{"damage":39,"enemies":"Lagavulin","floor":6,"turns":6},{"damage":7,"enemies":"3 Louse","floor":8,"turns":2},{"damage":30,"enemies":"3 Sentries","floor":10,"turns":2}],"seed_played":"7048495903220493538","potions_obtained":[{"floor":2,"key":"BlessingOfTheForge"},{"floor":4,"key":"Fire Potion"},{"floor":8,"key":"Weak Potion"}],"is_trial":false,"path_per_floor":["M","M","M","M","M","E","R","M","T","E"],"character_chosen":"DEFECT","items_purchased":[],"campfire_rested":0,"item_purchase_floors":[],"current_hp_per_floor":[82,81,81,73,71,32,32,25,25,0,0],"gold":244,"neow_bonus":"TEN_PERCENT_HP_BONUS","is_daily":false,"chose_seed":false,"campfire_upgraded":1,"win_rate":0.0,"timestamp":1613388946,"path_taken":["M","M","M","M","M","E","R","M","T","E"],"items_purchased_type":[],"build_version":"2020-12-13","purchased_purges":0,"victory":false,"max_hp_per_floor":[82,82,82,82,82,82,82,82,82,82,82],"card_choices":[{"not_picked":["Gash","Hologram","Skim"],"picked":"SKIP","floor":1},{"not_picked":["Barrage","Auto Shields","Turbo"],"picked":"SKIP","floor":2},{"not_picked":["Barrage","Turbo"],"picked":"Auto Shields","floor":2},{"not_picked":["Cold Snap","Hologram"],"picked":"Tempest","floor":3},{"not_picked":["Beam Cell","Steam","Redo"],"picked":"SKIP","floor":4},{"not_picked":["Undo","Rebound"],"picked":"Consume","floor":5},{"not_picked":["Cold Snap","Hologram"],"picked":"Biased Cognition","floor":6},{"not_picked":["Compile Driver","Heatsinks"],"picked":"Sweeping Beam","floor":8}],"player_experience":247409,"relics_obtained":[{"floor":6,"key":"Incense Burner"},{"floor":9,"key":"Bag of Marbles"}],"event_choices":[],"is_beta":false,"boss_relics":[],"items_purged_floors":[],"is_endless":false,"potions_floor_spawned":[2,4,8],"killed_by":"3 Sentries","ascension_level":3}}