{"host":"7j2n82b2zha9fuyn","time":1613354932,"event":{"mods":["BaseMod","Block Reminder","Minty Spire (QoL Compilation)","StSLib"],"gold_per_floor":[116,126,126,139,153,153,180,180,205,205,268,281,307,318,318,396,396,411,411,421,421,421],"floor_reached":21,"language":"ENG","playtime":2354,"items_purged":[],"score":372,"play_id":"eb4d8e58-c6aa-46e4-8355-75b3491bf4d0","local_time":"20210214190852","is_ascension_mode":true,"campfire_choices":[{"data":"Sunder","floor":6,"key":"SMITH"},{"data":"Creative AI","floor":8,"key":"SMITH"},{"data":"Zap","floor":10,"key":"SMITH"},{"floor":15,"key":"REST"}],"circlet_count":0,"master_deck":["AscendersBane","Strike_B","Strike_B","Strike_B","Defend_B","Defend_B","Defend_B","Defend_B","Zap+1","Dualcast","Finesse","BootSequence","Sunder+1","Scrape","Undo","Ball Lightning","Creative AI+1","Cold Snap","Cold Snap","Chill","Core Surge","Self Repair+1","Storm"],"relics":["Cracked Core","Orichalcum","Vajra","Strawberry","Kunai","Nuclear Battery","GremlinMask"],"acts_visited":["Exordium","TheCity"],"potions_floor_usage":[7,11,16],"damage_taken":[{"damage":5,"enemies":"2 Louse","floor":1,"turns":2},{"damage":3,"enemies":"Small Slimes","floor":2,"turns":4},{"damage":1,"enemies":"Cultist","floor":4,"turns":3},{"damage":4,"enemies":"Red Slaver","floor":5,"turns":2},{"damage":10,"enemies":"Lagavulin","floor":7,"turns":7},{"damage":18,"enemies":"Gremlin Nob","floor":11,"turns":4},{"damage":3,"enemies":"Large Slime","floor":12,"turns":4},{"damage":18,"enemies":"3 Sentries","floor":13,"turns":6},{"damage":1,"enemies":"Looter","floor":14,"turns":2},{"damage":4,"enemies":"Hexaghost","floor":16,"turns":10},{"damage":4,"enemies":"Shell Parasite","floor":18,"turns":4},{"damage":12,"enemies":"Spheric Guardian","floor":20,"turns":4},{"damage":54,"enemies":"Chosen and Byrds","floor":21,"turns":6}],"seed_played":"-6389900121571273997","potions_obtained":[{"floor":2,"key":"DuplicationPotion"},{"floor":4,"key":"AttackPotion"},{"floor":7,"key":"FocusPotion"},{"floor":11,"key":"SteroidPotion"},{"floor":20,"key":"Regen Potion"}],"is_trial":false,"path_per_floor":["M","M","?","M","M","R","E","R","T","R","?","M","E","M","R","B",null,"M","?","M","M"],"character_chosen":"DEFECT","items_purchased":[],"campfire_rested":1,"item_purchase_floors":[],"current_hp_per_floor":[59,56,56,55,51,51,41,41,41,41,30,27,9,8,31,27,65,61,61,49,0,0],"gold":421,"neow_bonus":"RANDOM_COLORLESS","is_daily":false,"chose_seed":false,"campfire_upgraded":3,"win_rate":0.0,"timestamp":1613354932,"path_taken":["M","M","?","M","M","R","E","R","T","R","?","M","E","M","R","BOSS","M","?","M","?"],"items_purchased_type":[],"build_version":"2020-12-22","purchased_purges":0,"victory":false,"max_hp_per_floor":[71,71,71,71,71,71,71,71,71,71,78,78,78,78,78,78,78,78,78,78,78,78],"card_choices":[{"not_picked":["Dark Shackles","Enlightenment"],"picked":"Finesse","floor":0},{"not_picked":["Conserve Battery","Hologram"],"picked":"BootSequence","floor":1},{"not_picked":["White Noise","Barrage"],"picked":"Sunder","floor":2},{"not_picked":["White Noise","Stack"],"picked":"Undo","floor":4},{"not_picked":["Storm","Fusion"],"picked":"Ball Lightning","floor":5},{"not_picked":["Leap","Coolheaded"],"picked":"Creative AI","floor":7},{"not_picked":["Scrape","BootSequence"],"picked":"Cold Snap","floor":11},{"not_picked":["Steam","Loop"],"picked":"Cold Snap","floor":12},{"not_picked":["Reinforced Body","Beam Cell"],"picked":"Chill","floor":13},{"not_picked":["BootSequence","Reprogram","Blizzard"],"picked":"SKIP","floor":14},{"not_picked":["Reboot","Machine Learning"],"picked":"Core Surge","floor":16},{"not_picked":["Sweeping Beam","Streamline"],"picked":"Self Repair+1","floor":18},{"not_picked":["Conserve Battery","Stack+1"],"picked":"Storm","floor":20}],"player_experience":2053495,"relics_obtained":[{"floor":7,"key":"Orichalcum"},{"floor":9,"key":"Vajra"},{"floor":11,"key":"Strawberry"},{"floor":13,"key":"Kunai"}],"event_choices":[{"damage_healed":0,"gold_gain":0,"cards_transformed":["Strike_B"],"player_choice":"Change","damage_taken":0,"max_hp_gain":0,"max_hp_loss":0,"event_name":"Living Wall","floor":3,"gold_loss":0,"cards_obtained":["Scrape"]},{"damage_healed":0,"gold_gain":0,"player_choice":"Searched \u00271\u0027 times","damage_taken":0,"max_hp_gain":0,"max_hp_loss":0,"event_name":"Dead Adventurer","floor":11,"gold_loss":0},{"damage_healed":0,"gold_gain":0,"player_choice":"Trade","damage_taken":0,"relics_obtained":["GremlinMask"],"max_hp_gain":0,"max_hp_loss":0,"event_name":"FaceTrader","floor":19,"gold_loss":0}],"is_beta":false,"boss_relics":[{"not_picked":["Calling Bell","Empty Cage"],"picked":"Nuclear Battery"}],"items_purged_floors":[],"is_endless":false,"potions_floor_spawned":[2,4,5,7,11,20],"killed_by":"Chosen and Byrds","ascension_level":19}}