{"host":"m6e09adb7fik7oct","time":1613433196,"event":{"mods":["AchievementEnabler","BaseMod","Better Altar","Better Note","Better Sensory Stone","Better Third Choice","BetterRewards","Block Reminder","Colored Map","Displayed Cursed Tome","Energized Spire","Evolution","Infinite Spire","Ironclad Rager","Key Reminder","Mad Scientist","Minty Spire (QoL Compilation)","Quick Restart","RNG Fix","Relic Stats","Reorder Act Four","Replay The Spire","StSLib","The Construct","The Jungle","The Marked","Trackpad","Transform Curses","Unceasing Turn Reminder","Wandering Minibosses","everything is the same but u backflip on backflip"],"gold_per_floor":[144,189,101,146,215,215,305,350,350,395,446,491,456,546,546,846,846,891,891,891,936,236,281,281,371,371,371,371,416,461,506,506,806,806,851,851,851,701,746,836,836,836,836],"floor_reached":42,"language":"ENG","playtime":7149,"items_purged":[],"score":708,"play_id":"92fb5a40-d482-46e6-b55a-0e000aa38423","local_time":"20210215185316","daily_mods":["Draft","Hoarder","Midas"],"is_ascension_mode":false,"campfire_choices":[{"floor":6.0,"key":"REST"},{"floor":15.0,"key":"REST"},{"floor":24.0,"key":"REST"},{"floor":28.0,"key":"REST"},{"floor":32.0,"key":"REST"},{"floor":41,"key":"REST"}],"circlet_count":6,"master_deck":["theMarked:BanishingStrike","theMarked:BanishingStrike","theMarked:BanishingStrike","theMarked:BanishingWave","theMarked:BanishingWave","theMarked:BanishingWave","theMarked:Improvise","theMarked:Improvise","theMarked:Improvise","theMarked:WardOff","theMarked:WardOff","theMarked:WardOff","theMarked:TheMission","theMarked:TheMission","theMarked:TheMission","theMarked:Heritage","theMarked:Heritage","theMarked:Heritage","theMarked:AttractMetal","theMarked:AttractMetal","theMarked:AttractMetal","theMarked:EmpowerWeapon","theMarked:EmpowerWeapon","theMarked:EmpowerWeapon","theMarked:ChainLightning","theMarked:ChainLightning","theMarked:ChainLightning","theMarked:Panic","theMarked:Panic","theMarked:Panic","theMarked:ComboAttacks","theMarked:ComboAttacks","theMarked:ComboAttacks","theMarked:BanishingWave","theMarked:BanishingWave","theMarked:BanishingWave","theMarked:RepellingDischarge","theMarked:RepellingDischarge","theMarked:RepellingDischarge","theMarked:EmpowerWeapon","theMarked:EmpowerWeapon","theMarked:EmpowerWeapon","theMarked:ChannelForce","theMarked:ChannelForce","theMarked:ChannelForce","theMarked:Aftermath","theMarked:Aftermath","theMarked:Aftermath","theMarked:Maelstrom","theMarked:Maelstrom","theMarked:Maelstrom","Dramatic Entrance","Dramatic Entrance","Dramatic Entrance","theMarked:EternalStudent","theMarked:EternalStudent","theMarked:EternalStudent","theMarked:Friction","theMarked:Friction","theMarked:Friction","theMarked:MysticalArsenal","theMarked:MysticalArsenal","theMarked:MysticalArsenal","theMarked:DispelDoubt","theMarked:DispelDoubt","theMarked:DispelDoubt","theMarked:Generate","theMarked:Generate","theMarked:Generate","theMarked:Abjuration","theMarked:Abjuration","theMarked:Abjuration","theMarked:TwofoldDefense","theMarked:TwofoldDefense","theMarked:TwofoldDefense","theMarked:Reabsorb","theMarked:Reabsorb","theMarked:Reabsorb","theMarked:Levitate","theMarked:Levitate","theMarked:Levitate","theMarked:Frustration+1","theMarked:Frustration+1","theMarked:Frustration+1","theMarked:WardOff","theMarked:WardOff","theMarked:WardOff","theMarked:RepellingDischarge+1","theMarked:RepellingDischarge+1","theMarked:RepellingDischarge+1","theMarked:WastefulAttack+1","theMarked:WastefulAttack+1","theMarked:WastefulAttack+1","theMarked:GodGivenPower+1","theMarked:GodGivenPower+1","theMarked:GodGivenPower+1","theMarked:OneWithTheBlade+1","theMarked:OneWithTheBlade+1","theMarked:OneWithTheBlade+1","infinitespire:FutureSight","infinitespire:FutureSight","infinitespire:FutureSight","theMarked:BanishingWave","theMarked:BanishingWave","theMarked:BanishingWave","Reaper","Reaper","Reaper"],"relics":["Prayer Wheel","construct:FoamFinger","Sling","trackpad:PetRock","Replay:M_SmolderingBlood","HornCleat","energizedSpire:SpiderWeb","Cauldron","Circlet","infinitespire:Chaos","Matryoshka"],"acts_visited":["Exordium","Exordium","TheBeyond"],"potions_floor_usage":[40,40,42],"damage_taken":[{"damage":0.0,"enemies":"Small Slimes","floor":1.0,"turns":1.0},{"damage":0.0,"enemies":"2 Louse","floor":2.0,"turns":2.0},{"damage":11.0,"enemies":"Jaw Worm","floor":4.0,"turns":2.0},{"damage":22.0,"enemies":"Gremlin Nob","floor":7.0,"turns":4.0},{"damage":9.0,"enemies":"Large Slime","floor":8.0,"turns":5.0},{"damage":7.0,"enemies":"Blue Slaver","floor":10.0,"turns":3.0},{"damage":15.0,"enemies":"Lagavulin Event","floor":11.0,"turns":5.0},{"damage":10.0,"enemies":"Exordium Thugs","floor":12.0,"turns":3.0},{"damage":0.0,"enemies":"3 Sentries","floor":14.0,"turns":2.0},{"damage":48.0,"enemies":"Slime Boss","floor":16.0,"turns":10.0},{"damage":19.0,"enemies":"theJungle:GiantWrat","floor":18.0,"turns":7.0},{"damage":14.0,"enemies":"theJungle:5_Spyders","floor":21.0,"turns":4.0},{"damage":0.0,"enemies":"theJungle:2_Snecko_Cultists","floor":23.0,"turns":2.0},{"damage":20.0,"enemies":"theJungle:Cassacara","floor":25.0,"turns":3.0},{"damage":16.0,"enemies":"theJungle:SlimyTreeVines","floor":29.0,"turns":3.0},{"damage":15.0,"enemies":"theJungle:JungleHuntersEncounter","floor":30.0,"turns":3.0},{"damage":48.0,"enemies":"theJungle:Lyon","floor":31.0,"turns":5.0},{"damage":0.0,"enemies":"theJungle:QueenSpyder","floor":33.0,"turns":7.0},{"damage":11.0,"enemies":"Orb Walker","floor":35.0,"turns":4.0},{"damage":35.0,"enemies":"3 Shapes","floor":39.0,"turns":5.0},{"damage":13,"enemies":"Giant Head","floor":40,"turns":6},{"damage":32,"enemies":"Sphere and 2 Shapes","floor":42,"turns":2}],"seed_played":"-463004689936713651","potions_obtained":[{"floor":4.0,"key":"Swift Potion"},{"floor":7.0,"key":"LiquidBronze"},{"floor":8.0,"key":"Doom Potion"},{"floor":16.0,"key":"Weak Potion"},{"floor":27.0,"key":"LifebloodPotion"},{"floor":27.0,"key":"Swift Potion"},{"floor":31.0,"key":"Explosive Potion"},{"floor":38.0,"key":"EntropicBrew"},{"floor":38.0,"key":"BlessingOfTheForge"},{"floor":38.0,"key":"Milkshake"},{"floor":38.0,"key":"Flashbang"},{"floor":38.0,"key":"theMarked:ChargePotion"}],"is_trial":false,"path_per_floor":["M","M","$","M","?","R","E","M","T","M","?","M","?","E","R_BF","B",null,"M","AVR","?","M","$","M","R","E","T","?","R","M","M","M","R","B",null,"M","AVR","?","$","M","E","R","M"],"character_chosen":"THE_DEFAULT","items_purchased":["Dramatic Entrance","StoneCalendar","Quantum Egg","Frozen Eye","infinitespire:Chaos"],"campfire_rested":6,"item_purchase_floors":[3,22,22,22,38],"current_hp_per_floor":[74,74,74,63,63,74,52,43,43,36,21,11,29,36,60,12,81,62,62,62,48,48,48,72,52,52,52,81,65,50,2,41,41,81,70,70,50,50,15,2,26,0,0],"gold":836,"neow_bonus":"","is_daily":true,"chose_seed":false,"campfire_upgraded":0,"win_rate":0.0,"timestamp":1613433196,"path_taken":["M","M","$","M","?","R","E","M","T","M","?","?","?","E","R_BF","BOSS","M","AVR","?","M","$","M","R","E","T","?","R","M","M","M","R","BOSS","M","AVR","?","$","M","E","R","M"],"items_purchased_type":["Card","Relic","Relic","Relic","Relic"],"build_version":"2020-12-22","purchased_purges":0,"victory":false,"max_hp_per_floor":[74,74,74,74,74,74,74,74,74,74,74,74,74,81,81,81,81,81,81,81,81,81,81,81,81,81,81,81,81,81,81,81,81,81,81,81,81,81,81,81,81,81,81],"relic_stats":{"counters":[22,88],"Prayer Wheel":1,"obtain_stats":[{"Regal Pillow":25,"construct:FoamFinger":38,"SacredBark":17,"Vajra":19,"StoneCalendar":22,"trackpad:PetRock":38,"EVO:Axolotl":0,"Sling":38,"theMarked:KettuFlask":26,"Frozen Eye":22,"HornCleat":38,"Matryoshka":40,"Replay:M_SmolderingBlood":38,"Strawberry":14,"Honey Jar":34,"Prayer Wheel":38,"infinitespire:Chaos":38,"Quantum Egg":22,"infinitespire:EmptyRelic":38,"Circlet":0,"energizedSpire:SpiderWeb":38,"theMarked:ArtifactOfAir":0,"SlaversCollar":19,"Cauldron":38,"Orrery":36,"trackpad:BottledTsunami":9,"Mirror":11,"infinitespire:PuzzleCube":7},{"Regal Pillow":14,"construct:FoamFinger":19,"SacredBark":10,"Vajra":11,"StoneCalendar":12,"trackpad:PetRock":19,"EVO:Axolotl":0,"Sling":19,"theMarked:KettuFlask":14,"Frozen Eye":12,"HornCleat":19,"Matryoshka":21,"Replay:M_SmolderingBlood":19,"Strawberry":9,"Honey Jar":18,"Prayer Wheel":19,"infinitespire:Chaos":19,"Quantum Egg":12,"infinitespire:EmptyRelic":19,"Circlet":0,"energizedSpire:SpiderWeb":19,"theMarked:ArtifactOfAir":0,"SlaversCollar":11,"Cauldron":19,"Orrery":19,"trackpad:BottledTsunami":5,"Mirror":7,"infinitespire:PuzzleCube":4},{"Regal Pillow":53,"construct:FoamFinger":75,"SacredBark":37,"Vajra":44,"StoneCalendar":48,"trackpad:PetRock":75,"EVO:Axolotl":0,"Sling":75,"theMarked:KettuFlask":53,"Frozen Eye":48,"HornCleat":75,"Matryoshka":86,"Replay:M_SmolderingBlood":75,"Strawberry":27,"Honey Jar":71,"Prayer Wheel":75,"infinitespire:Chaos":75,"Quantum Egg":48,"infinitespire:EmptyRelic":75,"Circlet":0,"energizedSpire:SpiderWeb":75,"theMarked:ArtifactOfAir":0,"SlaversCollar":44,"Cauldron":75,"Orrery":75,"trackpad:BottledTsunami":14,"Mirror":22,"infinitespire:PuzzleCube":9}]},"card_choices":[{"not_picked":["theMarked:Convert","theMarked:WardOff"],"picked":"theMarked:BanishingStrike","floor":0.0},{"not_picked":["theMarked:Determination","theMarked:Electrify"],"picked":"theMarked:BanishingWave","floor":0.0},{"not_picked":["theMarked:Parkour","theMarked:Standoff"],"picked":"theMarked:Improvise","floor":0.0},{"not_picked":["theMarked:Standoff","theMarked:Parry"],"picked":"theMarked:WardOff","floor":0.0},{"not_picked":["theMarked:Parkour","theMarked:WastefulAttack"],"picked":"theMarked:TheMission","floor":0.0},{"not_picked":["theMarked:EnhanceMovement","theMarked:TwofoldDefense"],"picked":"theMarked:Heritage","floor":0.0},{"not_picked":["theMarked:HeightenedSenses","theMarked:RepellingDischarge"],"picked":"theMarked:AttractMetal","floor":0.0},{"not_picked":["theMarked:SwordAndMagic","theMarked:TakeCover"],"picked":"theMarked:EmpowerWeapon","floor":0.0},{"not_picked":["theMarked:AttractMetal","theMarked:Aftermath"],"picked":"theMarked:ChainLightning","floor":0.0},{"not_picked":["theMarked:Parkour","theMarked:ElectricStrings"],"picked":"theMarked:Panic","floor":0.0},{"not_picked":["theMarked:Improvise","theMarked:TwofoldDefense"],"picked":"theMarked:ComboAttacks","floor":0.0},{"not_picked":["theMarked:ChainLightning","theMarked:ResourceFulStrike"],"picked":"theMarked:BanishingWave","floor":0.0},{"not_picked":["theMarked:BanishingStrike","theMarked:Improvise"],"picked":"theMarked:RepellingDischarge","floor":0.0},{"not_picked":["theMarked:HeightenedSenses","theMarked:WardOff"],"picked":"theMarked:EmpowerWeapon","floor":0.0},{"not_picked":["theMarked:TakeCover","theMarked:ChainLightning"],"picked":"theMarked:ChannelForce","floor":0.0},{"not_picked":["theMarked:ShockingTouch","theMarked:MuscleMemory"],"picked":"theMarked:Aftermath","floor":1.0},{"not_picked":["theMarked:OneWithTheBlade","theMarked:Static"],"picked":"theMarked:Maelstrom","floor":2.0},{"not_picked":["theMarked:EmpowerWeapon","theMarked:SwordAndMagic","theMarked:Determination"],"picked":"SKIP","floor":4.0},{"not_picked":["theMarked:ChainLightning","theMarked:Determination","theMarked:WardOff"],"picked":"SKIP","floor":7.0},{"not_picked":["theMarked:RepellingDischarge","theMarked:ElectricStrings"],"picked":"theMarked:EternalStudent","floor":8.0},{"not_picked":["theMarked:Improvise","theMarked:Standoff","theMarked:RepellingDischarge"],"picked":"SKIP","floor":10.0},{"not_picked":["theMarked:WardOff","theMarked:RepellingDischarge"],"picked":"theMarked:Friction","floor":12.0},{"not_picked":["theMarked:MuscleMemory","theMarked:ResourceFulStrike"],"picked":"theMarked:MysticalArsenal","floor":14.0},{"not_picked":["theMarked:Challenge","theMarked:FavorableWinds"],"picked":"theMarked:DispelDoubt","floor":16.0},{"not_picked":["theMarked:Maelstrom","theMarked:WastefulAttack","theMarked:CreepingChasm"],"picked":"SKIP","floor":18.0},{"not_picked":["theMarked:Heritage","theMarked:WardOff"],"picked":"theMarked:Generate","floor":21.0},{"not_picked":["theMarked:BanishingWave","theMarked:Memento","theMarked:Indomitable+1"],"picked":"SKIP","floor":23.0},{"not_picked":["theMarked:TakeCover","theMarked:Improvise"],"picked":"theMarked:Abjuration","floor":25.0},{"not_picked":["theMarked:AttractMetal","theMarked:SwordAndMagic+1"],"picked":"theMarked:TwofoldDefense","floor":29.0},{"not_picked":["theMarked:ComboAttacks","theMarked:RepellingDischarge"],"picked":"theMarked:Reabsorb","floor":30.0},{"not_picked":["theMarked:RepellingDischarge+1","theMarked:SwordAndMagic","theMarked:EmpowerWeapon"],"picked":"SKIP","floor":31.0},{"not_picked":["theMarked:EternalStudent","theMarked:FavorableWinds"],"picked":"theMarked:Levitate","floor":33.0},{"not_picked":["theMarked:EmpowerWeapon+1","theMarked:ChannelForce+1","theMarked:Improvise+1"],"picked":"theMarked:Frustration+1","floor":35.0},{"not_picked":["theMarked:HeightenedSenses","theMarked:ElectricStrings","theMarked:SwordAndMagic"],"picked":"theMarked:WardOff","floor":36.0},{"not_picked":["theMarked:Aftermath","theMarked:ChainLightning","theMarked:WastefulAttack"],"picked":"theMarked:RepellingDischarge+1","floor":36.0},{"not_picked":["theMarked:Reabsorb","theMarked:TwofoldDefense","theMarked:ComboAttacks"],"picked":"theMarked:WastefulAttack+1","floor":36.0},{"not_picked":["theMarked:Maelstrom","theMarked:UnarmedFury","theMarked:Memento"],"picked":"theMarked:GodGivenPower+1","floor":36.0},{"not_picked":["theMarked:ShockingTouch","theMarked:Aftermath","theMarked:SwordAndMagic+1"],"picked":"theMarked:OneWithTheBlade+1","floor":36.0},{"not_picked":["infinitespire:Collect","infinitespire:Menacing"],"picked":"infinitespire:FutureSight","floor":37.0},{"not_picked":["Crescendo","Halt+1"],"picked":"theMarked:BanishingWave","floor":39.0},{"not_picked":["FollowUp+1","CrushJoints","theMarked:Aftermath"],"picked":"SKIP","floor":39.0},{"not_picked":["EmptyFist+1","theMarked:Determination+1"],"picked":"Reaper","floor":40}],"player_experience":420137,"relics_obtained":[{"floor":7.0,"key":"infinitespire:PuzzleCube"},{"floor":9.0,"key":"trackpad:BottledTsunami"},{"floor":11.0,"key":"Mirror"},{"floor":14.0,"key":"Strawberry"},{"floor":25.0,"key":"Regal Pillow"},{"floor":26.0,"key":"theMarked:KettuFlask"},{"floor":40,"key":"Matryoshka"}],"event_choices":[{"damage_healed":0.0,"max_hp_gain":0.0,"max_hp_loss":0.0,"gold_gain":69.0,"event_name":"Golden Wing","player_choice":"Gained Gold","floor":5.0,"gold_loss":0.0,"damage_taken":0.0},{"damage_healed":0.0,"max_hp_gain":0.0,"max_hp_loss":0.0,"gold_gain":30.0,"event_name":"Dead Adventurer","player_choice":"Searched \u00272\u0027 times","floor":11.0,"gold_loss":0.0,"damage_taken":0.0},{"damage_healed":18.0,"max_hp_gain":0.0,"max_hp_loss":0.0,"gold_gain":0.0,"event_name":"The Cleric","player_choice":"Healed","floor":13.0,"gold_loss":35.0,"damage_taken":0.0},{"damage_healed":0.0,"max_hp_gain":0.0,"max_hp_loss":0.0,"gold_gain":0.0,"event_name":"Lab","player_choice":"Got Potions","floor":27.0,"gold_loss":0.0,"damage_taken":0.0}],"is_beta":false,"boss_relics":[{"not_picked":["Abe\u0027s Treasure","Velvet Choker"],"picked":"SacredBark"},{"not_picked":["Philosopher\u0027s Stone","Cursed Key"],"picked":"Honey Jar"}],"items_purged_floors":[],"is_endless":false,"potions_floor_spawned":[4,7,8,16,25,30,31],"killed_by":"Sphere and 2 Shapes","ascension_level":0}}