{"host":"9anookmks9wubopy","time":1613417293,"event":{"mods":["A Magickal Journey","Aspiration","Bard","BaseMod","BetterRewards","Colored Map","Conjunction","Conspire","Energized Spire","Halation","Hubris","Mimic Mod","Minty Spire (QoL Compilation)","Replay The Spire","Somnambulant","StSLib","The Elementalist","The Jungle","The Mystic"],"gold_per_floor":[119,119,119,69,86,101,117,117,117,132,152,23,23,23,23,23,23,154,154,170,184,198,198,198],"floor_reached":23,"language":"ENG","playtime":952,"items_purged":["Defend_B"],"score":183,"play_id":"ad30261c-4a6e-411c-8024-2ad8c251b787","local_time":"20210215142813","is_ascension_mode":false,"campfire_choices":[{"data":"Dualcast","floor":8,"key":"SMITH"},{"floor":17,"key":"REST"}],"circlet_count":0,"master_deck":["Strike_B","Strike_B","Strike_B","Strike_B","Defend_B","Zap","Dualcast+1","Seeing Red","Rebound+1","Anger","Sweeping Beam","Go for the Eyes","ReplayRNGCard","Hologram","Turbo","Injury","Reboot","BasicCrystalCard+1","Aggregate+1","Steam Power"],"relics":["Cracked Core","aspiration:Nostalgia","Iron Core","hubris:TinFlute","Golden Idol","hubris:Stopwatch"],"acts_visited":["Exordium","Exordium"],"potions_floor_usage":[18,18,21],"damage_taken":[{"damage":0,"enemies":"Cultist","floor":1,"turns":2},{"damage":0,"enemies":"2 Louse","floor":5,"turns":1},{"damage":0,"enemies":"Small Slimes","floor":6,"turns":2},{"damage":20,"enemies":"Exordium Wildlife","floor":7,"turns":3},{"damage":8,"enemies":"Lots of Slimes","floor":10,"turns":3},{"damage":1,"enemies":"Large Slime","floor":11,"turns":4},{"damage":45,"enemies":"Slime Boss","floor":18,"turns":10},{"damage":4,"enemies":"theJungle:MUSHROOMGANG","floor":20,"turns":4},{"damage":8,"enemies":"Shell Parasite","floor":21,"turns":4},{"damage":54,"enemies":"theJungle:SlimyTreeVines","floor":22,"turns":7},{"damage":18,"enemies":"Snake Plant","floor":23,"turns":2}],"seed_played":"4272537910957498598","potions_obtained":[{"floor":6,"key":"Dexterity Potion"},{"floor":7,"key":"DistilledChaos"},{"floor":18,"key":"Dexterity Potion"},{"floor":22,"key":"Regen Potion"}],"is_trial":false,"path_per_floor":["M","?","?","?","M","M","M","R","T","M","M","$","?","PTL","PTL","$","R","B",null,"M","M","M","M"],"character_chosen":"DEFECT","items_purchased":["Turbo"],"campfire_rested":1,"item_purchase_floors":[12],"current_hp_per_floor":[75,75,75,75,75,75,55,55,55,47,46,46,46,46,46,46,68,23,75,71,63,15,0,0],"gold":198,"neow_bonus":"NOSTALGIA","is_daily":false,"chose_seed":false,"campfire_upgraded":1,"win_rate":0.0,"timestamp":1613417293,"path_taken":["M","?","?","?","M","M","?","R","T","M","?","$","?","PTL","PTL","?","R","BOSS","M","M","M","?"],"items_purchased_type":["Card"],"build_version":"2020-12-22","purchased_purges":1,"victory":false,"max_hp_per_floor":[75,75,75,75,75,75,75,75,75,75,75,75,75,75,75,75,75,75,75,75,75,75,75,75],"card_choices":[{"not_picked":["Compile Driver","Aggregate"],"picked":"Seeing Red","floor":1},{"not_picked":["Clash","Body Slam"],"picked":"Anger","floor":5},{"not_picked":["Self Repair","Tempest"],"picked":"Sweeping Beam","floor":6},{"not_picked":["Heavy Blade","Clash"],"picked":"Go for the Eyes","floor":7},{"not_picked":["Leap","ReplayGash"],"picked":"ReplayRNGCard","floor":10},{"not_picked":["Scrape","WeaponsOverheat"],"picked":"Hologram","floor":11},{"not_picked":["ReplayTheSpireMod:Fabricate Wheel","Electrodynamics"],"picked":"Reboot","floor":18},{"not_picked":["Coolheaded","Stack+1"],"picked":"BasicCrystalCard+1","floor":20},{"not_picked":["hubris:Ukulele","Hologram"],"picked":"Aggregate+1","floor":21},{"not_picked":["Self Repair","All For One"],"picked":"Steam Power","floor":22}],"player_experience":40727,"relics_obtained":[{"floor":9,"key":"hubris:TinFlute"}],"event_choices":[{"damage_healed":0,"gold_gain":0,"player_choice":"Leave","damage_taken":0,"max_hp_gain":0,"max_hp_loss":0,"event_name":"conspire:Investor","floor":3,"gold_loss":0},{"cards_removed":["Defend_B"],"damage_healed":0,"gold_gain":0,"player_choice":"Card Removal","damage_taken":0,"max_hp_gain":0,"max_hp_loss":0,"event_name":"The Cleric","floor":4,"gold_loss":50},{"damage_healed":0,"gold_gain":0,"player_choice":"Take Wound","damage_taken":0,"relics_obtained":["Golden Idol"],"max_hp_gain":0,"max_hp_loss":0,"event_name":"Golden Idol","floor":13,"gold_loss":0,"cards_obtained":["Injury"]}],"is_beta":false,"boss_relics":[{"not_picked":["aspiration:IroncladSkillbook","Runic Pyramid"],"picked":"hubris:Stopwatch"}],"items_purged_floors":[12],"is_endless":false,"potions_floor_spawned":[6,7,18,22],"killed_by":"Snake Plant","ascension_level":0}}