{"host":"y4mx56vxqys6xwyn","time":1613364491,"event":{"mods":["BaseMod","Hermit","Minty Spire (QoL Compilation)","StSLib"],"gold_per_floor":[112,112,129,140,215,247,259,281,318,364,390,14,25,25,25,125,125,145,165,90,90,90,123,139,139,163,25,43,43,71,89,89,89,89],"floor_reached":33,"language":"ENG","playtime":1808,"items_purged":["Strike_G"],"score":297,"play_id":"1152b3b1-f5da-48e8-9447-88feb4a02385","local_time":"20210214224811","is_ascension_mode":false,"campfire_choices":[{"floor":7,"key":"REST"},{"data":"Phantasmal Killer","floor":15,"key":"SMITH"},{"data":"J.A.X.","floor":25,"key":"SMITH"},{"floor":32,"key":"REST"}],"circlet_count":0,"master_deck":["Strike_G","Strike_G","Strike_G","Defend_G+1","Defend_G","Defend_G","Defend_G+1","Survivor","Neutralize","Slice","Dagger Spray","Dagger Spray","Dagger Spray","Backflip","Night Terror","Phantasmal Killer+1","Blade Dance","A Thousand Cuts","Distraction","Die Die Die","Flying Knee","J.A.X.+1","Blur","PanicButton","Slice","Die Die Die","Iron Wave","Blade Dance","Blade Dance+1"],"relics":["Ring of the Snake","Anchor","MawBank","War Paint","Centennial Puzzle","Sling","Runic Pyramid","Blood Vial","Blue Candle","Tiny Chest","Tough Bandages"],"acts_visited":["Exordium","TheCity"],"potions_floor_usage":[10,16,23,23,28,33],"damage_taken":[{"damage":1,"enemies":"Jaw Worm","floor":1,"turns":4},{"damage":0,"enemies":"Cultist","floor":3,"turns":3},{"damage":0,"enemies":"Small Slimes","floor":4,"turns":2},{"damage":36,"enemies":"Gremlin Nob","floor":6,"turns":5},{"damage":0,"enemies":"Exordium Wildlife","floor":8,"turns":2},{"damage":9,"enemies":"3 Sentries","floor":10,"turns":3},{"damage":8,"enemies":"2 Fungi Beasts","floor":11,"turns":4},{"damage":0,"enemies":"Blue Slaver","floor":13,"turns":4},{"damage":21,"enemies":"Hexaghost","floor":16,"turns":10},{"damage":0,"enemies":"3 Byrds","floor":18,"turns":2},{"damage":0,"enemies":"Spheric Guardian","floor":19,"turns":3},{"damage":22,"enemies":"Slavers","floor":23,"turns":2},{"damage":3,"enemies":"Snake Plant","floor":24,"turns":2},{"damage":8,"enemies":"Snecko","floor":28,"turns":4},{"damage":30,"enemies":"Gremlin Leader","floor":30,"turns":7},{"damage":3,"enemies":"Cultist and Chosen","floor":31,"turns":3},{"damage":52,"enemies":"Collector","floor":33,"turns":7}],"seed_played":"6592040139960769850","potions_obtained":[{"floor":3,"key":"BlessingOfTheForge"},{"floor":4,"key":"Dexterity Potion"},{"floor":8,"key":"Strength Potion"},{"floor":10,"key":"Block Potion"},{"floor":18,"key":"AttackPotion"},{"floor":23,"key":"SmokeBomb"},{"floor":30,"key":"Ancient Potion"}],"is_trial":false,"path_per_floor":["M","?","M","M","?","E","R","M","T","E","M","$","M","?","R","B",null,"M","M","?","?","?","E","M","R","T","$","M","?","E","M","R","B"],"character_chosen":"THE_SILENT","items_purchased":["A Thousand Cuts","Sling","PanicButton","Slice"],"campfire_rested":2,"item_purchase_floors":[12,12,27,27],"current_hp_per_floor":[69,69,69,69,58,22,43,43,43,34,26,26,26,31,31,10,75,75,75,75,75,75,53,52,52,52,52,46,46,18,17,39,0,0],"gold":89,"neow_bonus":"RANDOM_COMMON_RELIC","is_daily":false,"chose_seed":false,"campfire_upgraded":2,"win_rate":0.0,"timestamp":1613364491,"path_taken":["M","?","M","?","?","E","R","M","T","E","M","?","M","?","R","BOSS","M","M","?","?","?","E","?","R","T","$","M","?","E","M","R","BOSS"],"items_purchased_type":["Card","Relic","Card","Card"],"build_version":"2020-12-22","purchased_purges":1,"victory":false,"max_hp_per_floor":[70,70,70,70,70,70,70,70,70,70,70,70,70,75,75,75,75,75,75,75,75,75,75,75,75,75,75,75,75,75,75,75,75,75],"card_choices":[{"not_picked":["Backflip","Outmaneuver"],"picked":"Slice","floor":1},{"not_picked":["Masterful Stab","Finisher"],"picked":"Dagger Spray","floor":3},{"not_picked":["Dagger Throw","Quick Slash"],"picked":"Dagger Spray","floor":4},{"not_picked":["Blur","Dash"],"picked":"Backflip","floor":6},{"not_picked":["Backflip","Sucker Punch"],"picked":"Night Terror","floor":8},{"not_picked":["Predator","Acrobatics"],"picked":"Phantasmal Killer","floor":10},{"not_picked":["Reflex","Sucker Punch"],"picked":"Blade Dance","floor":11},{"not_picked":["Deadly Poison","PiercingWail"],"picked":"Distraction","floor":13},{"not_picked":["Night Terror","Tools of the Trade"],"picked":"Die Die Die","floor":16},{"not_picked":["Bane","Outmaneuver"],"picked":"Flying Knee","floor":18},{"not_picked":["Riddle With Holes","Catalyst","PiercingWail+1"],"picked":"SKIP","floor":19},{"not_picked":["Acrobatics","Reflex"],"picked":"Blur","floor":23},{"not_picked":["PiercingWail","Escape Plan"],"picked":"Flying Knee","floor":24},{"not_picked":["Acrobatics","Sucker Punch"],"picked":"Die Die Die","floor":28},{"not_picked":["Bane","Prepared+1"],"picked":"Blade Dance","floor":30},{"not_picked":["Prepared","Poisoned Stab"],"picked":"Blade Dance+1","floor":31}],"player_experience":52846,"relics_obtained":[{"floor":6,"key":"MawBank"},{"floor":9,"key":"War Paint"},{"floor":10,"key":"Centennial Puzzle"},{"floor":23,"key":"Blue Candle"},{"floor":26,"key":"Tiny Chest"},{"floor":30,"key":"Tough Bandages"}],"event_choices":[{"damage_healed":0,"gold_gain":0,"cards_transformed":["Defend_G"],"player_choice":"Transformed","damage_taken":0,"max_hp_gain":0,"max_hp_loss":0,"event_name":"Transmorgrifier","floor":2,"gold_loss":0,"cards_obtained":["Dagger Spray"]},{"damage_healed":0,"gold_gain":75,"player_choice":"Gather Gold","damage_taken":11,"max_hp_gain":0,"max_hp_loss":0,"event_name":"World of Goop","floor":5,"gold_loss":0},{"damage_healed":0,"gold_gain":0,"player_choice":"Donut","damage_taken":0,"max_hp_gain":5,"max_hp_loss":0,"event_name":"Big Fish","floor":14,"gold_loss":0},{"cards_removed":["Strike_G"],"damage_healed":0,"gold_gain":0,"player_choice":"Gave Gold","damage_taken":0,"max_hp_gain":0,"max_hp_loss":0,"event_name":"Beggar","floor":20,"gold_loss":75},{"damage_healed":0,"gold_gain":0,"player_choice":"Opened","damage_taken":0,"relics_obtained":["Blood Vial"],"max_hp_gain":0,"max_hp_loss":0,"event_name":"The Mausoleum","floor":21,"gold_loss":0},{"damage_healed":0,"gold_gain":0,"player_choice":"Obtain J.A.X.","damage_taken":0,"max_hp_gain":0,"max_hp_loss":0,"event_name":"Drug Dealer","floor":22,"gold_loss":0,"cards_obtained":["J.A.X."]},{"cards_removed":["Flying Knee"],"damage_healed":0,"gold_gain":0,"player_choice":"Took Card","damage_taken":0,"max_hp_gain":0,"max_hp_loss":0,"event_name":"NoteForYourself","floor":29,"gold_loss":0,"cards_obtained":["Iron Wave"]}],"is_beta":false,"boss_relics":[{"not_picked":["Ring of the Serpent","Busted Crown"],"picked":"Runic Pyramid"}],"items_purged_floors":[12],"is_endless":false,"potions_floor_spawned":[3,4,8,10,18,23,30],"killed_by":"Collector","ascension_level":0}}