{"host":"oq9vgnvl0fi8z8ha","time":1613409750,"event":{"mods":["BaseMod","Block Reminder","ChefMod","Curses Come First","Evolution","Fox Events","Highlight Path","Minty Spire (QoL Compilation)","Relic Stats","Smile Girya","StSLib","The Bug Knight","The Runesmith","Treasure Hunter","Unceasing Turn Reminder"],"gold_per_floor":[258,33,33,44,64,64,82,113,137,154,169,169,13,25,25,121,121,135,151,131,26,40,40,40,40,40],"floor_reached":25,"language":"ENG","playtime":1734,"items_purged":[],"score":215,"play_id":"0828310e-7bf7-44f9-8579-148732c22af4","local_time":"20210215102230","is_ascension_mode":true,"campfire_choices":[{"floor":6,"key":"RECALL"},{"floor":12,"key":"REST"},{"floor":15,"key":"REST"},{"floor":23,"key":"REST"}],"circlet_count":0,"master_deck":["HollowMod:DashSlash","HollowMod:SoulStrike","HollowMod:CycloneSlash","HollowMod:QuickDashStart","HollowMod:QuickDashStart","HollowMod:QuickDashStart","HollowMod:QuickDashStart","HollowMod:FocusHealStart","HollowMod:PogoStrike","Purity","HollowMod:BlackTendrils","HollowMod:SharpenedShadows","HollowMod:PerfectDash","HollowMod:CycloneSlash","HollowMod:CrystalDash","TH:CursedSword","HollowMod:AbyssShriek","TH:DeckOfManyThings","HollowMod:NewJinnsSoul","HollowMod:CloakDash","HollowMod:DashSlash","TH:PixieDust","HollowMod:SlysStrikes","HollowMod:HeavyBlow+1","HollowMod:AbyssShriek","HollowMod:DescendingDark","HollowMod:DoubleDash","HollowMod:SiblingsShadow+1"],"relics":["HollowMod:VesselMask","EVO:Axolotl","Bronze Scales","Boot","HollowMod:KingsBrand","Potion Belt","SlaversCollar"],"acts_visited":["Exordium","TheCity"],"potions_floor_usage":[18,19,22,25],"damage_taken":[{"damage":3,"enemies":"Small Slimes","floor":1,"turns":3},{"damage":0,"enemies":"Cultist","floor":4,"turns":3},{"damage":12,"enemies":"2 Louse","floor":5,"turns":3},{"damage":8,"enemies":"Red Slaver","floor":7,"turns":3},{"damage":46,"enemies":"Lagavulin","floor":8,"turns":10},{"damage":14,"enemies":"Large Slime","floor":10,"turns":5},{"damage":7,"enemies":"2 Fungi Beasts","floor":11,"turns":3},{"damage":9,"enemies":"Blue Slaver","floor":14,"turns":4},{"damage":29,"enemies":"Slime Boss","floor":16,"turns":10},{"damage":52,"enemies":"2 Thieves","floor":18,"turns":3},{"damage":25,"enemies":"Spheric Guardian","floor":19,"turns":5},{"damage":37,"enemies":"Cultist and Chosen","floor":22,"turns":7},{"damage":31,"enemies":"Slavers","floor":25,"turns":2}],"seed_played":"8362456116878237562","potions_obtained":[{"floor":4,"key":"BlessingOfTheForge"},{"floor":8,"key":"FairyPotion"},{"floor":11,"key":"LiquidBronze"},{"floor":16,"key":"Dexterity Potion"},{"floor":18,"key":"Block Potion"},{"floor":19,"key":"DistilledChaos"},{"floor":20,"key":"Fire Potion"}],"is_trial":false,"path_per_floor":["M","$","?","M","M","R","M","E","T","M","M","R","$","M","R","B",null,"M","M","?","$","M","R","?","E"],"character_chosen":"THE_BUGKNIGHT","items_purchased":["Bronze Scales","HollowMod:SharpenedShadows","Potion Belt","HollowMod:DescendingDark","HollowMod:DoubleDash"],"campfire_rested":3,"item_purchase_floors":[2,2,13,21,21],"current_hp_per_floor":[75,75,75,75,63,63,57,25,25,13,8,30,30,22,44,28,75,25,6,6,6,5,27,27,0,0],"gold":40,"neow_bonus":"RANDOM_COLORLESS","is_daily":false,"chose_seed":false,"campfire_upgraded":0,"win_rate":0.0,"timestamp":1613409750,"path_taken":["M","$","?","?","M","R","M","E","T","M","M","R","$","M","R","BOSS","M","M","?","$","?","R","?","E"],"items_purchased_type":["Relic","Card","Relic","Card","Card"],"build_version":"2020-12-22","purchased_purges":0,"victory":false,"max_hp_per_floor":[75,75,75,75,75,75,75,75,75,75,75,75,75,75,75,75,75,75,75,75,75,75,75,75,75,75],"relic_stats":{"counters":[13,61],"Bronze Scales":[128],"Boot":[19],"obtain_stats":[{"Potion Belt":13,"SlaversCollar":17,"Bronze Scales":2,"HollowMod:VesselMask":0,"EVO:Axolotl":0,"Boot":3,"HollowMod:KingsBrand":8},{"Potion Belt":7,"SlaversCollar":9,"Bronze Scales":1,"HollowMod:VesselMask":0,"EVO:Axolotl":0,"Boot":1,"HollowMod:KingsBrand":5},{"Potion Belt":30,"SlaversCollar":44,"Bronze Scales":3,"HollowMod:VesselMask":0,"EVO:Axolotl":0,"Boot":3,"HollowMod:KingsBrand":22}]},"card_choices":[{"not_picked":["Impatience","Deep Breath"],"picked":"Purity","floor":0},{"not_picked":["HollowMod:ShadowDash","HollowMod:NewJinnsSoul"],"picked":"HollowMod:BlackTendrils","floor":1},{"not_picked":["HollowMod:NewLittleFool","HollowMod:BaldurShell"],"picked":"HollowMod:PerfectDash","floor":4},{"not_picked":["HollowMod:CloakDash","HollowMod:TaintedHusks"],"picked":"HollowMod:CycloneSlash","floor":5},{"not_picked":["HollowMod:InfectedCysts","HollowMod:GoodIntentions"],"picked":"HollowMod:CrystalDash","floor":7},{"not_picked":["TH:PixieDust"],"picked":"TH:CursedSword","floor":8},{"not_picked":["HollowMod:InfectedCysts","HollowMod:SoulStrike"],"picked":"HollowMod:AbyssShriek","floor":8},{"not_picked":["TH:ArmorSpikes"],"picked":"TH:DeckOfManyThings","floor":9},{"not_picked":["HollowMod:SharpenedNail","HollowMod:VengefulSpirit"],"picked":"HollowMod:NewJinnsSoul","floor":10},{"not_picked":["HollowMod:MawleksShell","HollowMod:GreatSlash"],"picked":"HollowMod:CloakDash","floor":11},{"not_picked":["HollowMod:InfectionAssault","HollowMod:InfectedAttack"],"picked":"HollowMod:DashSlash","floor":14},{"not_picked":["TH:ArmorSpikes"],"picked":"TH:PixieDust","floor":16},{"not_picked":["HollowMod:HerrahsAnger","HollowMod:NewInfectedGuardian"],"picked":"HollowMod:SlysStrikes","floor":16},{"not_picked":["HollowMod:InfectedAttack","HollowMod:DesolateDive"],"picked":"HollowMod:HeavyBlow+1","floor":18},{"not_picked":["HollowMod:SoulEater","HollowMod:SoulStrike"],"picked":"HollowMod:AbyssShriek","floor":19},{"not_picked":["HollowMod:HowlingWraiths","HollowMod:SiblingsSouls"],"picked":"HollowMod:SiblingsShadow+1","floor":22}],"player_experience":219425,"relics_obtained":[{"floor":8,"key":"HollowMod:KingsBrand"}],"event_choices":[{"cards_removed":["HollowMod:InfectedAttack"],"damage_healed":0,"gold_gain":0,"player_choice":"Gave Card","damage_taken":0,"relics_obtained":["Boot"],"max_hp_gain":0,"max_hp_loss":0,"event_name":"WeMeetAgain","floor":3,"gold_loss":0},{"damage_healed":0,"gold_gain":0,"player_choice":"Bought 1 Potion","damage_taken":0,"max_hp_gain":0,"max_hp_loss":0,"event_name":"The Woman in Blue","floor":20,"gold_loss":0},{"damage_healed":0,"gold_gain":0,"player_choice":"Ignored","damage_taken":0,"max_hp_gain":0,"max_hp_loss":0,"event_name":"Cursed Tome","floor":24,"gold_loss":0}],"is_beta":false,"boss_relics":[{"not_picked":["Black Star","Velvet Choker"],"picked":"SlaversCollar"}],"items_purged_floors":[],"is_endless":false,"potions_floor_spawned":[4,8,11,16,18,19],"killed_by":"Slavers","ascension_level":1}}