{"host":"fbdlh90rovbiajun","time":1613347977,"event":{"mods":["AchievementEnabler","BaseMod","Colored Map","Keyboard Shortcuts","Minty Spire (QoL Compilation)","SuperFastMode"],"gold_per_floor":[110,110,185,185,205,238,238,254,254,273,124,24,24,39,39,142,142,160,180,180,180,193,226,243,243,288,288,300,300,320,420,420,522,522,539,127,181,102,102,102,122,122,122,77,91,121,141,174,174,174,174,174,31,61,61,61],"floor_reached":55,"language":"KOR","playtime":3186,"items_purged":["Regret","Strike_G","Strike_G+1"],"score":845,"play_id":"201fa33a-a914-4b7e-b466-5b5ba7f9b19f","local_time":"20210215091257","is_ascension_mode":false,"campfire_choices":[{"data":"Footwork","floor":7,"key":"SMITH"},{"data":"Deadly Poison","floor":13,"key":"SMITH"},{"data":"Calculated Gamble","floor":15,"key":"SMITH"},{"data":"Footwork","floor":25,"key":"SMITH"},{"data":"Catalyst","floor":29,"key":"SMITH"},{"data":"Well Laid Plans","floor":32,"key":"SMITH"},{"data":"Burst","floor":40,"key":"SMITH"},{"floor":42,"key":"REST"},{"floor":49,"key":"RECALL"},{"data":"Deadly Poison","floor":52,"key":"SMITH"}],"circlet_count":0,"master_deck":["Strike_G+1","Strike_G+1","Defend_G+1","Defend_G+1","Defend_G+1","Defend_G+1","Defend_G+1","Survivor","Neutralize","Dagger Spray","Footwork+1","Deadly Poison+1","Calculated Gamble+1","Blur+1","Blur+1","Catalyst+1","Burst+1","Footwork+1","Well Laid Plans+1","Footwork+1","Deadly Poison+1"],"relics":["Ring of the Snake","NeowsBlessing","Kunai","MealTicket","Letter Opener","Busted Crown","Mummified Hand","WingedGreaves","Darkstone Periapt","Black Star","The Specimen","Lizard Tail","Singing Bowl","Toxic Egg 2","Mango","Pen Nib","Snake Skull","War Paint","Eternal Feather","Bottled Tornado"],"acts_visited":["Exordium","TheCity","TheBeyond","TheEnding"],"potions_floor_usage":[16,31,31,33,46,50,50,55],"damage_taken":[{"damage":0,"enemies":"Small Slimes","floor":1,"turns":1},{"damage":0,"enemies":"Jaw Worm","floor":5,"turns":1},{"damage":0,"enemies":"Gremlin Nob","floor":6,"turns":1},{"damage":0,"enemies":"2 Louse","floor":8,"turns":2},{"damage":4,"enemies":"Blue Slaver","floor":10,"turns":5},{"damage":0,"enemies":"Gremlin Gang","floor":14,"turns":5},{"damage":26,"enemies":"The Guardian","floor":16,"turns":14},{"damage":0,"enemies":"Chosen","floor":18,"turns":4},{"damage":0,"enemies":"Shell Parasite","floor":19,"turns":6},{"damage":4,"enemies":"Cultist and Chosen","floor":22,"turns":8},{"damage":0,"enemies":"Book of Stabbing","floor":23,"turns":10},{"damage":19,"enemies":"Shelled Parasite and Fungi","floor":24,"turns":6},{"damage":0,"enemies":"Centurion and Healer","floor":28,"turns":12},{"damage":0,"enemies":"Sentry and Sphere","floor":30,"turns":12},{"damage":0,"enemies":"Colosseum Slavers","floor":31,"turns":7},{"damage":0,"enemies":"Colosseum Nobs","floor":31,"turns":6},{"damage":3,"enemies":"Automaton","floor":33,"turns":15},{"damage":0,"enemies":"Orb Walker","floor":35,"turns":6},{"damage":41,"enemies":"2 Orb Walkers","floor":37,"turns":6},{"damage":8,"enemies":"3 Shapes","floor":41,"turns":5},{"damage":0,"enemies":"Jaw Worm Horde","floor":45,"turns":7},{"damage":0,"enemies":"Nemesis","floor":46,"turns":11},{"damage":17,"enemies":"Sphere and 2 Shapes","floor":47,"turns":8},{"damage":0,"enemies":"Giant Head","floor":48,"turns":11},{"damage":57,"enemies":"Donu and Deca","floor":50,"turns":13},{"damage":15,"enemies":"Shield and Spear","floor":54,"turns":8},{"damage":131,"enemies":"The Heart","floor":55,"turns":14}],"seed_played":"-3978089008669575399","potions_obtained":[{"floor":1,"key":"Swift Potion"},{"floor":10,"key":"Swift Potion"},{"floor":14,"key":"CunningPotion"},{"floor":22,"key":"Block Potion"},{"floor":31,"key":"SpeedPotion"},{"floor":37,"key":"PowerPotion"},{"floor":41,"key":"Energy Potion"},{"floor":46,"key":"Weak Potion"}],"is_trial":false,"path_per_floor":["M","?","?","?","M","E","R","M","T","M","$","$","R","M","R","B",null,"M","M","?","?","M","E","M","R","T","?","M","R","M","?","R","B",null,"M","$","?","$","?","R","M","R","T","$","M","E","M","E","R","B",null,"R","$","E","B"],"character_chosen":"THE_SILENT","items_purchased":["Blur","The Specimen","Footwork","Deadly Poison","War Paint"],"campfire_rested":1,"item_purchase_floors":[11,36,38,44,53],"current_hp_per_floor":[70,63,52,52,52,52,52,52,52,48,63,70,70,70,70,44,70,70,70,70,70,66,66,47,47,47,47,47,47,47,47,47,44,70,70,70,29,44,44,44,36,57,57,70,72,88,73,75,75,18,92,92,92,79,0,0],"gold":61,"neow_bonus":"THREE_ENEMY_KILL","is_daily":false,"chose_seed":false,"campfire_upgraded":8,"win_rate":0.0,"timestamp":1613347977,"path_taken":["M","?","?","?","M","E","R","M","T","M","?","$","R","?","R","BOSS","M","M","?","?","M","E","M","R","T","?","?","R","M","?","R","BOSS","M","$","?","$","?","R","?","R","T","?","M","E","M","E","R","BOSS","R","$","E","BOSS"],"items_purchased_type":["Card","Relic","Card","Card","Relic"],"build_version":"2020-12-22","purchased_purges":3,"victory":false,"max_hp_per_floor":[70,70,70,70,70,70,70,70,70,70,70,70,70,70,70,70,70,70,70,70,70,70,70,70,70,70,70,70,70,70,70,70,70,70,70,70,70,70,70,70,70,70,70,70,72,88,90,92,92,92,92,92,92,94,94,94],"card_choices":[{"not_picked":["All Out Attack","Underhanded Strike"],"picked":"Dagger Spray","floor":1},{"not_picked":["Slice","Predator"],"picked":"Footwork","floor":5},{"not_picked":["Prepared","Backflip"],"picked":"Deadly Poison","floor":6},{"not_picked":["Accuracy","Masterful Stab"],"picked":"Calculated Gamble","floor":8},{"not_picked":["Backflip","Finisher"],"picked":"Blur","floor":10},{"not_picked":["Dodge and Roll","Deflect"],"picked":"Catalyst","floor":14},{"not_picked":["Envenom","Glass Knife"],"picked":"Burst","floor":16},{"not_picked":["Dagger Throw+1"],"picked":"SKIP","floor":18},{"not_picked":["Slice"],"picked":"SKIP","floor":19},{"not_picked":["Slice"],"picked":"SKIP","floor":19},{"not_picked":["Slice"],"picked":"SKIP","floor":19},{"not_picked":["Blur"],"picked":"SKIP","floor":22},{"not_picked":["Footwork+1"],"picked":"SKIP","floor":23},{"not_picked":["Acrobatics"],"picked":"SKIP","floor":24},{"not_picked":["Flying Knee"],"picked":"SKIP","floor":28},{"not_picked":[],"picked":"Well Laid Plans","floor":30},{"not_picked":["Deadly Poison+1"],"picked":"SKIP","floor":35},{"not_picked":["Endless Agony+1"],"picked":"SKIP","floor":41},{"not_picked":["Choke+1"],"picked":"Singing Bowl","floor":45},{"not_picked":["Riddle With Holes+1"],"picked":"Singing Bowl","floor":46},{"not_picked":["Heel Hook"],"picked":"Singing Bowl","floor":47},{"not_picked":["Predator+1"],"picked":"Singing Bowl","floor":48},{"not_picked":["Quick Slash"],"picked":"Singing Bowl","floor":54}],"player_experience":48752,"relics_obtained":[{"floor":6,"key":"MealTicket"},{"floor":9,"key":"Letter Opener"},{"floor":23,"key":"Mummified Hand"},{"floor":31,"key":"WingedGreaves"},{"floor":31,"key":"Darkstone Periapt"},{"floor":37,"key":"Lizard Tail"},{"floor":43,"key":"Singing Bowl"},{"floor":46,"key":"Toxic Egg 2"},{"floor":46,"key":"Mango"},{"floor":48,"key":"Pen Nib"},{"floor":48,"key":"Snake Skull"},{"floor":54,"key":"Eternal Feather"},{"floor":54,"key":"Bottled Tornado"}],"event_choices":[{"cards_removed":["Strike_G"],"damage_healed":0,"gold_gain":0,"player_choice":"Card Removal","damage_taken":7,"max_hp_gain":0,"max_hp_loss":0,"event_name":"Golden Wing","floor":2,"gold_loss":0},{"damage_healed":0,"gold_gain":75,"player_choice":"Gather Gold","damage_taken":11,"max_hp_gain":0,"max_hp_loss":0,"event_name":"World of Goop","floor":3,"gold_loss":0},{"damage_healed":0,"gold_gain":0,"player_choice":"Box","damage_taken":0,"relics_obtained":["Kunai"],"max_hp_gain":0,"max_hp_loss":0,"event_name":"Big Fish","floor":4,"gold_loss":0,"cards_obtained":["Regret"]},{"damage_healed":0,"gold_gain":0,"player_choice":"Simplicity","damage_taken":0,"max_hp_gain":0,"max_hp_loss":0,"event_name":"Back to Basics","floor":20,"gold_loss":0,"cards_upgraded":["Strike_G","Strike_G","Strike_G","Defend_G","Defend_G","Defend_G","Defend_G","Defend_G"]},{"damage_healed":0,"gold_gain":0,"player_choice":"Read","damage_taken":0,"max_hp_gain":0,"max_hp_loss":0,"event_name":"The Library","floor":21,"gold_loss":0,"cards_obtained":["Footwork"]},{"damage_healed":0,"gold_gain":0,"player_choice":"Ignored","damage_taken":0,"max_hp_gain":0,"max_hp_loss":0,"event_name":"Vampires","floor":27,"gold_loss":0},{"damage_healed":0,"gold_gain":0,"player_choice":"Fight","damage_taken":0,"max_hp_gain":0,"max_hp_loss":0,"event_name":"Colosseum","floor":31,"gold_loss":0},{"damage_healed":0,"gold_gain":0,"player_choice":"Fought Nobs","damage_taken":0,"max_hp_gain":0,"max_hp_loss":0,"event_name":"Colosseum","floor":31,"gold_loss":0},{"damage_healed":0,"gold_gain":0,"player_choice":"Fight","damage_taken":0,"max_hp_gain":0,"max_hp_loss":0,"event_name":"Mysterious Sphere","floor":37,"gold_loss":0},{"damage_healed":0,"gold_gain":0,"player_choice":"Forge","damage_taken":0,"max_hp_gain":0,"max_hp_loss":0,"event_name":"Accursed Blacksmith","floor":39,"gold_loss":0,"cards_upgraded":["Footwork"]}],"is_beta":false,"boss_relics":[{"not_picked":["WristBlade","Ectoplasm"],"picked":"Busted Crown"},{"not_picked":["Runic Dome","HoveringKite"],"picked":"Black Star"}],"items_purged_floors":[11,12,36],"is_endless":false,"potions_floor_spawned":[1,10,14,22,24,28,30,31,37,41,46],"killed_by":"The Heart","ascension_level":0}}