{"host":"ypzb5vvnu9f3ii1t","time":1613377185,"event":{"mods":["AchievementEnabler","BaseMod","Colored Map","DeckTracker","Keyboard Shortcuts","Minty Spire (QoL Compilation)","Permanent Neow","Quick Restart","SuperFastMode"],"gold_per_floor":[112,187,187,9,25,65,65,85,85,10,33,133,151,171,171,171,171],"floor_reached":16,"language":"KOR","playtime":389,"items_purged":[],"score":165,"play_id":"8c7a4c33-9fe3-4913-87ee-2702c26e7609","local_time":"20210215171945","is_ascension_mode":true,"campfire_choices":[{"floor":7,"key":"REST"},{"floor":15,"key":"REST"}],"circlet_count":0,"master_deck":["Strike_P","Strike_P","Strike_P","Strike_P","Defend_P","Defend_P","Defend_P","Defend_P","Eruption","Vigilance","PathToVictory"],"relics":["PureWater","NeowsBlessing","Golden Idol","Membership Card","Ancient Tea Set","Blue Candle","Bag of Preparation"],"acts_visited":["Exordium"],"potions_floor_usage":[5,13,16],"damage_taken":[{"damage":0,"enemies":"Cultist","floor":1,"turns":1},{"damage":0,"enemies":"Small Slimes","floor":5,"turns":1},{"damage":0,"enemies":"Lagavulin","floor":6,"turns":1},{"damage":4,"enemies":"Jaw Worm","floor":8,"turns":3},{"damage":20,"enemies":"Exordium Thugs","floor":11,"turns":6},{"damage":5,"enemies":"Red Slaver","floor":13,"turns":3},{"damage":0,"enemies":"3 Louse","floor":14,"turns":3},{"damage":62,"enemies":"The Guardian","floor":16,"turns":9}],"seed_played":"-6113455719796755142","potions_obtained":[{"floor":5,"key":"Fruit Juice"},{"floor":11,"key":"LiquidMemories"},{"floor":14,"key":"LiquidBronze"}],"is_trial":false,"path_per_floor":["M","?","?","$","M","E","R","M","T","$","M","?","M","M","R","B"],"character_chosen":"WATCHER","items_purchased":["Membership Card","PathToVictory","Bag of Preparation"],"campfire_rested":2,"item_purchase_floors":[4,4,10],"current_hp_per_floor":[65,54,36,36,41,41,64,60,60,60,40,40,35,35,58,0,0],"gold":171,"neow_bonus":"THREE_ENEMY_KILL","is_daily":false,"chose_seed":false,"campfire_upgraded":0,"win_rate":0.0,"timestamp":1613377185,"path_taken":["M","?","?","$","M","E","R","M","T","$","M","?","M","M","R","BOSS"],"items_purchased_type":["Relic","Card","Relic"],"build_version":"2020-12-22","purchased_purges":0,"victory":false,"max_hp_per_floor":[72,72,72,72,77,77,77,77,77,77,77,77,77,77,77,77,77],"card_choices":[{"not_picked":["ClearTheMind","WheelKick","SashWhip"],"picked":"SKIP","floor":1},{"not_picked":["Tantrum","Swivel","FlyingSleeves"],"picked":"SKIP","floor":5},{"not_picked":["FlyingSleeves","SashWhip","Weave"],"picked":"SKIP","floor":6},{"not_picked":["Protect","ClearTheMind","WindmillStrike"],"picked":"SKIP","floor":8},{"not_picked":["WaveOfTheHand","SashWhip","EmptyBody"],"picked":"SKIP","floor":11},{"not_picked":["EmptyBody","JustLucky","InnerPeace"],"picked":"SKIP","floor":13},{"not_picked":["Sanctity","Crescendo","Conclude"],"picked":"SKIP","floor":14}],"player_experience":229209,"relics_obtained":[{"floor":6,"key":"Ancient Tea Set"},{"floor":9,"key":"Blue Candle"}],"event_choices":[{"damage_healed":0,"gold_gain":75,"player_choice":"Gather Gold","damage_taken":11,"max_hp_gain":0,"max_hp_loss":0,"event_name":"World of Goop","floor":2,"gold_loss":0},{"damage_healed":0,"gold_gain":0,"player_choice":"Take Damage","damage_taken":18,"relics_obtained":["Golden Idol"],"max_hp_gain":0,"max_hp_loss":0,"event_name":"Golden Idol","floor":3,"gold_loss":0},{"damage_healed":0,"gold_gain":100,"player_choice":"Gold","damage_taken":0,"max_hp_gain":0,"max_hp_loss":0,"event_name":"Wheel of Change","floor":12,"gold_loss":0}],"is_beta":false,"boss_relics":[],"items_purged_floors":[],"is_endless":false,"potions_floor_spawned":[5,11,14],"killed_by":"The Guardian","ascension_level":6}}