{"host":"tj6tjcyqgbd0xj5u","time":1613357521,"event":{"mods":["Aspiration","BaseMod","Better Match","BetterRewards","Challenge The Spire","Conspire","Defuse TimeMaze Blight","Dota2Spire","Downfall","Energized Spire","Evolution","GifTheSpireLib","Good Game Mod","Halation","Hubris","Hyrulean Relics","Infinite Spire","Minty Spire (QoL Compilation)","Reliquary","Replay The Spire","Reworked Bosses","Spikes Relics","StS++","StSLib","Stuff the Spire"],"gold_per_floor":[115,134,144,154,154,182,182,208,208,220,252,252,272,272,272,272,272,370,370,389,349,42,42,62,62,82,82,135,169,169,196,215,225,225,324,324,338,338,358,128,145,145,145],"floor_reached":42,"language":"ENG","playtime":1236,"items_purged":["Armaments"],"score":619,"play_id":"040a55f2-1cf5-48f2-99fd-093030073340","local_time":"20210214225201","is_ascension_mode":true,"campfire_choices":[{"floor":7,"key":"REST"},{"floor":12,"key":"REST"},{"data":"ReplayTheSpireMod:Omega Cannon","floor":25,"key":"SMITH"},{"floor":27,"key":"REST"},{"floor":30,"key":"REST"},{"floor":34,"key":"REST"}],"circlet_count":0,"master_deck":["Sword Boomerang","Sword Boomerang","Sword Boomerang","Sword Boomerang+1","Sword Boomerang","Armaments","Armaments","Armaments","Bash","ReplayTheSpireMod:Omega Cannon+1","Fire Breathing+1","Fire Breathing","Feel No Pain+1","True Grit","Limit Break","Fire Breathing+1","Parasite","Infernal Blade","Double Tap","Decay"],"relics":["EVO:Axolotl","REME:ComplimentaryCards","Cursed Key","CultistMask","StuffTheSpire:OldFever","Orichalcum","Paper Frog","Spirit Poop","hubris:Backtick","Du-Vu Doll","halation:LettersToHer","infinitespire:Lucky Rock","Art of War","Gremlin Food","reliquary:RedPaperclip","Bag of Preparation"],"acts_visited":["Exordium","TheCity","TheBeyond"],"potions_floor_usage":[6,8,11,24,29,33,35,41,41,41],"damage_taken":[{"damage":0,"enemies":"Cultist","floor":1,"turns":2},{"damage":7,"enemies":"Jaw Worm","floor":2,"turns":2},{"damage":0,"enemies":"2 Louse","floor":3,"turns":1},{"damage":25,"enemies":"Gremlin Gang","floor":4,"turns":2},{"damage":25,"enemies":"3 Sentries","floor":6,"turns":3},{"damage":15,"enemies":"Gremlin Nob","floor":8,"turns":4},{"damage":8,"enemies":"Red Slaver","floor":10,"turns":2},{"damage":10,"enemies":"3 Sentries","floor":11,"turns":4},{"damage":0,"enemies":"Exordium Wildlife","floor":13,"turns":1},{"damage":35,"enemies":"The Guardian","floor":18,"turns":8},{"damage":17,"enemies":"Shell Parasite","floor":20,"turns":4},{"damage":1,"enemies":"Spheric Guardian","floor":24,"turns":4},{"damage":7,"enemies":"Cultist and Chosen","floor":26,"turns":4},{"damage":31,"enemies":"Slavers","floor":29,"turns":4},{"damage":2,"enemies":"conspire:Head Lice","floor":31,"turns":4},{"damage":1,"enemies":"3 Cultists","floor":32,"turns":3},{"damage":13,"enemies":"Snake Plant","floor":33,"turns":2},{"damage":28,"enemies":"conspire:MysteriousRune","floor":35,"turns":4},{"damage":0,"enemies":"Orb Walker","floor":37,"turns":2},{"damage":47,"enemies":"3 Shapes","floor":39,"turns":5},{"damage":18,"enemies":"Sphere and 2 Shapes","floor":41,"turns":3},{"damage":29,"enemies":"R_Hoarder","floor":42,"turns":4}],"seed_played":"461277004068567766","potions_obtained":[{"floor":3,"key":"Dota2Spire:HealingSalve"},{"floor":6,"key":"Dexterity Potion"},{"floor":8,"key":"conspire:TimeTravelPotion"},{"floor":18,"key":"Guardian:BlockOnCardUsePotion"},{"floor":20,"key":"Adrenaline Potion"},{"floor":26,"key":"champ:CounterPotion"},{"floor":32,"key":"PowerPotion"},{"floor":33,"key":"Languid Potion"},{"floor":39,"key":"Block Potion"},{"floor":41,"key":"BloodPotion"}],"is_trial":false,"path_per_floor":["M","M","M","M","?","E","R","E","T","M","E","R","M","PTL","PTL","?","R","B",null,"M","?","$","$","M","R","M","R","T","E","R","E","M","M","R","B",null,"M","?","M","$","M","E"],"character_chosen":"IRONCLAD","items_purchased":["halation:LettersToHer","reliquary:Crutches","Bag of Preparation"],"campfire_rested":5,"item_purchase_floors":[22,22,40],"current_hp_per_floor":[78,71,71,46,46,27,52,37,37,29,29,54,54,54,54,54,54,19,69,52,52,52,52,51,51,44,69,69,38,63,61,60,47,72,44,76,76,76,29,29,28,0,0],"gold":145,"neow_bonus":"BOSS_RELIC","is_daily":false,"chose_seed":false,"campfire_upgraded":1,"win_rate":0.0,"timestamp":1613357521,"path_taken":["M","?","M","M","?","E","R","E","T","?","E","R","M","PTL","PTL","?","R","BOSS","M","?","?","$","M","R","?","R","T","E","R","E","M","M","R","BOSS","M","?","M","?","M","E"],"items_purchased_type":["Relic","Relic","Relic"],"build_version":"2020-12-22","purchased_purges":1,"victory":false,"max_hp_per_floor":[86,86,86,86,86,86,86,86,86,86,86,86,86,86,86,86,86,86,86,86,86,86,86,86,86,86,86,86,86,86,86,86,86,86,86,86,86,86,86,86,86,86,86],"card_choices":[{"not_picked":["Anger","Invigoration"],"picked":"Fire Breathing","floor":1},{"not_picked":["StSpp:Jab","Combust","StSpp:Sprint"],"picked":"SKIP","floor":2},{"not_picked":["Run Through","Perfected Strike"],"picked":"Fire Breathing","floor":3},{"not_picked":["Perfected Strike","Reckless Charge"],"picked":"Feel No Pain","floor":4},{"not_picked":["Life Link","ReplayTheSpireMod:Limb From Limb"],"picked":"True Grit","floor":6},{"not_picked":["conspire:ExplosiveBarrier","hubris:ReadiedAction"],"picked":"Limit Break","floor":8},{"not_picked":["Havoc","Battle Trance","Burning Pact"],"picked":"SKIP","floor":10},{"not_picked":["Combust","Hemogenesis"],"picked":"Fire Breathing","floor":11},{"not_picked":["Headbutt","Warcry","Rage"],"picked":"SKIP","floor":13},{"not_picked":["Disarm","StuffTheSpire:RagingBull","Perfected Strike+1"],"picked":"SKIP","floor":20},{"not_picked":["Flex","Power Through+1","hubris:ReadiedAction"],"picked":"SKIP","floor":24},{"not_picked":["StuffTheSpire:Pyroclast","Shockwave+1","Flex"],"picked":"SKIP","floor":26},{"not_picked":["StSpp:Vengeance","Headbutt","infinitespire:OneForAll"],"picked":"SKIP","floor":29},{"not_picked":["StSpp:Turnabout","Cleave"],"picked":"Infernal Blade","floor":31},{"not_picked":["Pommel Strike","Burning Pact","Flex"],"picked":"SKIP","floor":32},{"not_picked":["StuffTheSpire:RockThrow","Fire Breathing+1","Havoc+1"],"picked":"SKIP","floor":33},{"not_picked":["Barricade","StSpp:Betrayal"],"picked":"Double Tap","floor":35},{"not_picked":["Run Through+1","Wild Strike+1","StSpp:CounterStrike+1"],"picked":"SKIP","floor":37},{"not_picked":["hubris:ReadiedAction+1","Body Slam","Sword Boomerang"],"picked":"SKIP","floor":39},{"not_picked":["Iron Wave+1","StuffTheSpire:Incineration+1","Dark Embrace"],"picked":"SKIP","floor":41}],"player_experience":144218,"relics_obtained":[{"floor":6,"key":"Dota2Spire:BladeMail"},{"floor":8,"key":"StuffTheSpire:OldFever"},{"floor":9,"key":"Orichalcum"},{"floor":11,"key":"Paper Frog"},{"floor":28,"key":"halation:LettersToHer"},{"floor":28,"key":"infinitespire:Lucky Rock"},{"floor":29,"key":"Art of War"},{"floor":31,"key":"Gremlin Food"}],"event_choices":[{"damage_healed":0,"gold_gain":0,"player_choice":"Trade","damage_taken":0,"relics_obtained":["CultistMask"],"max_hp_gain":0,"max_hp_loss":0,"event_name":"FaceTrader","floor":5,"gold_loss":0},{"cards_removed":["ReplayTheSpireMod:Doomed"],"damage_healed":0,"gold_gain":0,"player_choice":"Offered Curse","damage_taken":0,"relics_obtained":["Spirit Poop"],"max_hp_gain":0,"max_hp_loss":0,"event_name":"Bonfire Elementals","floor":16,"gold_loss":0},{"damage_healed":0,"gold_gain":0,"player_choice":"Upgraded","damage_taken":0,"max_hp_gain":0,"max_hp_loss":0,"event_name":"Upgrade Shrine","floor":17,"gold_loss":0,"cards_upgraded":["Fire Breathing"]},{"damage_healed":0,"gold_gain":0,"player_choice":"Upgraded Two","damage_taken":0,"max_hp_gain":0,"max_hp_loss":0,"event_name":"Designer","floor":21,"gold_loss":40,"cards_upgraded":["Feel No Pain","Fire Breathing"]},{"damage_healed":0,"gold_gain":0,"player_choice":"Cursed","damage_taken":0,"max_hp_gain":0,"max_hp_loss":0,"event_name":"Wheel of Change","floor":38,"gold_loss":0,"cards_obtained":["Decay"]}],"is_beta":false,"boss_relics":[{"not_picked":["ReplayTheSpireMod:SealedPack","Replay:Grab Bag"],"picked":"hubris:Backtick"},{"not_picked":["Runic Dome","StuffTheSpire:ModemDavis"],"picked":"reliquary:RedPaperclip"}],"items_purged_floors":[40],"is_endless":false,"potions_floor_spawned":[3,6,8,18,20,26,32,33,39,41],"killed_by":"R_Hoarder","ascension_level":6}}