{"host":"jia7ll8nra240w6d","time":1613405529,"event":{"mods":["BaseMod","Downfall","Duelist Mod","GifTheSpireLib","Minty Spire (QoL Compilation)","Replay The Spire","StSLib","The Bug Knight","The Hierophant","The Servant 0.9.4"],"gold_per_floor":[111,125,125,142,7,7,21,21,21,40,72,92,92,19,19,118,118,88,100,100,100],"floor_reached":20,"language":"ZHS","playtime":3938,"items_purged":[],"score":226,"play_id":"6c99983f-f50e-49ba-9f7f-4b86692bd0c1","local_time":"20210216001209","is_ascension_mode":false,"campfire_choices":[{"floor":8,"key":"REST"},{"floor":13,"key":"REST"},{"data":"FlawlessForm","floor":15,"key":"SMITH"}],"circlet_count":0,"master_deck":["Strike_S","Strike_S","Strike_S","Strike_S","Defend_S","Defend_S","Defend_S","Defend_S","KidneyShot","Exchange","LightFlow","Defy","Starlight+1","FastForward","Dilation","Rearm","FlawlessForm+1","Starlight","Moonlight","Collapse","Embodiment","Rewind+1","Revamp"],"relics":["Uniform","Anchor","Pantograph","MysterySword"],"acts_visited":["Exordium","TheCity"],"potions_floor_usage":[18,19,19],"damage_taken":[{"damage":6,"enemies":"Small Slimes","floor":1,"turns":4},{"damage":0,"enemies":"Cultist","floor":2,"turns":3},{"damage":3,"enemies":"Jaw Worm","floor":4,"turns":2},{"damage":21,"enemies":"Lots of Slimes","floor":7,"turns":7},{"damage":0,"enemies":"Looter","floor":10,"turns":3},{"damage":24,"enemies":"3 Sentries","floor":11,"turns":9},{"damage":0,"enemies":"Exordium Wildlife","floor":12,"turns":4},{"damage":0,"enemies":"Fading Forest","floor":16,"turns":11},{"damage":15,"enemies":"2 Thieves","floor":18,"turns":5},{"damage":24,"enemies":"3 Byrds","floor":19,"turns":5},{"damage":32,"enemies":"Cultist and Chosen","floor":20,"turns":9}],"seed_played":"-1859201980585557257","potions_obtained":[{"floor":7,"key":"SneckoOil"},{"floor":10,"key":"Languid Potion"},{"floor":12,"key":"Dexterity Potion"}],"is_trial":false,"path_per_floor":["M","M","?","M","$","?","M","R","T","M","E","M","R","$","R","B",null,"M","M","M"],"character_chosen":"THE_SERVANT","items_purchased":["Dilation","Collapse"],"campfire_rested":2,"item_purchase_floors":[5,14],"current_hp_per_floor":[59,59,59,56,56,56,35,54,54,54,30,30,49,49,49,65,65,50,26,0,0],"gold":100,"neow_bonus":"ONE_RANDOM_RARE_CARD","is_daily":false,"chose_seed":false,"campfire_upgraded":1,"win_rate":0.0,"timestamp":1613405529,"path_taken":["M","M","?","?","$","?","M","R","T","M","E","M","R","$","R","BOSS","M","?","M"],"items_purchased_type":["Card","Card"],"build_version":"2020-12-22","purchased_purges":0,"victory":false,"max_hp_per_floor":[65,65,65,65,65,65,65,65,65,65,65,65,65,65,65,65,65,65,65,65,65],"card_choices":[{"not_picked":["ShatteredReality","SurpressingFire"],"picked":"Defy","floor":1},{"not_picked":["Revamp","DoubleEdge"],"picked":"Starlight","floor":2},{"not_picked":["Luminosity","ShatteredReality"],"picked":"FastForward","floor":4},{"not_picked":["Revamp","Replace"],"picked":"Rearm","floor":7},{"not_picked":["ShatteredReality","Rewind"],"picked":"FlawlessForm","floor":10},{"not_picked":["MoonPhase","Revamp"],"picked":"Starlight","floor":11},{"not_picked":["Rewind","Defy"],"picked":"Moonlight","floor":12},{"not_picked":["MurderousAura","Initiator"],"picked":"Embodiment","floor":16},{"not_picked":["Potential","Read"],"picked":"Rewind+1","floor":18},{"not_picked":["TimeWarp","ShiftingGears"],"picked":"Revamp","floor":19}],"player_experience":130235,"relics_obtained":[{"floor":9,"key":"Anchor"},{"floor":11,"key":"Pantograph"}],"event_choices":[{"damage_healed":0,"gold_gain":0,"player_choice":"Ignored","damage_taken":0,"max_hp_gain":0,"max_hp_loss":0,"event_name":"Transmorgrifier","floor":3,"gold_loss":0},{"damage_healed":0,"gold_gain":0,"player_choice":"Forge","damage_taken":0,"max_hp_gain":0,"max_hp_loss":0,"event_name":"Accursed Blacksmith","floor":6,"gold_loss":0,"cards_upgraded":["Starlight"]}],"is_beta":false,"boss_relics":[{"not_picked":["Painkiller Herb","Ring of Chaos"],"picked":"MysterySword"}],"items_purged_floors":[],"is_endless":false,"potions_floor_spawned":[7,10,12],"killed_by":"Cultist and Chosen","ascension_level":0}}