{"host":"a6ztjasp7lxlo10n","time":1613392426,"event":{"mods":["Act Like it!","BaseMod","Colored Map","Conspire","Marisa£®ÏF”Í°°ƒß¿Ì…≥£©","Minty Spire (QoL Compilation)","Quick Restart","StSLib","SuperFastMode"],"gold_per_floor":[19,19,39,4,4,31,31,31,100,130,143,143,177,196,196,301,301,282,192,202,127,140,140,167,167,167,177,189,224,235,288,288,383,383,401,231,241,314,346,373,373,388,413,438,438,473,473,487,487,487],"floor_reached":51,"language":"ZHS","playtime":2992,"items_purged":["Strike_R","Strike_R"],"score":916,"play_id":"18920192-46bf-4d66-bf7b-fd8e592d9fe4","local_time":"20210215203346","is_ascension_mode":true,"campfire_choices":[{"data":"Shrug It Off","floor":7.0,"key":"SMITH"},{"floor":12.0,"key":"REST"},{"floor":15.0,"key":"REST"},{"floor":23,"key":"REST"},{"floor":32,"key":"RECALL"},{"floor":41,"key":"REST"},{"floor":45,"key":"REST"},{"floor":47,"key":"REST"},{"floor":49,"key":"REST"}],"circlet_count":0,"master_deck":["Strike_R","Defend_R","Defend_R+1","Defend_R","Defend_R","Bash","Power Through","Shrug It Off+1","Flex","Burning Pact","Battle Trance","Inflame","Impervious","Pommel Strike+1","Inflame","Fire Breathing+1","True Grit+1","Limit Break","Barricade","Sentinel","Feel No Pain","Metallicize","Whirlwind","Seeing Red+1"],"relics":["Burning Blood","Dead Branch","Unceasing Top","Ice Cream","Matryoshka","Toy Ornithopter","Tiny Chest","Fusion Hammer","Ancient Tea Set","Darkstone Periapt","Sundial","Ginger","Pen Nib","Blood Vial","Sozu","Kunai","Mercury Hourglass","Ornamental Fan","Bronze Scales","Akabeko","Gremlin Horn"],"acts_visited":["Exordium","TheCity","TheBeyond"],"potions_floor_usage":[16,33,46,50,50],"damage_taken":[{"damage":4.0,"enemies":"Small Slimes","floor":1.0,"turns":4.0},{"damage":2.0,"enemies":"Jaw Worm","floor":3.0,"turns":4.0},{"damage":22.0,"enemies":"Lagavulin","floor":6.0,"turns":8.0},{"damage":27.0,"enemies":"3 Sentries","floor":10.0,"turns":8.0},{"damage":6.0,"enemies":"Cultist","floor":11.0,"turns":3.0},{"damage":26.0,"enemies":"Lagavulin","floor":13.0,"turns":8.0},{"damage":5.0,"enemies":"3 Louse","floor":14.0,"turns":4.0},{"damage":47,"enemies":"Hexaghost","floor":16,"turns":13},{"damage":12,"enemies":"2 Thieves","floor":18,"turns":4},{"damage":0,"enemies":"Chosen","floor":20,"turns":4},{"damage":0,"enemies":"Sentry and Sphere","floor":22,"turns":6},{"damage":23,"enemies":"Gremlin Leader","floor":24,"turns":8},{"damage":0,"enemies":"Centurion and Healer","floor":27,"turns":8},{"damage":13,"enemies":"Cultist and Chosen","floor":28,"turns":5},{"damage":8,"enemies":"conspire:SneckoGhost","floor":29,"turns":6},{"damage":4,"enemies":"Snake Plant","floor":30,"turns":4},{"damage":59,"enemies":"Collector","floor":33,"turns":8},{"damage":1,"enemies":"Orb Walker","floor":35,"turns":4},{"damage":43,"enemies":"3 Shapes","floor":37,"turns":4},{"damage":0,"enemies":"conspire:MimicChest","floor":39,"turns":7},{"damage":13,"enemies":"Nemesis","floor":40,"turns":7},{"damage":13,"enemies":"Spire Growth","floor":42,"turns":5},{"damage":54,"enemies":"Reptomancer","floor":46,"turns":7},{"damage":0,"enemies":"Maw","floor":48,"turns":5},{"damage":33,"enemies":"Donu and Deca","floor":50,"turns":7}],"seed_played":"-1728832798753190250","potions_obtained":[{"floor":1.0,"key":"ColorlessPotion"},{"floor":11.0,"key":"PowerPotion"},{"floor":14.0,"key":"SteroidPotion"},{"floor":16,"key":"SteroidPotion"},{"floor":18,"key":"PowerPotion"},{"floor":20,"key":"Strength Potion"},{"floor":28,"key":"Dexterity Potion"},{"floor":33,"key":"ElixirPotion"}],"is_trial":false,"path_per_floor":["M","?","M","?","$","E","R","?","T","E","M","R","E","M","R","B",null,"M","?","M","$","M","R","E","?","T","M","M","E","M","T","R","B",null,"M","$","M","T","?","E","R","M","T","T","R","E","R","M","R","B",null],"character_chosen":"IRONCLAD","items_purchased":["Feel No Pain"],"campfire_rested":7,"item_purchase_floors":[36],"current_hp_per_floor":[80,73,77,80,80,64,64,46,46,25,25,49,29,30,54,18,65,59,59,65,65,71,80,63,63,63,69,62,60,62,62,62,16,64,71,71,36,36,44,39,63,58,58,58,80,32,56,64,80,63],"gold":487,"neow_bonus":"ONE_RARE_RELIC","is_daily":false,"chose_seed":false,"campfire_upgraded":1,"win_rate":0.0,"timestamp":1613392426,"path_taken":["M","?","M","?","?","E","R","?","T","E","M","R","E","M","R","BOSS","M","?","M","$","?","R","E","?","T","M","M","E","M","?","R","BOSS","M","$","M","?","?","E","R","?","T","?","R","E","R","M","R","BOSS"],"items_purchased_type":["Card"],"build_version":"2020-12-22","purchased_purges":2,"victory":true,"max_hp_per_floor":[80,80,80,80,80,80,80,80,80,80,80,80,80,80,80,80,80,80,80,80,80,80,80,80,80,80,80,80,80,80,80,80,80,80,80,80,80,80,80,80,80,80,80,80,80,80,80,80,80,80],"card_choices":[{"not_picked":["Clash","Thunderclap"],"picked":"Power Through","floor":1.0},{"not_picked":["Anger","Cleave"],"picked":"Shrug It Off","floor":3.0},{"not_picked":["Fiend Fire","Evolve"],"picked":"Flex","floor":6.0},{"not_picked":["Twin Strike","Perfected Strike"],"picked":"Burning Pact","floor":10.0},{"not_picked":["Havoc","Clash"],"picked":"Battle Trance","floor":11.0},{"not_picked":["Entrench","Perfected Strike"],"picked":"Inflame","floor":13.0},{"not_picked":["Havoc","Wild Strike","Intimidate"],"picked":"SKIP","floor":14.0},{"not_picked":["Feed","Double Tap"],"picked":"Impervious","floor":16},{"not_picked":["Thunderclap","Bloodletting"],"picked":"Pommel Strike+1","floor":18},{"not_picked":["Flame Barrier","Ghostly Armor"],"picked":"Inflame","floor":20},{"not_picked":["Clothesline","Armaments"],"picked":"Fire Breathing+1","floor":22},{"not_picked":["Clothesline","conspire:ExplosiveBarrier","Heavy Blade+1"],"picked":"SKIP","floor":24},{"not_picked":["Flex","Rampage"],"picked":"True Grit+1","floor":27},{"not_picked":["Flex","Wild Strike","Evolve"],"picked":"SKIP","floor":28},{"not_picked":["Rage+1","Twin Strike"],"picked":"Limit Break","floor":29},{"not_picked":["Thunderclap","True Grit","Blood for Blood"],"picked":"SKIP","floor":30},{"not_picked":["Limit Break","Brutality"],"picked":"Barricade","floor":33},{"not_picked":["Pommel Strike","Headbutt"],"picked":"Sentinel","floor":35},{"not_picked":["Headbutt","Warcry","Cleave"],"picked":"SKIP","floor":37},{"not_picked":["Pummel","Infernal Blade"],"picked":"Metallicize","floor":40},{"not_picked":["Heavy Blade+1","Armaments"],"picked":"Whirlwind","floor":42},{"not_picked":["Iron Wave+1","Barricade","Sword Boomerang+1"],"picked":"SKIP","floor":46},{"not_picked":["Wild Strike","Evolve+1"],"picked":"Seeing Red+1","floor":48}],"player_experience":315934,"relics_obtained":[{"floor":6.0,"key":"Unceasing Top"},{"floor":9.0,"key":"Matryoshka"},{"floor":10.0,"key":"Toy Ornithopter"},{"floor":13.0,"key":"Tiny Chest"},{"floor":24,"key":"Ancient Tea Set"},{"floor":26,"key":"Darkstone Periapt"},{"floor":26,"key":"Sundial"},{"floor":29,"key":"Ginger"},{"floor":31,"key":"Pen Nib"},{"floor":31,"key":"Blood Vial"},{"floor":38,"key":"Kunai"},{"floor":39,"key":"Mercury Hourglass"},{"floor":40,"key":"Ornamental Fan"},{"floor":43,"key":"Bronze Scales"},{"floor":44,"key":"Akabeko"},{"floor":46,"key":"Gremlin Horn"}],"event_choices":[{"cards_removed":["Strike_R"],"damage_healed":0.0,"max_hp_gain":0.0,"max_hp_loss":0.0,"gold_gain":0.0,"event_name":"Golden Wing","player_choice":"Card Removal","floor":2.0,"gold_loss":0.0,"damage_taken":7.0},{"damage_healed":20.0,"max_hp_gain":0.0,"max_hp_loss":0.0,"gold_gain":0.0,"event_name":"The Cleric","player_choice":"Healed","floor":4.0,"gold_loss":35.0,"damage_taken":0.0},{"damage_healed":0.0,"max_hp_gain":0.0,"max_hp_loss":0.0,"gold_gain":0.0,"event_name":"Scrap Ooze","player_choice":"Success","floor":8.0,"gold_loss":0.0,"damage_taken":18.0,"relics_obtained":["Ice Cream"]},{"cards_removed":["Strike_R"],"damage_healed":0,"gold_gain":0,"player_choice":"Upgrade and Remove","damage_taken":0,"max_hp_gain":0,"max_hp_loss":0,"event_name":"Designer","floor":19,"gold_loss":90,"cards_upgraded":["Defend_R"]},{"damage_healed":0,"gold_gain":0,"player_choice":"0 cards matched","damage_taken":0,"max_hp_gain":0,"max_hp_loss":0,"event_name":"Match and Keep!","floor":25,"gold_loss":0,"cards_obtained":[]}],"is_beta":false,"boss_relics":[{"not_picked":["SacredBark","Tiny House"],"picked":"Fusion Hammer"},{"not_picked":["Black Star","Mark of Pain"],"picked":"Sozu"}],"items_purged_floors":[21,36],"is_endless":false,"potions_floor_spawned":[1,11,14,16,18,20,28,30,33,37,42,48],"ascension_level":5}}