{"host":"niv6bi8ufjzyofbf","time":1613408079,"event":{"mods":["ATMod(∞¢Ë™Mod)","Act Like it!","BaseMod","Colored Powertips","Conspire","Gensokyo","Hermit","Mad Scientist","Marisa£®ÏF”Í°°ƒß¿Ì…≥£©","Minty Spire (QoL Compilation)","Quick Restart","Rare Cards Sparkle","Reimu£®≤©¿ˆ¡È√Œ£©","Relic Filter Mod","Reliquary","Replay The Spire","Shop Mod","Spicy Shops","StSLib","SuperFastMode","The Cursed","The Servant 0.9.4","Youmu£®ªÍ∆«—˝√Œ£©","°æ“≈ŒÔø®≈∆°øREMEMod","≤–¡Ù÷ÆŒÔ"],"gold_per_floor":[23333,21680,21780,20173,20298,20630,19763,19890,19914,19914,19933,19933,19947,19999,19999,20199,20199,20213,18835,18850,18866,18880,19008,19008,17918,17918,18044,18056,18056,18115,16973,16973,17201,17201,17223,17223,16064,16080,16107,16249,16363,16497,16497,16530,16548,16561,15406,15597,15597,15777],"floor_reached":51,"language":"ZHS","playtime":2641,"items_purged":["hermit:Defend_Hermit","hermit:Defend_Hermit","hermit:TakeAim","hermit:Strike_Hermit","hermit:Defend_Hermit","hermit:Defend_Hermit","hermit:Strike_Hermit","Normality"],"score":1362,"play_id":"f155efbb-1298-47fd-b83b-eb74305d814c","local_time":"20210216005439","is_ascension_mode":true,"campfire_choices":[{"floor":15,"key":"DIG"},{"floor":29,"key":"DIG"},{"floor":32,"key":"DIG"},{"floor":49,"key":"DIG"}],"circlet_count":0,"master_deck":["hermit:Strike_Hermit","hermit:Strike_Hermit","hermit:Snapshot","hermit:TakeAim","Mind Blast","hermit:BigShot","Apotheosis+1","hermit:CursedWeapon","hermit:Enervate","hermit:OverwhelmingPower+1","hermit:GoldenBullet+1","hermit:LuckOfTheDraw+1","hermit:RoundhouseKick+1","hermit:Combo+1","ReplayTheSpireMod:Private Reserves","Secret Technique","Pot Of Greed","Pot Of Greed"],"relics":["hermit:Momento","REME_ComplimentaryCards","AT_ATBox","NeowsBlessing","BargainBundle","hermit:RedScarf","reliquary:Boomerang","reliquary:Bookmark","Incense Burner","TungstenRod","MerchantsRug","Chemical X","Simple Rune","Lantern","PlaceholderMod:FlatBlood","Tiny Chest","AT_TheCollector","Smiling Mask","reliquary:Knoch","White Beast Statue","reliquary:WeakTea","Shovel","Dead Branch","Onion Ring","reliquary:PorcupineQuills","Pen Nib","AT_BellowingDragoncrestRing","conspire:Flyswatter","Vajra","conspire:RunicOctahedron","reliquary:BrokenClock","Mummified Hand","Replay:Accelerometer","Sling","AT_BellDemon","AT_ChloranthyRing","Bird Faced Urn","War Paint","ReplayFunnel","Calipers","conspire:TreasureMap","Dream Catcher","Strange Spoon","Happy Flower","REME_PuzzleBoxRelic","Bag of Marbles","Blue Doll","Ice Cream","REME_ArchaeologicalTools","Nunchaku","ReplayTheSpireMod:Lightbulb","Letter Opener","Frozen Eye","reliquary:SilkGlove","reliquary:HotPoker","Orrery","reliquary:Firecrackers","HornCleat","Replay:Bronze Core","Replay:Bottled Eggs","Guide Book","Eternal Feather","Centennial Puzzle","REME_CardOfGreed","Garlic","conspire:GlowingRock","Iron Hammer","Toy Ornithopter","Replay:Baseball","StoneCalendar","hermit:RyeStalk","Ancient Tea Set","Grinning Jar","Bag of Preparation","Mastiff:ReiMu","reliquary:RoseTintedGlasses","Lee\u0027s Waffle","AT_MibuBalloonWealth","hermit:CharredGlove","OrangePellets","Du-Vu Doll","reliquary:SharkskinSheath","AT_RedTearstoneRing","REME_HandOfSuture","reliquary:Aerogel"],"acts_visited":["Exordium","TheCity","TheBeyond"],"potions_floor_usage":[2,4,18,18],"damage_taken":[{"damage":0,"enemies":"conspire:RoseBush","floor":1,"turns":1},{"damage":0,"enemies":"conspire:MimicChest","floor":5,"turns":1},{"damage":0,"enemies":"3 Sentries","floor":6,"turns":2},{"damage":14,"enemies":"Replay:BlueRogue","floor":8,"turns":4},{"damage":1,"enemies":"Jaw Worm","floor":11,"turns":1},{"damage":0,"enemies":"2 Louse","floor":13,"turns":1},{"damage":5,"enemies":"The Guardian","floor":16,"turns":4},{"damage":3,"enemies":"conspire:FuzzyDice","floor":18,"turns":2},{"damage":7,"enemies":"3 Byrds","floor":20,"turns":3},{"damage":2,"enemies":"3 Cultists","floor":21,"turns":2},{"damage":1,"enemies":"Centurion and Healer","floor":22,"turns":1},{"damage":1,"enemies":"conspire:SneckoGhost","floor":23,"turns":1},{"damage":0,"enemies":"Slavers","floor":27,"turns":1},{"damage":0,"enemies":"Snecko","floor":28,"turns":1},{"damage":0,"enemies":"Snake Plant","floor":30,"turns":1},{"damage":3,"enemies":"Collector","floor":33,"turns":1},{"damage":1,"enemies":"Orb Walker","floor":35,"turns":1},{"damage":7,"enemies":"3 Shapes","floor":38,"turns":1},{"damage":1,"enemies":"R_Hoarder","floor":40,"turns":1},{"damage":52,"enemies":"Transient","floor":41,"turns":3},{"damage":1,"enemies":"Giant Head","floor":42,"turns":1},{"damage":2,"enemies":"Writhing Mass","floor":44,"turns":1},{"damage":1,"enemies":"Spire Growth","floor":45,"turns":1},{"damage":0,"enemies":"Jaw Worm Horde","floor":46,"turns":1},{"damage":0,"enemies":"R_Hoarder","floor":48,"turns":1},{"damage":2,"enemies":"Time Eater","floor":50,"turns":2}],"seed_played":"1051844903729501925","potions_obtained":[{"floor":1,"key":"Swift Potion"},{"floor":6,"key":"Explosive Potion"},{"floor":23,"key":"Elixir"}],"is_trial":false,"path_per_floor":["M","$","?","$","?","E","$","E","T","T","M","T","M","?","R","B",null,"M","$","M","M","M","E","?","$","T","E","M","R","M","$","R","B",null,"M","?","$","M","T","E","M","E","T","M","M","M","$","E","R","B",null],"character_chosen":"HERMIT","items_purchased":["BargainBundle","hermit:RedScarf","reliquary:Boomerang","reliquary:Bookmark","Incense Burner","TungstenRod","REME_GoldPotion","Toxic Potion","Strength Potion","hermit:TakeAim","Mind Blast","MerchantsRug","hermit:BigShot","Chemical X","Apotheosis","Simple Rune","Lantern","PlaceholderMod:FlatBlood","Tiny Chest","AT_TheCollector","hermit:Tonic","REME_GoldPotion","LifebloodPotion","White Beast Statue","reliquary:WeakTea","reliquary:FerryPass","Shovel","Adrenaline Potion","reliquary:BrokenClock","Mummified Hand","Replay:Accelerometer","Sling","AT_BellDemon","hermit:LuckOfTheDraw","hermit:RoundhouseKick","conspire:TreasureMap","Dream Catcher","Strange Spoon","Happy Flower","REME_PuzzleBoxRelic","ReplayTheSpireMod:Private Reserves","Secret Technique","ReplayTheSpireMod:Lightbulb","Letter Opener","Frozen Eye","reliquary:SilkGlove","reliquary:HotPoker","Orrery","Guide Book","Eternal Feather","Centennial Puzzle","REME_CardOfGreed","Garlic","conspire:GlowingRock","Energy Potion","Lee\u0027s Waffle","AT_MibuBalloonWealth","hermit:CharredGlove","OrangePellets","Du-Vu Doll","reliquary:SharkskinSheath"],"campfire_rested":0,"item_purchase_floors":[2,2,2,2,2,2,2,2,2,2,2,2,4,4,4,4,4,4,4,4,4,4,4,7,7,7,7,7,19,19,19,19,19,19,19,25,25,25,25,25,25,25,31,31,31,31,31,31,37,37,37,37,37,37,37,47,47,47,47,47,47],"current_hp_per_floor":[75,75,75,75,75,75,75,61,61,61,60,60,60,31,31,26,75,72,72,65,63,70,73,73,73,73,75,75,75,75,75,75,72,75,74,74,74,68,68,71,23,26,26,28,31,37,82,82,82,80],"gold":15777,"neow_bonus":"THREE_ENEMY_KILL","is_daily":false,"chose_seed":false,"campfire_upgraded":0,"win_rate":0.0,"timestamp":1613408079,"path_taken":["M","$","?","?","?","E","$","E","T","?","?","?","M","?","R","BOSS","M","$","M","M","M","E","?","$","T","E","M","R","M","$","R","BOSS","M","?","$","M","?","E","M","E","T","M","M","M","$","E","R","BOSS"],"items_purchased_type":["Relic","Relic","Relic","Relic","Relic","Relic","Potion","Potion","Potion","Card","Card","Relic","Card","Relic","Card","Relic","Relic","Relic","Relic","Relic","Potion","Potion","Potion","Relic","Relic","Relic","Relic","Potion","Relic","Relic","Relic","Relic","Relic","Card","Card","Relic","Relic","Relic","Relic","Relic","Card","Card","Relic","Relic","Relic","Relic","Relic","Relic","Relic","Relic","Relic","Relic","Relic","Relic","Potion","Relic","Relic","Relic","Relic","Relic","Relic"],"build_version":"2020-12-22","purchased_purges":8,"victory":true,"max_hp_per_floor":[75,75,75,75,75,75,75,75,75,75,75,75,75,75,75,75,75,75,75,75,75,75,75,75,75,75,75,75,75,75,75,75,75,75,75,75,75,75,75,75,75,75,75,75,75,75,82,82,82,82],"card_choices":[{"not_picked":["hermit:Cheat","hermit:Enervate"],"picked":"hermit:TakeAim","floor":1},{"not_picked":["hermit:Maintenance","hermit:TrackingShot"],"picked":"hermit:CursedWeapon","floor":6},{"not_picked":["hermit:Adapt","hermit:Coalescence","hermit:Roughhouse"],"picked":"SKIP","floor":8},{"not_picked":["hermit:WideOpen","hermit:ItchyTrigger","hermit:Feint"],"picked":"SKIP","floor":11},{"not_picked":["hermit:Roulette","hermit:Showdown"],"picked":"hermit:Enervate","floor":13},{"not_picked":["hermit:Magnum","hermit:FatalDesire"],"picked":"hermit:OverwhelmingPower","floor":16},{"not_picked":["hermit:HighCaliber","hermit:Desperado"],"picked":"hermit:GoldenBullet+1","floor":18},{"not_picked":["hermit:HighCaliber+1","hermit:LowProfile"],"picked":"hermit:Combo","floor":20},{"not_picked":["hermit:Virtue+1","hermit:Scavenge","hermit:Dive"],"picked":"SKIP","floor":21},{"not_picked":["hermit:BigShot","hermit:Snipe","hermit:Quickdraw"],"picked":"SKIP","floor":22},{"not_picked":["hermit:FatalDesire","hermit:Glare","hermit:LowProfile"],"picked":"SKIP","floor":23},{"not_picked":["hermit:GoldenBullet+1","hermit:FinalCanter","hermit:OverwhelmingPower"],"picked":"SKIP","floor":27},{"not_picked":["hermit:BodyArmor","hermit:WideOpen","hermit:BigShot"],"picked":"SKIP","floor":28},{"not_picked":["hermit:Feint","hermit:Manifest","hermit:Coalescence+1"],"picked":"SKIP","floor":30},{"not_picked":["hermit:Vantage","hermit:Manifest+1","hermit:Quickdraw"],"picked":"SKIP","floor":35},{"not_picked":["hermit:Misfire","hermit:Glare+1","hermit:Brawl+1"],"picked":"SKIP","floor":38},{"not_picked":["hermit:BodyArmor","hermit:FromBeyond","hermit:ItchyTrigger+1"],"picked":"SKIP","floor":40},{"not_picked":["hermit:LoneWolf","hermit:ItchyTrigger","hermit:Manifest+1"],"picked":"SKIP","floor":41},{"not_picked":["hermit:Magnum","hermit:GhostlyPresence+1","hermit:Feint"],"picked":"SKIP","floor":42},{"not_picked":["hermit:Headshot+1","hermit:Deadeye+1","hermit:Coalescence"],"picked":"SKIP","floor":44},{"not_picked":["hermit:CalledShot","hermit:HoleUp+1","hermit:Glare+1"],"picked":"SKIP","floor":45},{"not_picked":["hermit:Deadeye+1","hermit:CalledShot","hermit:NoHoldsBarred+1"],"picked":"SKIP","floor":46},{"not_picked":["hermit:Snipe+1","hermit:Roulette+1","hermit:Dive+1"],"picked":"SKIP","floor":48}],"player_experience":629957,"relics_obtained":[{"floor":5,"key":"Smiling Mask"},{"floor":6,"key":"reliquary:Knoch"},{"floor":8,"key":"Dead Branch"},{"floor":8,"key":"Onion Ring"},{"floor":9,"key":"reliquary:PorcupineQuills"},{"floor":10,"key":"Pen Nib"},{"floor":12,"key":"AT_BellowingDragoncrestRing"},{"floor":14,"key":"conspire:Flyswatter"},{"floor":15,"key":"Vajra"},{"floor":20,"key":"AT_ChloranthyRing"},{"floor":21,"key":"Bird Faced Urn"},{"floor":22,"key":"War Paint"},{"floor":23,"key":"ReplayFunnel"},{"floor":23,"key":"Calipers"},{"floor":26,"key":"Bag of Marbles"},{"floor":27,"key":"Blue Doll"},{"floor":27,"key":"Ice Cream"},{"floor":29,"key":"REME_ArchaeologicalTools"},{"floor":30,"key":"Nunchaku"},{"floor":32,"key":"reliquary:Firecrackers"},{"floor":33,"key":"HornCleat"},{"floor":35,"key":"Replay:Bottled Eggs"},{"floor":38,"key":"Iron Hammer"},{"floor":39,"key":"Toy Ornithopter"},{"floor":40,"key":"Replay:Baseball"},{"floor":40,"key":"StoneCalendar"},{"floor":41,"key":"hermit:RyeStalk"},{"floor":42,"key":"Ancient Tea Set"},{"floor":42,"key":"Grinning Jar"},{"floor":43,"key":"Bag of Preparation"},{"floor":44,"key":"Mastiff:ReiMu"},{"floor":46,"key":"reliquary:RoseTintedGlasses"},{"floor":48,"key":"AT_RedTearstoneRing"},{"floor":48,"key":"REME_HandOfSuture"},{"floor":49,"key":"reliquary:Aerogel"}],"event_choices":[{"damage_healed":0,"gold_gain":100,"player_choice":"Pray","damage_taken":0,"max_hp_gain":0,"max_hp_loss":0,"event_name":"Golden Shrine","floor":3,"gold_loss":0},{"damage_healed":0,"gold_gain":0,"player_choice":"Leave","damage_taken":0,"max_hp_gain":0,"max_hp_loss":0,"event_name":"conspire:Investor","floor":24,"gold_loss":0},{"damage_healed":0,"gold_gain":0,"player_choice":"Forge","damage_taken":0,"max_hp_gain":0,"max_hp_loss":0,"event_name":"Accursed Blacksmith","floor":36,"gold_loss":0,"cards_upgraded":["hermit:Combo"]}],"is_beta":false,"boss_relics":[{"not_picked":["AT_TrinityForce","conspire:RoyalGoblet"],"picked":"conspire:RunicOctahedron"},{"not_picked":["Runic Pyramid","Painkiller Herb"],"picked":"Replay:Bronze Core"}],"items_purged_floors":[2,2,4,7,19,19,25,37],"is_endless":false,"potions_floor_spawned":[1,6,8,11,13,16,18,20,21,22,23,27,28,30,33,35,38,40,41,42,44,45,46,48],"ascension_level":4}}