{"host":"vpaavrwbmey593fx","time":1613416950,"event":{"mods":["AchievementEnabler","BaseMod","Bestiary","Colored Map","Colored Powertips","DeckTracker","Minty Spire (QoL Compilation)","Relic Sorter"],"gold_per_floor":[111,122,140,215,226,226,240,270,295,295,279,279,309,52,52,152,152,120,120,137,137,156,156,181,181,207,306,306,306,318,16,16,16,16],"floor_reached":33,"language":"ENG","playtime":2205,"items_purged":["Defend_G"],"score":413,"play_id":"f7449de2-f6e7-48f5-9d95-739bc172db23","local_time":"20210215112230","is_ascension_mode":true,"campfire_choices":[{"data":"Noxious Fumes","floor":6,"key":"SMITH"},{"floor":10,"key":"REST"},{"floor":12,"key":"REST"},{"floor":15,"key":"REST"},{"floor":23,"key":"REST"},{"floor":25,"key":"REST"},{"data":"Catalyst","floor":29,"key":"SMITH"},{"data":"Doppelganger","floor":32,"key":"SMITH"}],"circlet_count":0,"master_deck":["AscendersBane","Strike_G","Strike_G","Strike_G","Defend_G","Defend_G","Defend_G","Defend_G","Survivor","Neutralize","Choke","Noxious Fumes+1","Catalyst+1","Night Terror","Dash","Doppelganger+1","Crippling Poison","Well Laid Plans+1","PiercingWail","Tools of the Trade+1","Catalyst","Footwork+1"],"relics":["Snecko Eye","Pen Nib","Lantern","Frozen Egg 2","Sozu","Bronze Scales","Toy Ornithopter","OrangePellets"],"acts_visited":["Exordium","TheCity"],"potions_floor_usage":[7,7,13,22],"damage_taken":[{"damage":6,"enemies":"Jaw Worm","floor":1,"turns":4},{"damage":0,"enemies":"Small Slimes","floor":2,"turns":3},{"damage":4,"enemies":"Cultist","floor":3,"turns":4},{"damage":3,"enemies":"3 Louse","floor":5,"turns":3},{"damage":8,"enemies":"Large Slime","floor":7,"turns":4},{"damage":28,"enemies":"Gremlin Nob","floor":8,"turns":5},{"damage":1,"enemies":"Exordium Thugs","floor":11,"turns":4},{"damage":20,"enemies":"3 Sentries","floor":13,"turns":6},{"damage":9,"enemies":"Hexaghost","floor":16,"turns":8},{"damage":29,"enemies":"2 Thieves","floor":18,"turns":5},{"damage":0,"enemies":"Spheric Guardian","floor":20,"turns":4},{"damage":12,"enemies":"3 Cultists","floor":22,"turns":5},{"damage":31,"enemies":"Gremlin Leader","floor":24,"turns":6},{"damage":0,"enemies":"Chosen and Byrds","floor":30,"turns":4},{"damage":45,"enemies":"Collector","floor":33,"turns":6}],"seed_played":"8252718943344311887","potions_obtained":[{"floor":1,"key":"AttackPotion"},{"floor":2,"key":"SpeedPotion"},{"floor":11,"key":"Swift Potion"},{"floor":16,"key":"CunningPotion"}],"is_trial":false,"path_per_floor":["M","M","M","?","M","R","M","E","T","R","M","R","E","$","R","B",null,"M","?","M","?","M","R","E","R","T","?","?","R","M","$","R","B"],"character_chosen":"THE_SILENT","items_purchased":["Frozen Egg 2","Footwork+1","OrangePellets"],"campfire_rested":5,"item_purchase_floors":[14,31,31],"current_hp_per_floor":[57,57,53,42,39,39,31,3,3,24,23,44,24,24,45,36,62,33,33,33,33,21,42,11,32,32,32,32,32,32,32,32,0,0],"gold":16,"neow_bonus":"BOSS_RELIC","is_daily":false,"chose_seed":false,"campfire_upgraded":3,"win_rate":0.0,"timestamp":1613416950,"path_taken":["M","M","M","?","M","R","M","E","T","R","M","R","E","$","R","BOSS","M","?","M","?","?","R","E","R","T","?","?","R","M","$","R","BOSS"],"items_purchased_type":["Relic","Card","Relic"],"build_version":"2020-12-22","purchased_purges":1,"victory":false,"max_hp_per_floor":[70,70,70,70,70,70,70,70,70,70,70,70,70,70,70,70,70,70,70,70,70,70,70,70,70,70,70,70,70,70,70,70,70,70],"card_choices":[{"not_picked":["Backstab","Dagger Throw"],"picked":"Choke","floor":1},{"not_picked":["Underhanded Strike","Skewer"],"picked":"Noxious Fumes","floor":2},{"not_picked":["Distraction","Prepared"],"picked":"Catalyst","floor":3},{"not_picked":["Poisoned Stab","Deadly Poison","Heel Hook"],"picked":"SKIP","floor":5},{"not_picked":["Flying Knee","Prepared","Dodge and Roll"],"picked":"SKIP","floor":7},{"not_picked":["Masterful Stab","Grand Finale"],"picked":"Night Terror","floor":8},{"not_picked":["Blade Dance","Dagger Spray","Infinite Blades"],"picked":"SKIP","floor":11},{"not_picked":["Dagger Spray","Phantasmal Killer"],"picked":"Dash","floor":13},{"not_picked":["Storm of Steel","Unload"],"picked":"Doppelganger","floor":16},{"not_picked":["Underhanded Strike+1","Heel Hook"],"picked":"Crippling Poison","floor":18},{"not_picked":["Dagger Throw+1","Outmaneuver"],"picked":"Well Laid Plans+1","floor":20},{"not_picked":["Sucker Punch","Cloak And Dagger","Dagger Spray"],"picked":"SKIP","floor":22},{"not_picked":["Concentrate","Skewer"],"picked":"PiercingWail","floor":24},{"not_picked":["Blade Dance+1","Deadly Poison","Flying Knee"],"picked":"SKIP","floor":30}],"player_experience":365590,"relics_obtained":[{"floor":8,"key":"Lantern"},{"floor":13,"key":"Pen Nib"},{"floor":24,"key":"Bronze Scales"},{"floor":26,"key":"Toy Ornithopter"}],"event_choices":[{"damage_healed":0,"gold_gain":75,"player_choice":"Gather Gold","damage_taken":11,"max_hp_gain":0,"max_hp_loss":0,"event_name":"World of Goop","floor":4,"gold_loss":0},{"damage_healed":0,"gold_gain":0,"player_choice":"Ignored","damage_taken":0,"max_hp_gain":0,"max_hp_loss":0,"event_name":"Ghosts","floor":19,"gold_loss":0},{"damage_healed":0,"gold_gain":0,"cards_transformed":["Strike_G"],"player_choice":"Transformed","damage_taken":0,"max_hp_gain":0,"max_hp_loss":0,"event_name":"Transmorgrifier","floor":21,"gold_loss":0,"cards_obtained":["Venomology"]},{"damage_healed":0,"gold_gain":99,"player_choice":"Stole From Cult","damage_taken":0,"max_hp_gain":0,"max_hp_loss":0,"event_name":"Nest","floor":27,"gold_loss":0},{"damage_healed":0,"gold_gain":0,"cards_transformed":["Venomology","Strike_G"],"player_choice":"Became Test Subject","damage_taken":0,"max_hp_gain":0,"max_hp_loss":0,"event_name":"Drug Dealer","floor":28,"gold_loss":0,"cards_obtained":["Tools of the Trade","Catalyst"]}],"is_beta":false,"boss_relics":[{"not_picked":["Coffee Dripper","Ectoplasm"],"picked":"Sozu"}],"items_purged_floors":[31],"is_endless":false,"potions_floor_spawned":[1,2,11,16,18],"killed_by":"Collector","ascension_level":10}}