{"host":"6jrnojxwearbrjzo","time":1613400159,"event":{"mods":["BaseMod","Conspire","Minty Spire (QoL Compilation)","MostiFishMod","Quick Restart","Random Character Button","Spicy Shops","StSLib","SuperFastMode","TestMod","The Servant 0.9.4","[功能]功能增强和修复MOD","篝火指南"],"gold_per_floor":[113,113,113,131,28,62,74,103,103,137,137,167,167,180,180,285,285,295,114,63,76,175,175,203,203,227,327,355,389,389,389,389,492,492,510,230,230,82,82,117,217,231,231,276,276,5,40,58,58,58],"floor_reached":51,"language":"ZHS","playtime":1335,"items_purged":[],"score":1694,"play_id":"4403f5fe-1698-4425-a5e2-3acc0280d9a5","local_time":"20210215224239","is_ascension_mode":true,"campfire_choices":[{"data":"Eruption","floor":11,"key":"SMITH"},{"data":"FlurryOfBlows","floor":13,"key":"SMITH"},{"data":"TalkToTheHand","floor":15,"key":"SMITH"},{"data":"Scrawl","floor":23,"key":"SMITH"},{"data":"Indignation","floor":25,"key":"SMITH"},{"data":"Weave","floor":30,"key":"SMITH"},{"data":"JustLucky","floor":32,"key":"SMITH"},{"data":"MostiFishMod:Kaleido","floor":49,"key":"SMITH"}],"circlet_count":0,"master_deck":["Eruption+1","FlurryOfBlows+1","JustLucky+1","Weave+1","ClearTheMind+1","MostiFishMod:Kaleido+1","CutThroughFate+1"],"relics":["DaveBox","testmod-TestBox","testmod-ThousandKnives","ShadowXiaoBlade","testmod-KeyOfTheVoid","SynthV:TestCard","Bag of Marbles","StrikeDummy","Pear","Omamori","Orichalcum","TimeKeys","Vajra","conspire:Flyswatter","testmod-TurbochargingSystem","testmod-Maize","Bottled Lightning","testmod-LifeArmor","Juzu Bracelet","Black Star","testmod-RandomTest","TheAbacus","Bottled Flame","ChiLing","Chi","Ling","Orrery","MealTicket","Mummified Hand","Molten Egg 2","conspire:Boomerang","WarpedTongs","TeardropLocket","Shuriken","Damaru","Dream Catcher"],"acts_visited":["Exordium","TheCity","TheBeyond"],"potions_floor_usage":[],"damage_taken":[{"damage":0,"enemies":"Cultist","floor":1,"turns":2},{"damage":7,"enemies":"Small Slimes","floor":4,"turns":2},{"damage":0,"enemies":"3 Sentries","floor":6,"turns":2},{"damage":4,"enemies":"2 Louse","floor":7,"turns":2},{"damage":0,"enemies":"Gremlin Nob","floor":8,"turns":2},{"damage":0,"enemies":"3 Sentries","floor":10,"turns":2},{"damage":0,"enemies":"Lagavulin","floor":12,"turns":1},{"damage":0,"enemies":"Looter","floor":14,"turns":1},{"damage":0,"enemies":"Hexaghost","floor":16,"turns":1},{"damage":0,"enemies":"Chosen","floor":18,"turns":1},{"damage":0,"enemies":"3 Byrds","floor":21,"turns":2},{"damage":0,"enemies":"Slavers","floor":24,"turns":1},{"damage":0,"enemies":"Colosseum Slavers","floor":27,"turns":1},{"damage":0,"enemies":"Colosseum Nobs","floor":27,"turns":1},{"damage":0,"enemies":"conspire:MimicChest","floor":28,"turns":1},{"damage":0,"enemies":"conspire:Head Lice","floor":29,"turns":1},{"damage":10,"enemies":"Champ","floor":33,"turns":2},{"damage":0,"enemies":"3 Darklings","floor":35,"turns":1},{"damage":9,"enemies":"Nemesis","floor":40,"turns":2},{"damage":1,"enemies":"3 Shapes","floor":42,"turns":1},{"damage":0,"enemies":"2 Orb Walkers","floor":44,"turns":1},{"damage":5,"enemies":"Giant Head","floor":47,"turns":2},{"damage":0,"enemies":"Transient","floor":48,"turns":1},{"damage":2,"enemies":"Donu and Deca","floor":50,"turns":2}],"seed_played":"3610170384254752020","potions_obtained":[{"floor":1,"key":"Swift Potion"},{"floor":4,"key":"Ancient Potion"},{"floor":6,"key":"Explosive Potion"},{"floor":7,"key":"StancePotion"}],"is_trial":false,"path_per_floor":["M","?","?","M","$","E","M","E","T","E","R","E","R","M","R","B",null,"M","$","$","M","?","R","E","R","T","?","?","E","R","?","R","B",null,"M","$","?","$","?","E","?","M","T","?","?","$","E","M","R","B",null],"character_chosen":"WATCHER","items_purchased":["Bag of Marbles","JustLucky","Vajra","InnerPeace","testmod-Dream","CutThroughFate","testmod-RandomTest","TheAbacus","Bottled Flame","ChiLing","Orrery","TeardropLocket","Shuriken","Halt"],"campfire_rested":0,"item_purchase_floors":[5,5,19,19,19,20,36,36,36,38,38,46,46,46],"current_hp_per_floor":[65,65,65,58,58,58,54,64,64,64,64,64,64,66,66,68,79,81,81,81,82,82,82,82,82,82,82,82,82,82,82,82,72,80,80,80,70,70,70,61,61,60,60,60,60,75,70,70,70,68],"gold":58,"neow_bonus":"BOSS_RELIC","is_daily":false,"chose_seed":false,"campfire_upgraded":8,"win_rate":0.0,"timestamp":1613400159,"path_taken":["M","?","?","?","$","E","?","E","T","E","R","E","R","M","R","BOSS","M","?","$","?","?","R","E","R","T","?","?","E","R","?","R","BOSS","M","$","?","$","?","E","?","M","T","?","?","?","E","M","R","BOSS"],"items_purchased_type":["Relic","Card","Relic","Card","Card","Card","Relic","Relic","Relic","Relic","Relic","Relic","Relic","Card"],"build_version":"2020-12-22","purchased_purges":0,"victory":true,"max_hp_per_floor":[72,72,72,72,72,72,72,82,82,82,82,82,82,82,82,82,82,82,82,82,82,82,82,82,82,82,82,82,82,82,82,82,82,82,82,82,82,82,82,82,82,82,82,82,82,82,82,82,82,82],"card_choices":[{"not_picked":["Swivel","JustLucky"],"picked":"FlurryOfBlows","floor":1},{"not_picked":["Crescendo","Vengeance","Wireheading","MostiFishMod:StarHerder"],"picked":"CutThroughFate","floor":4},{"not_picked":["DeceiveReality","ConjureBlade","WindmillStrike","ReachHeaven"],"picked":"Indignation","floor":6},{"not_picked":["Evaluate","BattleHymn","ThirdEye","Consecrate"],"picked":"TalkToTheHand","floor":7},{"not_picked":["ThirdEye","WindmillStrike","Protect","MostiFishMod:Adaptation"],"picked":"Weave","floor":8},{"not_picked":["EmptyFist","FlurryOfBlows","BowlingBash","ReachHeaven","PathToVictory"],"picked":"SKIP","floor":10},{"not_picked":["Protect","ReachHeaven","MostiFishMod:Moonprays","CutThroughFate","WaveOfTheHand"],"picked":"SKIP","floor":12},{"not_picked":["Sanctity","EmptyFist","ForeignInfluence","PathToVictory"],"picked":"Consecrate","floor":14},{"not_picked":["Judgement","ConjureBlade","MostiFishMod:KamiSmash","Ragnarok"],"picked":"Scrawl","floor":16},{"not_picked":["SashWhip+1","CrushJoints+1","ThirdEye+1","Nirvana+1"],"picked":"Fasting2+1","floor":18},{"not_picked":["EmptyFist+1","ForeignInfluence","WreathOfFlame","Conclude"],"picked":"FlurryOfBlows","floor":21},{"not_picked":["ReachHeaven","WheelKick+1","Nirvana","EmptyBody"],"picked":"FlurryOfBlows","floor":24},{"not_picked":["FollowUp+1","Consecrate+1","MostiFishMod:ScryFuture+1","Prostrate"],"picked":"ClearTheMind+1","floor":27},{"not_picked":["SashWhip","Evaluate+1","FollowUp","Meditate"],"picked":"Crescendo","floor":28},{"not_picked":["PathToVictory","MasterReality","ReachHeaven+1","MostiFishMod:StarHerder"],"picked":"JustLucky+1","floor":29},{"not_picked":["MostiFishMod:Pointsdynamics","DevaForm","MostiFishMod:OutWit","Alpha"],"picked":"DeusExMachina","floor":33},{"not_picked":["FlyingSleeves","Protect+1","MostiFishMod:Speedup","Prostrate"],"picked":"Fasting2+1","floor":35},{"not_picked":["ClearTheMind+1","JustLucky","SignatureMove","CarveReality+1"],"picked":"FlurryOfBlows+1","floor":38},{"not_picked":["MostiFishMod:Unraveling","Pray","BowlingBash","MostiFishMod:Disappear"],"picked":"Consecrate+1","floor":38},{"not_picked":["Swivel+1","Pray","CutThroughFate","Crescendo"],"picked":"MostiFishMod:FlowState","floor":38},{"not_picked":["TalkToTheHand","Nirvana+1","ThirdEye+1","WaveOfTheHand"],"picked":"CutThroughFate+1","floor":38},{"not_picked":["SandsOfTime","EmptyBody","BowlingBash+1","CutThroughFate"],"picked":"Crescendo+1","floor":38},{"not_picked":["testmod-ConditionedReflex","Good Instincts","testmod-Automaton","testmod-EternalityOfKhronos"],"picked":"MostiFishMod:Kaleido","floor":39},{"not_picked":["BowlingBash","PathToVictory+1","Halt","Tantrum"],"picked":"Crescendo+1","floor":40},{"not_picked":["EmptyBody","Fasting2+1","MostiFishMod:ScryFuture+1","Evaluate"],"picked":"Halt","floor":42},{"not_picked":["MostiFishMod:Speedup","MostiFishMod:PathToVictory","ThirdEye+1","EmptyBody"],"picked":"FearNoEvil+1","floor":44},{"not_picked":["ThirdEye","EmptyBody","MostiFishMod:Disappear+1","MostiFishMod:Speedup"],"picked":"Halt+1","floor":47},{"not_picked":["MostiFishMod:PathToVictory+1","Nirvana+1","CarveReality+1","Tantrum+1"],"picked":"CutThroughFate+1","floor":48}],"player_experience":149289,"relics_obtained":[{"floor":1,"key":"SynthV:TestCard"},{"floor":6,"key":"StrikeDummy"},{"floor":8,"key":"Pear"},{"floor":9,"key":"Omamori"},{"floor":10,"key":"Orichalcum"},{"floor":12,"key":"Blood Vial"},{"floor":24,"key":"conspire:Flyswatter"},{"floor":26,"key":"testmod-TurbochargingSystem"},{"floor":27,"key":"testmod-Maize"},{"floor":27,"key":"Bottled Lightning"},{"floor":28,"key":"testmod-LifeArmor"},{"floor":29,"key":"Juzu Bracelet"},{"floor":40,"key":"MealTicket"},{"floor":40,"key":"Mummified Hand"},{"floor":43,"key":"Molten Egg 2"},{"floor":44,"key":"conspire:Boomerang"},{"floor":47,"key":"Damaru"},{"floor":47,"key":"Dream Catcher"}],"event_choices":[{"damage_healed":0,"gold_gain":0,"player_choice":"Leave","damage_taken":0,"max_hp_gain":0,"max_hp_loss":0,"event_name":"The Cleric","floor":2,"gold_loss":0},{"damage_healed":0,"gold_gain":0,"player_choice":"Bought 0 Potions","damage_taken":0,"max_hp_gain":0,"max_hp_loss":0,"event_name":"The Woman in Blue","floor":3,"gold_loss":0},{"damage_healed":0,"gold_gain":99,"player_choice":"Stole From Cult","damage_taken":0,"max_hp_gain":0,"max_hp_loss":0,"event_name":"Nest","floor":22,"gold_loss":0},{"damage_healed":0,"gold_gain":0,"player_choice":"Fight","damage_taken":0,"max_hp_gain":0,"max_hp_loss":0,"event_name":"Colosseum","floor":27,"gold_loss":0},{"damage_healed":0,"gold_gain":0,"player_choice":"Fought Nobs","damage_taken":0,"max_hp_gain":0,"max_hp_loss":0,"event_name":"Colosseum","floor":27,"gold_loss":0},{"damage_healed":0,"gold_gain":0,"player_choice":"Became a vampire (Vial)","damage_taken":0,"max_hp_gain":0,"max_hp_loss":0,"event_name":"Vampires","floor":31,"relics_lost":["Blood Vial"],"gold_loss":0,"cards_obtained":["Bite","Bite","Bite","Bite","Bite"]},{"damage_healed":0,"gold_gain":0,"player_choice":"Embrace Madness","damage_taken":10,"max_hp_gain":0,"max_hp_loss":0,"event_name":"Winding Halls","floor":37,"gold_loss":0,"cards_obtained":["Madness","Madness"]},{"damage_healed":0,"gold_gain":0,"player_choice":"Memory 1","damage_taken":0,"max_hp_gain":0,"max_hp_loss":0,"event_name":"SensoryStone","floor":39,"gold_loss":0},{"damage_healed":0,"gold_gain":100,"player_choice":"Pray","damage_taken":0,"max_hp_gain":0,"max_hp_loss":0,"event_name":"Golden Shrine","floor":41,"gold_loss":0},{"damage_healed":0,"gold_gain":0,"player_choice":"Fight","damage_taken":0,"max_hp_gain":0,"max_hp_loss":0,"event_name":"Mysterious Sphere","floor":44,"gold_loss":0},{"damage_healed":0,"gold_gain":0,"player_choice":"Rummage","damage_taken":0,"relics_obtained":["WarpedTongs"],"max_hp_gain":0,"max_hp_loss":0,"event_name":"Accursed Blacksmith","floor":45,"gold_loss":0,"cards_obtained":["Pain"]}],"is_beta":false,"boss_relics":[{"not_picked":["FixedStarFall","Sozu"],"picked":"TimeKeys"},{"not_picked":["SacredBark","conspire:RunicOctahedron"],"picked":"Black Star"}],"items_purged_floors":[],"is_endless":false,"potions_floor_spawned":[1,4,6,7,8,10,10,16,18,21,21,24,29,33,35,40,42,42,48],"ascension_level":9}}