{"host":"v4tuy5ykrbdcm9o9","time":1613358373,"event":{"mods":["BaseMod","Duelist Mod","Minty Spire (QoL Compilation)","Replay The Spire","StSLib"],"gold_per_floor":[212,212,212,6,19,51,51,84,110,110,137,212,230,230,230,335,335,346,12,30,30,30,61,61,71,71,97,112,144,162,193,193,297,297,316,336,347,13,49,49,104,187,187,187,187,230,296,319,319,343,343],"floor_reached":50,"language":"ENG","playtime":5135,"items_purged":[],"score":946,"play_id":"c98df218-2513-44dd-812a-472ca5a04954","local_time":"20210214220612","is_ascension_mode":true,"campfire_choices":[{"floor":7,"key":"REST"},{"floor":10,"key":"RECALL"},{"floor":15,"key":"REST"},{"floor":24,"key":"REST"},{"floor":32,"key":"REST"},{"floor":40,"key":"REST"},{"floor":45,"key":"REST"},{"floor":49,"key":"REST"}],"circlet_count":0,"master_deck":["Strike_P+1","Strike_P+1","Strike_P+1","Defend_P+1","Defend_P+1","Defend_P+1","Eruption","Vigilance","EmptyBody+1","ThirdEye+1","FollowUp","Vengeance","SandsOfTime","WaveOfTheHand+1","Collect+1","ForeignInfluence","Steam","LessonLearned","CutThroughFate+1","Weave+1","Replay:ManipulateFuture","Replay:ManipulateFuture","SignatureMove+1","CommonCold","Alpha","JustLucky+1","EmptyBody","Consecrate+1","WindmillStrike","FollowUp","EmptyFist","Judgement","Collect+1","ThirdEye+1","CrushJoints+1","Consecrate+1","CarveReality+1","CarveReality+1","Parasite","EmptyFist","Indignation+1","Pot Of Greed","Pot Of Greed","Pot Of Greed","Pot Of Greed"],"relics":["PureWater","Centennial Puzzle","Regal Pillow","Bronze Scales","Bag of Marbles","Boot","Blue Doll","SlaversCollar","ReplayTheSpireMod:Ninjato","Ring of Panic","Tiny Chest","Red Mask","Strawberry","Frozen Egg 2","Busted Crown","Replay:Bandana","Oddly Smooth Stone","Gambling Chip","Darkstone Periapt","Pantograph","Replay:Bottled Eggs","Grinning Jar"],"acts_visited":["Exordium","TheCity","TheBeyond"],"potions_floor_usage":[11,16,23,27,30,33,36,39,39,42,47],"damage_taken":[{"damage":3,"enemies":"Jaw Worm","floor":1,"turns":4},{"damage":0,"enemies":"Small Slimes","floor":5,"turns":3},{"damage":14,"enemies":"Replay:BlueRogue","floor":6,"turns":10},{"damage":20,"enemies":"Lagavulin","floor":8,"turns":6},{"damage":0,"enemies":"Replay:BlueRogue","floor":11,"turns":3},{"damage":0,"enemies":"2 Louse","floor":13,"turns":1},{"damage":50,"enemies":"Slime Boss","floor":16,"turns":7},{"damage":5,"enemies":"2 Thieves","floor":18,"turns":4},{"damage":15,"enemies":"Spheric Guardian","floor":20,"turns":4},{"damage":6,"enemies":"theDuelist:KaibaA2","floor":23,"turns":3},{"damage":0,"enemies":"Snake Plant","floor":25,"turns":2},{"damage":18,"enemies":"Masked Bandits","floor":27,"turns":4},{"damage":39,"enemies":"3 Cultists","floor":28,"turns":4},{"damage":10,"enemies":"Slavers","floor":29,"turns":4},{"damage":0,"enemies":"Shelled Parasite and Fungi","floor":30,"turns":2},{"damage":6,"enemies":"theDuelist:KaibaA2","floor":31,"turns":4},{"damage":18,"enemies":"Automaton","floor":33,"turns":6},{"damage":12,"enemies":"Orb Walker","floor":35,"turns":2},{"damage":6,"enemies":"3 Shapes","floor":36,"turns":6},{"damage":39,"enemies":"Transient","floor":37,"turns":5},{"damage":1,"enemies":"Writhing Mass","floor":39,"turns":6},{"damage":1,"enemies":"Nemesis","floor":41,"turns":3},{"damage":33,"enemies":"2 Orb Walkers","floor":42,"turns":4},{"damage":7,"enemies":"3 Darklings","floor":46,"turns":4},{"damage":6,"enemies":"Giant Head","floor":47,"turns":4},{"damage":92,"enemies":"Replay:Hell Engine","floor":50,"turns":4}],"seed_played":"-6549315092386844418","potions_obtained":[{"floor":8,"key":"DistilledChaos"},{"floor":13,"key":"GamblersBrew"},{"floor":20,"key":"FearPotion"},{"floor":23,"key":"SteroidPotion"},{"floor":28,"key":"Reflective Coating"},{"floor":31,"key":"Dexterity Potion"},{"floor":35,"key":"SkillPotion"},{"floor":39,"key":"PowerPotion"},{"floor":42,"key":"Weak Potion"}],"is_trial":false,"path_per_floor":["M","?","?","$","M","E","R","E","T","R","E","?","M","?","R","B",null,"M","$","M","?","?","E","R","M","T","?","M","E","M","E","R","B",null,"M","M","M","$","M","R","E","?","T","T","R","M","E","T","R","B"],"character_chosen":"WATCHER","items_purchased":["Regal Pillow","ThirdEye","ReplayTheSpireMod:Ninjato","Weave+1","Replay:ManipulateFuture","Consecrate+1","SkillPotion","Block Potion","CarveReality","Replay:Bandana"],"campfire_rested":7,"item_purchase_floors":[4,4,19,19,19,38,38,38,38,38],"current_hp_per_floor":[62,55,55,55,55,41,72,52,52,52,52,41,41,41,72,22,60,55,55,40,40,40,34,70,70,70,52,13,10,10,4,42,24,65,53,47,8,8,7,45,44,11,11,11,49,42,36,36,74,0,0],"gold":343,"neow_bonus":"HUNDRED_GOLD","is_daily":false,"chose_seed":false,"campfire_upgraded":0,"win_rate":0.0,"timestamp":1613358372,"path_taken":["M","?","?","$","M","E","R","E","T","R","E","?","M","?","R","BOSS","M","$","M","?","?","E","R","M","T","?","M","E","M","E","R","BOSS","M","M","M","$","M","R","E","?","T","?","R","M","E","?","R","BOSS"],"items_purchased_type":["Relic","Card","Relic","Card","Card","Card","Potion","Potion","Card","Relic"],"build_version":"2020-12-22","purchased_purges":0,"victory":false,"max_hp_per_floor":[72,72,72,72,72,72,72,72,72,72,72,72,72,72,72,72,72,72,72,72,72,72,72,72,72,72,72,72,79,79,79,79,79,79,79,79,79,79,79,79,79,79,79,79,79,79,79,79,79,79,79],"card_choices":[{"not_picked":["ClearTheMind","Protect"],"picked":"EmptyBody","floor":1},{"not_picked":["FlurryOfBlows","Protect"],"picked":"FollowUp","floor":5},{"not_picked":["Prostrate","Crescendo"],"picked":"Vengeance","floor":6},{"not_picked":["Collect","Establishment"],"picked":"SandsOfTime","floor":8},{"not_picked":["Halt","Sanctity"],"picked":"WaveOfTheHand","floor":11},{"not_picked":["CrushJoints","FlurryOfBlows"],"picked":"Collect","floor":13},{"not_picked":["SpiritShield","Wish"],"picked":"LessonLearned","floor":16},{"not_picked":["Perseverance","Replay:BluntJabs"],"picked":"CutThroughFate","floor":18},{"not_picked":["Indignation","Vengeance+1"],"picked":"SignatureMove+1","floor":20},{"not_picked":["LikeWater+1","Replay:Vibes"],"picked":"Alpha","floor":23},{"not_picked":["ClearTheMind","SashWhip"],"picked":"JustLucky","floor":25},{"not_picked":["Replay:AtTheReady","BowlingBash"],"picked":"EmptyBody","floor":27},{"not_picked":["Replay:DivineShield+1","Replay:Hum"],"picked":"Consecrate+1","floor":28},{"not_picked":["ReachHeaven","ThirdEye"],"picked":"WindmillStrike","floor":29},{"not_picked":["BowlingBash+1","Replay:Battleflow"],"picked":"FollowUp","floor":30},{"not_picked":["Worship","Replay:ManipulateFuture"],"picked":"EmptyFist","floor":31},{"not_picked":["Brilliance","DevaForm+1"],"picked":"Judgement","floor":33},{"not_picked":[],"picked":"Collect+1","floor":35},{"not_picked":[],"picked":"ThirdEye+1","floor":36},{"not_picked":[],"picked":"CrushJoints+1","floor":37},{"not_picked":["Sanctity+1"],"picked":"SKIP","floor":39},{"not_picked":[],"picked":"EmptyFist","floor":41},{"not_picked":["EmptyFist"],"picked":"SKIP","floor":46},{"not_picked":[],"picked":"Indignation+1","floor":47}],"player_experience":879240,"relics_obtained":[{"floor":6,"key":"Bronze Scales"},{"floor":8,"key":"Bag of Marbles"},{"floor":9,"key":"Boot"},{"floor":11,"key":"Blue Doll"},{"floor":22,"key":"Ring of Panic"},{"floor":23,"key":"Tiny Chest"},{"floor":27,"key":"Red Mask"},{"floor":29,"key":"Strawberry"},{"floor":31,"key":"Frozen Egg 2"},{"floor":41,"key":"Oddly Smooth Stone"},{"floor":42,"key":"Gambling Chip"},{"floor":43,"key":"Darkstone Periapt"},{"floor":44,"key":"Pantograph"},{"floor":47,"key":"Replay:Bottled Eggs"},{"floor":48,"key":"Grinning Jar"}],"event_choices":[{"damage_healed":0,"gold_gain":0,"player_choice":"Success","damage_taken":7,"relics_obtained":["Centennial Puzzle"],"max_hp_gain":0,"max_hp_loss":0,"event_name":"Scrap Ooze","floor":2,"gold_loss":0},{"damage_healed":0,"gold_gain":0,"player_choice":"Ignored","damage_taken":0,"max_hp_gain":0,"max_hp_loss":0,"event_name":"Golden Wing","floor":3,"gold_loss":0},{"damage_healed":0,"gold_gain":75,"player_choice":"Gather Gold","damage_taken":11,"max_hp_gain":0,"max_hp_loss":0,"event_name":"World of Goop","floor":12,"gold_loss":0},{"damage_healed":0,"gold_gain":0,"player_choice":"Simplicity","damage_taken":0,"max_hp_gain":0,"max_hp_loss":0,"event_name":"Back to Basics","floor":21,"gold_loss":0,"cards_upgraded":["Strike_P","Strike_P","Strike_P","Defend_P","Defend_P"]},{"damage_healed":0,"gold_gain":0,"player_choice":"Fought Bandits","damage_taken":0,"max_hp_gain":0,"max_hp_loss":0,"event_name":"Masked Bandits","floor":27,"gold_loss":0},{"damage_healed":0,"gold_gain":0,"player_choice":"Fight","damage_taken":0,"max_hp_gain":0,"max_hp_loss":0,"event_name":"Mysterious Sphere","floor":42,"gold_loss":0}],"is_beta":false,"boss_relics":[{"not_picked":["Fusion Hammer","Replay:Ancient Bell"],"picked":"SlaversCollar"},{"not_picked":["Replay:Wanted Poster","Runic Pyramid"],"picked":"Busted Crown"}],"items_purged_floors":[],"is_endless":false,"potions_floor_spawned":[8,13,20,23,28,31,35,39,42],"killed_by":"Replay:Hell Engine","ascension_level":9}}