{"host":"pgm1p3lvdjflie30","time":1613355760,"event":{"mods":["AchievementEnabler","Act Like it!","Alarm Clock","Aspiration","BaseMod","Better-Laid Plans","Bossed Relics","Challenge The Spire","Colored Map","Colored Powertips","Conspire","Dark Map","Downfall","Energized Spire","Gensokyo","GungeonMod","Hallownest","Hermit","HornydragonMod","Jedi Mod","Minty Spire (QoL Compilation)","Pale of the Ancients","Quarter Circle Forward PUNCH!","Quick Restart","Reimu（博???）","Relic Stats","Reliquary","Replay The Spire","Robot Space Explorer","Spicy Shops","StSLib","The Blackbeard","The Bug Knight","The Cursed","The Hayseed","The IronCluck","The Jungle","The Marked","The Runesmith","Waifu the Spire","Yakumo Yukari mod","【功能Mod】混沌之?修复?丁","篝火指南"],"gold_per_floor":[347,347,347,363,17,17,17,30,30,41,216,216,216,231,231,333,333,350,365,365,365,365],"floor_reached":21,"language":"ZHS","playtime":799,"items_purged":[],"score":194,"play_id":"758fd8fc-887a-4135-bb73-b2c6e000a190","local_time":"20210215102240","is_ascension_mode":false,"campfire_choices":[{"data":"conspire:Banana","floor":6,"key":"SMITH"},{"data":"theMarked:KeepCalmAndFight","floor":12,"key":"SMITH"},{"data":"theMarked:BanishingWave","floor":15,"key":"SMITH"}],"circlet_count":0,"master_deck":["theMarked:Strike","theMarked:Strike","theMarked:Strike","theMarked:Strike","theMarked:Strike","theMarked:Defend","theMarked:Defend","theMarked:Defend","theMarked:Defend","theMarked:SoldierOfQuellstein","theMarked:ParalyzingBlade","theMarked:OneWithTheBlade","conspire:Banana+1","theMarked:KeepCalmAndFight+1","theMarked:TurnInvisible","theMarked:BanishingWave+1","Doubt","theMarked:BanishingStrike","theMarked:EternalStudent+1","theMarked:EmpowerWeapon","theMarked:Static+1"],"relics":["theMarked:ArtifactOfAir"],"acts_visited":["Exordium","TheCity"],"potions_floor_usage":[18,18,18,21],"damage_taken":[{"damage":8,"enemies":"Jaw Worm","floor":1,"turns":3},{"damage":1,"enemies":"2 Louse","floor":4,"turns":3},{"damage":0,"enemies":"Cultist","floor":8,"turns":3},{"damage":5,"enemies":"2 Fungi Beasts","floor":10,"turns":2},{"damage":0,"enemies":"3 Louse","floor":14,"turns":2},{"damage":37,"enemies":"Slime Boss","floor":16,"turns":9},{"damage":28,"enemies":"Shell Parasite","floor":18,"turns":5},{"damage":55,"enemies":"3 Byrds","floor":19,"turns":6},{"damage":6,"enemies":"3 Cultists","floor":21,"turns":2}],"seed_played":"-5140684031098247804","potions_obtained":[{"floor":1,"key":"Explosive Potion"},{"floor":14,"key":"Energy Potion"},{"floor":16,"key":"SpeedPotion"},{"floor":18,"key":"Strength Potion"}],"is_trial":false,"path_per_floor":["M","?","?","M","$","R","T","M","T","M","?","R","?","M","R","B",null,"M","M","?","M"],"character_chosen":"THE_DEFAULT","items_purchased":["conspire:Banana","theMarked:KeepCalmAndFight"],"campfire_rested":0,"item_purchase_floors":[5,5],"current_hp_per_floor":[62,67,67,66,66,66,66,68,68,65,65,65,65,67,67,34,85,59,6,6,0,0],"gold":365,"neow_bonus":"TWO_FIFTY_GOLD","is_daily":false,"chose_seed":false,"campfire_upgraded":3,"win_rate":0.0,"timestamp":1613355760,"path_taken":["M","?","?","M","$","R","?","?","T","M","?","R","?","M","R","BOSS","M","M","?","?"],"items_purchased_type":["Card","Card"],"build_version":"2020-12-22","purchased_purges":0,"victory":false,"max_hp_per_floor":[70,75,75,75,75,75,75,77,77,79,79,79,79,81,81,85,85,87,89,89,89,89],"relic_stats":{"counters":[9,35],"obtain_stats":[{"theMarked:ArtifactOfAir":0,"DemoMod:GlassGuonStoneRelic":1},{"theMarked:ArtifactOfAir":0,"DemoMod:GlassGuonStoneRelic":1},{"theMarked:ArtifactOfAir":0,"DemoMod:GlassGuonStoneRelic":3}]},"card_choices":[{"not_picked":["theMarked:TwofoldDefense","theMarked:ChainLightning"],"picked":"theMarked:ParalyzingBlade","floor":1},{"not_picked":["theMarked:Polarize","theMarked:Panic"],"picked":"theMarked:OneWithTheBlade","floor":4},{"not_picked":["theMarked:Frustration","theMarked:LightningStrikesTwice"],"picked":"theMarked:TurnInvisible","floor":8},{"not_picked":["theMarked:WardOff","theMarked:HeightenedSenses"],"picked":"theMarked:BanishingWave","floor":10},{"not_picked":["theMarked:TunnelVision","theMarked:Reabsorb"],"picked":"theMarked:BanishingStrike","floor":14},{"not_picked":["theMarked:TakeOffHeels","theMarked:Levitate"],"picked":"theMarked:EternalStudent","floor":16},{"not_picked":["theMarked:Improvise","theMarked:WardOff"],"picked":"theMarked:EmpowerWeapon","floor":18},{"not_picked":["theMarked:BanishingWave","theMarked:HeightenedSenses"],"picked":"theMarked:Static+1","floor":19}],"player_experience":544651,"relics_obtained":[],"event_choices":[{"damage_healed":0,"gold_gain":0,"player_choice":"Donut","damage_taken":0,"max_hp_gain":5,"max_hp_loss":0,"event_name":"Big Fish","floor":2,"gold_loss":0},{"cards_removed":["Poor:ReiMu"],"damage_healed":0,"gold_gain":0,"player_choice":"Forget","damage_taken":0,"max_hp_gain":0,"max_hp_loss":0,"event_name":"Living Wall","floor":3,"gold_loss":0},{"damage_healed":0,"gold_gain":175,"player_choice":"AGREE","damage_taken":0,"max_hp_gain":0,"max_hp_loss":0,"event_name":"Liars Game","floor":11,"gold_loss":0,"cards_obtained":["Doubt"]},{"damage_healed":0,"gold_gain":0,"player_choice":"Forge","damage_taken":0,"max_hp_gain":0,"max_hp_loss":0,"event_name":"Accursed Blacksmith","floor":20,"gold_loss":0,"cards_upgraded":["theMarked:EternalStudent"]}],"is_beta":false,"boss_relics":[{"not_picked":["qcfpunch:Crimson_Sash","energizedSpire:SpiderWeb","Snecko Eye"]}],"items_purged_floors":[],"is_endless":false,"potions_floor_spawned":[1,14,16,18],"killed_by":"3 Cultists","ascension_level":0}}