{"host":"4nv61ujg37lx5d7m","time":1613362631,"event":{"mods":["BaseMod","Minty Spire (QoL Compilation)"],"gold_per_floor":[109,119,133,55,67,94,94,108,108,108,108,120,141,166,166,269,269,280,280,293,293,304,304,319,647,647,70,84,110,127,27,27,27,27],"floor_reached":33,"language":"ZHS","playtime":1982,"items_purged":["Strike_B","Strike_B"],"score":299,"play_id":"a39eea38-b72d-4a85-81e5-b94fad4f36f9","local_time":"20210215121711","is_ascension_mode":false,"campfire_choices":[{"data":"Doom and Gloom","floor":7.0,"key":"SMITH"},{"floor":15.0,"key":"REST"},{"data":"Loop","floor":23.0,"key":"SMITH"},{"data":"Double Energy","floor":32.0,"key":"SMITH"}],"circlet_count":0,"master_deck":["Defend_B","Defend_B","Defend_B","Zap","Dualcast","Self Repair","Redo","Static Discharge","Loop+1","Force Field","Doom and Gloom+1","Ball Lightning","Glacier","Skim","Storm","Loop","Amplify","Compile Driver+1","Cold Snap","White Noise+1","Cold Snap+1","Hologram+1","White Noise","Double Energy+1","Steam Power","Self Repair","Conserve Battery"],"relics":["Cracked Core","Blood Vial","Strawberry","Odd Mushroom","Bag of Marbles","Black Star","Gremlin Horn","Old Coin","Orichalcum","Eternal Feather","Gambling Chip","PreservedInsect","Ancient Tea Set","MealTicket"],"acts_visited":["TheCity"],"potions_floor_usage":[],"damage_taken":[{"damage":1.0,"enemies":"Jaw Worm","floor":1.0,"turns":3.0},{"damage":1.0,"enemies":"2 Louse","floor":2.0,"turns":2.0},{"damage":1.0,"enemies":"Cultist","floor":3.0,"turns":3.0},{"damage":0.0,"enemies":"Large Slime","floor":5.0,"turns":5.0},{"damage":34.0,"enemies":"Gremlin Nob","floor":6.0,"turns":4.0},{"damage":7.0,"enemies":"3 Louse","floor":8.0,"turns":2.0},{"damage":6.0,"enemies":"Lots of Slimes","floor":12.0,"turns":3.0},{"damage":25.0,"enemies":"The Mushroom Lair","floor":13.0,"turns":3.0},{"damage":31.0,"enemies":"3 Sentries","floor":14.0,"turns":7.0},{"damage":32.0,"enemies":"Hexaghost","floor":16.0,"turns":9.0},{"damage":35.0,"enemies":"2 Thieves","floor":18.0,"turns":4.0},{"damage":18.0,"enemies":"Chosen","floor":20.0,"turns":4.0},{"damage":8.0,"enemies":"Sentry and Sphere","floor":22.0,"turns":8.0},{"damage":21.0,"enemies":"Snake Plant","floor":24.0,"turns":4.0},{"damage":32.0,"enemies":"Slavers","floor":25.0,"turns":4.0},{"damage":4.0,"enemies":"Cultist and Chosen","floor":28.0,"turns":3.0},{"damage":16.0,"enemies":"Book of Stabbing","floor":29.0,"turns":4.0},{"damage":3.0,"enemies":"Snecko","floor":30.0,"turns":4.0},{"damage":49,"enemies":"Automaton","floor":33,"turns":6}],"seed_played":"-3994150714977415384","potions_obtained":[{"floor":1.0,"key":"Dexterity Potion"},{"floor":2.0,"key":"AttackPotion"},{"floor":6.0,"key":"Weak Potion"},{"floor":12.0,"key":"Ancient Potion"},{"floor":18.0,"key":"DistilledChaos"},{"floor":24.0,"key":"FearPotion"},{"floor":25.0,"key":"Block Potion"}],"is_trial":false,"path_per_floor":["M","M","M","$","M","E","R","M","T","?","?","M","?","E","R","B",null,"M","?","M","?","M","R","M","E","T","$","M","E","M","$","R","B"],"character_chosen":"DEFECT","items_purchased":["Loop","Double Energy","Gambling Chip","PreservedInsect"],"campfire_rested":1,"item_purchase_floors":[4,27,27,27],"current_hp_per_floor":[81,80,82,82,82,55,55,57,64,57,57,60,44,22,48,25,89,61,61,52,52,53,53,41,11,11,11,16,9,15,30,45,0,0],"gold":27,"neow_bonus":"TEN_PERCENT_HP_BONUS","is_daily":false,"chose_seed":false,"campfire_upgraded":3,"win_rate":0.0,"timestamp":1613362631,"path_taken":["M","M","M","$","M","E","R","M","T","?","?","?","?","E","R","BOSS","M","?","?","?","M","R","M","E","T","$","M","E","M","$","R","BOSS"],"items_purchased_type":["Card","Card","Relic","Relic"],"build_version":"2020-12-22","purchased_purges":2,"victory":false,"max_hp_per_floor":[82,82,82,82,82,82,82,82,89,89,89,89,89,89,89,89,89,89,89,89,89,89,89,89,89,89,89,89,89,89,89,89,89,89],"card_choices":[{"not_picked":["Auto Shields","Hologram"],"picked":"Self Repair","floor":1.0},{"not_picked":["Steam","Sweeping Beam"],"picked":"Redo","floor":2.0},{"not_picked":["Leap","Hello World"],"picked":"Static Discharge","floor":3.0},{"not_picked":["Sweeping Beam","Streamline"],"picked":"Force Field","floor":5.0},{"not_picked":["Force Field","Compile Driver"],"picked":"Doom and Gloom","floor":6.0},{"not_picked":["Machine Learning","Auto Shields"],"picked":"Ball Lightning","floor":8.0},{"not_picked":["Hologram","Barrage"],"picked":"Skim","floor":12.0},{"not_picked":["Conserve Battery","Sweeping Beam"],"picked":"Storm","floor":13.0},{"not_picked":["Barrage","BootSequence"],"picked":"Loop","floor":14.0},{"not_picked":["Thunder Strike","Rainbow"],"picked":"Amplify","floor":16.0},{"not_picked":["Sweeping Beam","Leap"],"picked":"Compile Driver+1","floor":18.0},{"not_picked":["Rip and Tear","Stack"],"picked":"White Noise+1","floor":20.0},{"not_picked":["Beam Cell","Genetic Algorithm"],"picked":"Cold Snap+1","floor":22.0},{"not_picked":["Stack","Beam Cell"],"picked":"Hologram+1","floor":24.0},{"not_picked":["Thunder Strike","Steam+1"],"picked":"White Noise","floor":25.0},{"not_picked":["Coolheaded","Tempest+1"],"picked":"Steam Power","floor":28.0},{"not_picked":["Streamline","Barrage+1"],"picked":"Self Repair","floor":29.0},{"not_picked":["Leap","Blizzard"],"picked":"Conserve Battery","floor":30.0}],"player_experience":91498,"relics_obtained":[{"floor":6.0,"key":"Blood Vial"},{"floor":9.0,"key":"Strawberry"},{"floor":13.0,"key":"Odd Mushroom"},{"floor":14.0,"key":"Bag of Marbles"},{"floor":25.0,"key":"Old Coin"},{"floor":25.0,"key":"Orichalcum"},{"floor":26.0,"key":"Eternal Feather"},{"floor":29.0,"key":"Ancient Tea Set"},{"floor":29.0,"key":"MealTicket"}],"event_choices":[{"cards_removed":["Strike_B"],"damage_healed":0.0,"max_hp_gain":0.0,"max_hp_loss":0.0,"gold_gain":0.0,"event_name":"Golden Wing","player_choice":"Card Removal","floor":10.0,"gold_loss":0.0,"damage_taken":7.0},{"damage_healed":0.0,"max_hp_gain":0.0,"max_hp_loss":0.0,"gold_gain":0.0,"cards_transformed":["Defend_B"],"event_name":"Transmorgrifier","player_choice":"Transformed","floor":11.0,"gold_loss":0.0,"damage_taken":0.0,"cards_obtained":["Glacier"]},{"damage_healed":0.0,"max_hp_gain":0.0,"max_hp_loss":0.0,"gold_gain":0.0,"event_name":"Mushrooms","player_choice":"Fought Mushrooms","floor":13.0,"gold_loss":0.0,"damage_taken":0.0},{"damage_healed":0.0,"max_hp_gain":0.0,"max_hp_loss":0.0,"gold_gain":0.0,"cards_transformed":["Strike_B"],"event_name":"Transmorgrifier","player_choice":"Transformed","floor":19.0,"gold_loss":0.0,"damage_taken":0.0,"cards_obtained":["Cold Snap"]},{"damage_healed":0.0,"max_hp_gain":0.0,"max_hp_loss":0.0,"gold_gain":0.0,"event_name":"The Mausoleum","player_choice":"Opened","floor":21.0,"gold_loss":0.0,"damage_taken":0.0,"relics_obtained":["Gremlin Horn"]}],"is_beta":false,"boss_relics":[{"not_picked":["Busted Crown","Coffee Dripper"],"picked":"Black Star"}],"items_purged_floors":[27,31],"is_endless":false,"potions_floor_spawned":[1,2,6,12,13,18,24,25,28],"killed_by":"Automaton","ascension_level":0}}