{"host":"mo324zvkdr1xwprd","time":1613404942,"event":{"mods":["A Penny For Your Troubles","BaseMod","Better Note","Better Third Choice","BetterRewards","Hermit","Highlight Path","Hubris","Infinite Spire","Minty Spire (QoL Compilation)","Quick Restart","Rare Cards Sparkle","Shop Mod","StSLib","The Cursed","The Hierophant","Transform Curses"],"gold_per_floor":[117,133,143,153,173,204,226,255,255,255,286,286,286,317,317,415,415,428,444,73,89,99,99,126,126,152,183,200,212,229,249,249,354,354,370,382,342,342,396,396,396],"floor_reached":40,"language":"ENG","playtime":2305,"items_purged":[],"score":632,"play_id":"8c15df0f-9e00-43d6-b55f-6a062b9f5559","local_time":"20210215160222","is_ascension_mode":true,"campfire_choices":[{"floor":10.0,"key":"REST"},{"floor":15.0,"key":"REST"},{"floor":23.0,"key":"RECALL"},{"data":"hubris:StunningStrike","floor":25.0,"key":"SMITH"},{"floor":32,"key":"REST"}],"circlet_count":0,"master_deck":["Strike_R","Strike_R+1","Strike_R","Strike_R","Strike_R","Defend_R","Defend_R","Defend_R","Defend_R","Bash","Shrug It Off","Magnetism","Swift Strike","Anger","Clothesline","Whirlwind","Twin Strike","Cleave","Havoc","hubris:SharpeningStone","Anger","Battle Trance","Anger","Immolate","Armaments","infinitespire:FinalStrike","Shockwave","Inflame","Limit Break","Anger","Wild Strike","Carnage","Flex","Thunderclap","hubris:StunningStrike+1","Intimidate","Anger+1","Flame Barrier","Fire Breathing+1","Pommel Strike","Sword Boomerang+1","Perfected Strike","hubris:StunningStrike","Flex","Heavy Blade+1","Sentinel+1"],"relics":["Burning Blood","Ice Cream","WarpedTongs","TungstenRod","infinitespire:Satchel","Red Skull","Odd Mushroom","Dream Catcher","Ancient Tea Set","hubris:Icosahedron","Anchor","hubris:CrackedHourglass","Frozen Egg 2","Omamori","Juzu Bracelet","hubris:TenFootPole","Sozu","hubris:Teleporter"],"acts_visited":["Exordium","TheCity","TheBeyond"],"potions_floor_usage":[33,40],"damage_taken":[{"damage":0.0,"enemies":"Small Slimes","floor":1.0,"turns":3.0},{"damage":0.0,"enemies":"2 Louse","floor":2.0,"turns":2.0},{"damage":0.0,"enemies":"Cultist","floor":3.0,"turns":2.0},{"damage":0.0,"enemies":"Large Slime","floor":4.0,"turns":2.0},{"damage":0.0,"enemies":"Looter","floor":5.0,"turns":3.0},{"damage":7.0,"enemies":"Lagavulin","floor":6.0,"turns":5.0},{"damage":15.0,"enemies":"The Mushroom Lair","floor":7.0,"turns":4.0},{"damage":8.0,"enemies":"3 Sentries","floor":8.0,"turns":4.0},{"damage":9.0,"enemies":"Lagavulin","floor":11.0,"turns":5.0},{"damage":4.0,"enemies":"3 Sentries","floor":14.0,"turns":4.0},{"damage":8.0,"enemies":"The Guardian","floor":16.0,"turns":7.0},{"damage":0.0,"enemies":"Spheric Guardian","floor":18.0,"turns":1.0},{"damage":0.0,"enemies":"2 Thieves","floor":19.0,"turns":2.0},{"damage":0.0,"enemies":"Snake Plant","floor":21.0,"turns":1.0},{"damage":0.0,"enemies":"Snecko","floor":22.0,"turns":3.0},{"damage":12.0,"enemies":"Slavers","floor":24.0,"turns":5.0},{"damage":7.0,"enemies":"Book of Stabbing","floor":27.0,"turns":2.0},{"damage":21.0,"enemies":"Sentry and Sphere","floor":28.0,"turns":4.0},{"damage":11.0,"enemies":"Centurion and Healer","floor":29.0,"turns":3.0},{"damage":0.0,"enemies":"Cultist and Chosen","floor":30.0,"turns":4.0},{"damage":2,"enemies":"3 Cultists","floor":31,"turns":4},{"damage":13,"enemies":"hubris:MusketHawk","floor":33,"turns":6},{"damage":0,"enemies":"Orb Walker","floor":35,"turns":3},{"damage":14,"enemies":"3 Shapes","floor":36,"turns":3},{"damage":8,"enemies":"2 Orb Walkers","floor":39,"turns":3},{"damage":79,"enemies":"Reptomancer","floor":40,"turns":3}],"seed_played":"-5520259724199556047","potions_obtained":[{"floor":2.0,"key":"Swift Potion"},{"floor":3.0,"key":"Dexterity Potion"},{"floor":5.0,"key":"AttackPotion"},{"floor":7.0,"key":"Explosive Potion"},{"floor":8.0,"key":"BlessingOfTheForge"},{"floor":14.0,"key":"Swift Potion"},{"floor":19.0,"key":"GamblersBrew"},{"floor":22.0,"key":"GamblersBrew"},{"floor":27.0,"key":"Energy Potion"},{"floor":28.0,"key":"SkillPotion"},{"floor":33,"key":"Fire Potion"}],"is_trial":false,"path_per_floor":["M","M","M","M","M","E","?","E","T","R","E","?","?","E","R","B",null,"M","M","$","M","M","R","E","R","T","E","M","M","M","M","R","B",null,"M","M","?","?","?","E"],"character_chosen":"IRONCLAD","items_purchased":["Swift Strike","Anger","Clothesline","infinitespire:Satchel","Frozen Egg 2","Carnage","Flex"],"campfire_rested":3,"item_purchase_floors":[0,0,0,0,20,20,20],"current_hp_per_floor":[50,56,62,68,74,73,64,62,62,80,77,77,59,61,80,78,80,80,80,80,80,80,80,74,74,74,73,58,53,59,63,80,73,80,80,72,72,72,70,0,0],"gold":396,"neow_bonus":"","is_daily":false,"chose_seed":false,"campfire_upgraded":1,"win_rate":0.0,"timestamp":1613404942,"path_taken":["M","M","M","M","M","E","?","E","T","R","E","?","?","E","R","BOSS","M","M","$","M","M","R","E","R","T","E","M","M","M","M","R","BOSS","M","M","?","?","?","E"],"items_purchased_type":["Card","Card","Card","Relic","Relic","Card","Card"],"build_version":"2020-12-22","purchased_purges":0,"victory":false,"max_hp_per_floor":[80,80,80,80,80,80,80,80,80,80,80,80,80,80,80,80,80,80,80,80,80,80,80,80,80,80,80,80,80,80,80,80,80,80,80,80,80,80,80,80,80],"card_choices":[{"not_picked":["Havoc","Body Slam"],"picked":"Whirlwind","floor":1.0},{"not_picked":["Reckless Charge","Flex"],"picked":"Twin Strike","floor":2.0},{"not_picked":["Perfected Strike","Pummel"],"picked":"Cleave","floor":3.0},{"not_picked":["Rupture","Clash"],"picked":"Havoc","floor":4.0},{"not_picked":["Wild Strike","Uppercut"],"picked":"hubris:SharpeningStone","floor":5.0},{"not_picked":["hubris:SharpeningStone","Sword Boomerang"],"picked":"Anger","floor":6.0},{"not_picked":["Disarm","Twin Strike"],"picked":"Battle Trance","floor":7.0},{"not_picked":["Iron Wave","Body Slam"],"picked":"Anger","floor":8.0},{"not_picked":["Anger","Wild Strike"],"picked":"Immolate","floor":10.0},{"not_picked":["Dropkick","Power Through"],"picked":"Armaments","floor":11.0},{"not_picked":["hubris:InfiniteBlow","infinitespire:Menacing"],"picked":"infinitespire:FinalStrike","floor":13.0},{"not_picked":["Wild Strike","Perfected Strike"],"picked":"Shockwave","floor":14.0},{"not_picked":["Wild Strike","Perfected Strike"],"picked":"Inflame","floor":15.0},{"not_picked":["Exhume","Fiend Fire"],"picked":"Limit Break","floor":16.0},{"not_picked":["Dual Wield","Warcry+1"],"picked":"Anger","floor":18.0},{"not_picked":["Body Slam","Rupture"],"picked":"Wild Strike","floor":19.0},{"not_picked":["Power Through","Twin Strike"],"picked":"Thunderclap","floor":21.0},{"not_picked":["Armaments","Rampage+1"],"picked":"hubris:StunningStrike","floor":22.0},{"not_picked":["Dual Wield+1","Wild Strike"],"picked":"Intimidate","floor":24.0},{"not_picked":["Blood for Blood","Shockwave"],"picked":"Anger","floor":27.0},{"not_picked":["hubris:CleavingFinish","Flex"],"picked":"Flame Barrier","floor":28.0},{"not_picked":["Dual Wield","True Grit"],"picked":"Fire Breathing+1","floor":29.0},{"not_picked":["Rupture+1","Bloodletting+1"],"picked":"Pommel Strike","floor":30.0},{"not_picked":["Armaments","Heavy Blade"],"picked":"Sword Boomerang+1","floor":31},{"not_picked":["Battle Trance+1","True Grit"],"picked":"Perfected Strike","floor":32},{"not_picked":["Offering","Feed"],"picked":"hubris:StunningStrike","floor":33},{"not_picked":["Perfected Strike","Pommel Strike"],"picked":"Flex","floor":35},{"not_picked":["Dual Wield+1","Clash"],"picked":"Heavy Blade+1","floor":36},{"not_picked":["True Grit","Disarm+1"],"picked":"Sentinel+1","floor":39}],"player_experience":684497,"relics_obtained":[{"floor":6.0,"key":"Red Skull"},{"floor":7.0,"key":"Odd Mushroom"},{"floor":8.0,"key":"Dream Catcher"},{"floor":11.0,"key":"Ancient Tea Set"},{"floor":14.0,"key":"Anchor"},{"floor":24.0,"key":"Omamori"},{"floor":26.0,"key":"Juzu Bracelet"},{"floor":27.0,"key":"hubris:TenFootPole"},{"floor":39,"key":"hubris:Teleporter"}],"event_choices":[{"damage_healed":0.0,"max_hp_gain":0.0,"max_hp_loss":0.0,"gold_gain":0.0,"event_name":"Mushrooms","player_choice":"Fought Mushrooms","floor":7.0,"gold_loss":0.0,"damage_taken":0.0},{"damage_healed":0,"gold_gain":0,"player_choice":"Upgraded Two","damage_taken":0,"max_hp_gain":0,"max_hp_loss":0,"event_name":"Designer","floor":37,"gold_loss":40,"cards_upgraded":["Anger","Strike_R"]},{"damage_healed":0,"gold_gain":0,"player_choice":"Ignored","damage_taken":0,"max_hp_gain":0,"max_hp_loss":0,"event_name":"Tomb of Lord Red Mask","floor":38,"gold_loss":0},{"damage_healed":0,"gold_gain":0,"player_choice":"Fight","damage_taken":0,"max_hp_gain":0,"max_hp_loss":0,"event_name":"Mysterious Sphere","floor":39,"gold_loss":0}],"is_beta":false,"boss_relics":[{"not_picked":["Empty Cage","hubris:HollowSoul"],"picked":"hubris:CrackedHourglass"},{"not_picked":["Snecko Eye","hubris:TerracottaHorce"],"picked":"Sozu"}],"items_purged_floors":[],"is_endless":false,"potions_floor_spawned":[2,3,5,7,8,14,19,22,27,28,33,36,39],"killed_by":"Reptomancer","ascension_level":4}}