{"host":"c35j6tsoy7cxzn43","time":1613391939,"event":{"mods":["BaseMod","Better Third Choice","BetterRewards","Colored Map","Colored Powertips","Conspire","Highlight Path","Hubris","Infinite Spire","Minty Spire (QoL Compilation)","Quick Restart","Replay The Spire","Shop Mod","StSLib"],"gold_per_floor":[118,193,207,53,67,67,77,77,77,77,87,103,103,133,133,233,233,250,265,282,62,62,62],"floor_reached":22,"language":"ENG","playtime":1144,"items_purged":["Reprogram+1"],"score":188,"play_id":"eea08cfa-5cda-4212-b064-9fab6b8a098a","local_time":"20210215132539","is_ascension_mode":false,"campfire_choices":[{"data":"BootSequence","floor":6,"key":"SMITH"},{"data":"Dualcast","floor":8,"key":"SMITH"},{"data":"Zap","floor":10,"key":"SMITH"}],"circlet_count":0,"master_deck":["Strike_B","Strike_B","Strike_B","Strike_B","Defend_B","Defend_B","Defend_B","Defend_B","Zap+1","Dualcast+1","BootSequence+1","Darkness","Sunder+1","Pain","Neutralize","Echo Form","Blind","infinitespire:Oblivion","Seek","Conserve Battery","Tempest"],"relics":["Cracked Core","NeowsBlessing","DataDisk","StrikeDummy","ReplayTheSpireMod:SealedPack","Prayer Wheel","Gremlin Food"],"acts_visited":["Exordium","TheCity"],"potions_floor_usage":[19,20,20,22,22],"damage_taken":[{"damage":0,"enemies":"2 Louse","floor":1,"turns":1},{"damage":0,"enemies":"Small Slimes","floor":3,"turns":1},{"damage":0,"enemies":"Jaw Worm","floor":5,"turns":1},{"damage":4,"enemies":"2 Fungi Beasts","floor":7,"turns":3},{"damage":0,"enemies":"Exordium Wildlife","floor":11,"turns":3},{"damage":0,"enemies":"Looter","floor":12,"turns":2},{"damage":11,"enemies":"Lagavulin","floor":14,"turns":7},{"damage":39,"enemies":"Fading Forest","floor":16,"turns":11},{"damage":14,"enemies":"3 Byrds","floor":18,"turns":6},{"damage":25,"enemies":"Shell Parasite","floor":19,"turns":5},{"damage":35,"enemies":"Shelled Parasite and Fungi","floor":20,"turns":6},{"damage":1,"enemies":"Chosen and Byrds","floor":22,"turns":4}],"seed_played":"21112091040400615","potions_obtained":[{"floor":7,"key":"SteroidPotion"},{"floor":11,"key":"SkillPotion"},{"floor":12,"key":"Milkshake"},{"floor":14,"key":"Dexterity Potion"},{"floor":19,"key":"Elixir"},{"floor":20,"key":"ColorlessPotion"}],"is_trial":false,"path_per_floor":["M","?","M","$","M","R","M","R","T","R","M","M","?","E","R_BF","B",null,"M","M","M","$","M"],"character_chosen":"DEFECT","items_purchased":["DataDisk","Gremlin Food"],"campfire_rested":0,"item_purchase_floors":[4,21],"current_hp_per_floor":[75,64,64,64,64,64,60,60,60,60,60,60,60,49,71,32,75,61,36,1,1,0,0],"gold":62,"neow_bonus":"THREE_ENEMY_KILL","is_daily":false,"chose_seed":false,"campfire_upgraded":3,"win_rate":0.0,"timestamp":1613391939,"path_taken":["M","?","M","$","M","R","M","R","T","R","M","M","?","E","R_BF","BOSS","M","M","M","$","M"],"items_purchased_type":["Relic","Relic"],"build_version":"2020-12-22","purchased_purges":1,"victory":false,"max_hp_per_floor":[75,75,75,75,75,75,75,75,75,75,75,75,75,75,75,75,75,75,75,75,75,75,75],"card_choices":[{"not_picked":["Panic Button","Stack","Sweeping Beam"],"picked":"SKIP","floor":1},{"not_picked":["Panic Button","Stack","Sweeping Beam"],"picked":"SKIP","floor":1},{"not_picked":["Cold Snap","Coolheaded","Stack"],"picked":"SKIP","floor":3},{"not_picked":["Panic Button","Go for the Eyes"],"picked":"BootSequence","floor":5},{"not_picked":["Rip and Tear","Aggregate","Steam"],"picked":"SKIP","floor":7},{"not_picked":["ReplayTheSpireMod:Dual Polarity","Defragment"],"picked":"Darkness","floor":11},{"not_picked":["Streamline","Beam Cell"],"picked":"Chaos","floor":12},{"not_picked":["Undo","ReplayTheSpireMod:GoodbyeWorld"],"picked":"Sunder","floor":14},{"not_picked":["hubris:Prefetch","Meteor Strike"],"picked":"ReplayTheSpireMod:Fabricate Wheel","floor":16},{"not_picked":["Vigilance","Dualcast"],"picked":"Neutralize","floor":17},{"not_picked":["Biased Cognition","Seek"],"picked":"Echo Form","floor":17},{"not_picked":["Impatience","Discovery"],"picked":"Blind","floor":17},{"not_picked":["infinitespire:FutureSight","ReplayTheSpireMod:Haul"],"picked":"infinitespire:Oblivion","floor":17},{"not_picked":["ReplayTheSpireMod:System Scan","Compile Driver"],"picked":"Seek","floor":18},{"not_picked":["Leap","Hologram+1","Reinforced Body+1"],"picked":"SKIP","floor":18},{"not_picked":["Barrage","Hologram"],"picked":"Conserve Battery","floor":19},{"not_picked":["Turbo","Auto Shields"],"picked":"Tempest","floor":19},{"not_picked":["Steam+1","Sweeping Beam","Reboot"],"picked":"SKIP","floor":20},{"not_picked":["Gash","BasicCrystalCard","Leap"],"picked":"SKIP","floor":20}],"player_experience":475982,"relics_obtained":[{"floor":14,"key":"StrikeDummy"}],"event_choices":[{"damage_healed":0,"gold_gain":75,"player_choice":"Gold","damage_taken":11,"max_hp_gain":0,"max_hp_loss":0,"event_name":"betterThird:BetterGoop","floor":2,"gold_loss":0}],"is_beta":false,"boss_relics":[{"not_picked":["Replay:Drink Me","Cursed Key"],"picked":"ReplayTheSpireMod:SealedPack"}],"items_purged_floors":[21],"is_endless":false,"potions_floor_spawned":[7,11,12,14,19,20],"killed_by":"Chosen and Byrds","ascension_level":0}}