{"host":"ef2yae0c2dejfw9q","time":1613375399,"event":{"mods":["BaseMod","Card Forge","Colored Powertips","Highlight Path","Minty Spire (QoL Compilation)","StSLib"],"gold_per_floor":[112,9349,9367,9367,9377,9377,9404,9404,9404,9404,9404,9430,9450,9460,9460,9563,9563,9581,8872,8887,8887,8812,8844,8844,8856,8856,8856,8868,8868,8868,8968,8968,9065,9065,9075,9086,8596,8644,8664,8699,8100,8100,8100,8150,8184,7431,7431,0,0,0],"floor_reached":51,"language":"ENG","playtime":1476,"items_purged":["Defend_P","DevaForm+1","Bite+1","InnerPeace+1","Vengeance"],"score":1270,"play_id":"12fbc10d-c84d-49d1-9fe4-fbd53dc2e478","local_time":"20210214234959","is_ascension_mode":true,"campfire_choices":[{"floor":6,"key":"REST"},{"floor":8,"key":"REST"},{"data":"Conclude","floor":11,"key":"SMITH"},{"floor":15,"key":"REST"},{"data":"MasterReality","floor":24,"key":"SMITH"},{"data":"Bite","floor":30,"key":"SMITH"},{"floor":32,"key":"REST"},{"floor":42,"key":"REST"},{"data":"1","floor":49,"key":"LIFT"}],"circlet_count":0,"master_deck":["Alpha+1","Devotion+1","FlurryOfBlows+1","Prostrate+1","Beta+1","Omega+1","Conclude+1","MasterReality+1","FlurryOfBlows+1","Ghostly+1","Ghostly+1","Ghostly+1","Ghostly+1","Omega+1","Bite+1","Bite+1","Bite+1","Bite+1","Omniscience+1","Pain"],"relics":["HolyWater","Hammer of Thor","Seething Fire","Anvil of the Gods","Juzu Bracelet","Question Card","Melange","Bottled Tornado","Matryoshka","Meat on the Bone","PreservedInsect","Torii","Orrery","Smiling Mask","Happy Flower","Blue Candle","GoldenEye","HornCleat","Fusion Hammer","MealTicket","Potion Belt","Frozen Eye","StoneCalendar","Strawberry","StrikeDummy","Lantern","Chemical X","Pen Nib","Prayer Wheel","Incense Burner","Frozen Egg 2","Girya","Yang","Cauldron","WarpedTongs","Red Mask"],"acts_visited":["Exordium","TheCity","TheBeyond"],"potions_floor_usage":[3,33,33,50,50,50,50,50],"damage_taken":[{"damage":19,"enemies":"Jaw Worm","floor":1,"turns":2},{"damage":14,"enemies":"Small Slimes","floor":3,"turns":3},{"damage":12,"enemies":"2 Louse","floor":5,"turns":3},{"damage":0,"enemies":"Gremlin Nob","floor":7,"turns":2},{"damage":0,"enemies":"3 Sentries","floor":12,"turns":1},{"damage":0,"enemies":"Large Slime","floor":13,"turns":2},{"damage":0,"enemies":"Red Slaver","floor":14,"turns":1},{"damage":28,"enemies":"The Guardian","floor":16,"turns":4},{"damage":12,"enemies":"Chosen","floor":18,"turns":2},{"damage":0,"enemies":"3 Byrds","floor":20,"turns":1},{"damage":2,"enemies":"Book of Stabbing","floor":23,"turns":2},{"damage":3,"enemies":"Snake Plant","floor":25,"turns":2},{"damage":2,"enemies":"Cultist and Chosen","floor":28,"turns":2},{"damage":0,"enemies":"Colosseum Slavers","floor":31,"turns":1},{"damage":0,"enemies":"Colosseum Nobs","floor":31,"turns":1},{"damage":6,"enemies":"Champ","floor":33,"turns":4},{"damage":1,"enemies":"Orb Walker","floor":35,"turns":2},{"damage":0,"enemies":"3 Darklings","floor":36,"turns":1},{"damage":0,"enemies":"2 Orb Walkers","floor":38,"turns":1},{"damage":0,"enemies":"Spire Growth","floor":39,"turns":3},{"damage":0,"enemies":"Giant Head","floor":40,"turns":3},{"damage":0,"enemies":"Mind Bloom Boss Battle","floor":44,"turns":3},{"damage":0,"enemies":"Nemesis","floor":45,"turns":3},{"damage":13,"enemies":"Awakened One","floor":50,"turns":4}],"seed_played":"-4309265691480995243","potions_obtained":[{"floor":3,"key":"Strength Potion"},{"floor":13,"key":"DistilledChaos"},{"floor":16,"key":"EssenceOfSteel"},{"floor":33,"key":"Ancient Potion"},{"floor":36,"key":"EssenceOfSteel"},{"floor":38,"key":"CultistPotion"},{"floor":39,"key":"FearPotion"}],"is_trial":false,"path_per_floor":["M","$","M","?","M","R","E","R","T","?","R","E","M","M","R","B",null,"M","$","M","?","?","E","R","M","T","?","M","?","R","?","R","B",null,"M","M","$","?","M","E","$","R","T","?","E","$","?","?","R","B",null],"character_chosen":"WATCHER","items_purchased":["Juzu Bracelet","Question Card","Melange","Tantrum","StancePotion","PreservedInsect","Torii","Orrery","MealTicket","Potion Belt","Frozen Eye","StrikeDummy","Lantern","Chemical X","Girya","Yang","Cauldron"],"campfire_rested":5,"item_purchase_floors":[2,2,2,2,2,19,19,19,37,37,37,41,41,41,46,46,46],"current_hp_per_floor":[46,46,32,32,20,41,41,62,62,62,62,62,62,62,72,44,65,53,53,53,36,36,34,34,31,31,31,29,25,25,25,25,25,25,24,25,25,25,25,32,32,32,32,32,32,32,32,32,32,28],"gold":0,"neow_bonus":"REMOVE_CARD","is_daily":false,"chose_seed":false,"campfire_upgraded":3,"win_rate":0.0,"timestamp":1613375399,"path_taken":["M","$","M","?","M","R","E","R","T","?","R","E","M","M","R","BOSS","M","$","M","?","?","E","R","M","T","?","M","?","R","?","R","BOSS","M","M","$","?","M","E","$","R","T","?","E","?","?","?","R","BOSS"],"items_purchased_type":["Relic","Relic","Relic","Card","Potion","Relic","Relic","Relic","Relic","Relic","Relic","Relic","Relic","Relic","Relic","Relic","Relic"],"build_version":"2020-12-22","purchased_purges":5,"victory":true,"max_hp_per_floor":[72,72,72,72,72,72,72,72,72,72,72,72,72,72,72,72,72,72,72,72,36,36,36,36,36,36,36,36,25,25,25,25,25,25,25,25,25,25,25,32,32,32,32,32,32,32,32,32,32,32],"card_choices":[{"not_picked":["FlyingSleeves","ClearTheMind"],"picked":"Indignation","floor":1},{"not_picked":["CrushJoints","CutThroughFate","Meditate"],"picked":"Worship","floor":3},{"not_picked":["Protect","Crescendo","CutThroughFate","Fasting2"],"picked":"SKIP","floor":5},{"not_picked":["FlyingSleeves","Crescendo","DeceiveReality","BowlingBash"],"picked":"SKIP","floor":7},{"not_picked":["Indignation","SashWhip","Halt","Prostrate"],"picked":"SKIP","floor":12},{"not_picked":["Collect","DeusExMachina","ForeignInfluence","WaveOfTheHand"],"picked":"SKIP","floor":13},{"not_picked":["Protect","Evaluate","Crescendo","ThirdEye"],"picked":"SKIP","floor":14},{"not_picked":["Ragnarok","DeusExMachina","Scrawl"],"picked":"MasterReality","floor":16},{"not_picked":["Evaluate","BowlingBash+1","TalkToTheHand","FlurryOfBlows"],"picked":"SKIP","floor":18},{"not_picked":["Pray+1","ThirdEye","SashWhip+1"],"picked":"FlurryOfBlows+1","floor":19},{"not_picked":["SignatureMove","WaveOfTheHand","Wallop","FlyingSleeves+1"],"picked":"SKIP","floor":20},{"not_picked":["Study","SignatureMove","CrushJoints","EmptyFist"],"picked":"SKIP","floor":23},{"not_picked":["PathToVictory","JustLucky+1","ClearTheMind","Consecrate+1"],"picked":"SKIP","floor":25},{"not_picked":["BowlingBash","PathToVictory","Indignation","BattleHymn+1"],"picked":"SKIP","floor":28},{"not_picked":["Wish","Ragnarok","Blasphemy"],"picked":"Omniscience","floor":33},{"not_picked":["Adaptation","BowlingBash","CarveReality"],"picked":"InnerPeace+1","floor":35},{"not_picked":["Evaluate","FlyingSleeves+1","ForeignInfluence","JustLucky+1"],"picked":"SKIP","floor":36},{"not_picked":["Evaluate","FlurryOfBlows","Conclude+1"],"picked":"Vengeance","floor":39},{"not_picked":["Conclude+1","LikeWater+1","ForeignInfluence+1","CarveReality"],"picked":"SKIP","floor":40},{"not_picked":["Crescendo+1","FollowUp","FlurryOfBlows+1","Wireheading+1"],"picked":"SKIP","floor":45}],"player_experience":131737,"relics_obtained":[{"floor":7,"key":"Bottled Tornado"},{"floor":9,"key":"Matryoshka"},{"floor":12,"key":"Meat on the Bone"},{"floor":23,"key":"Smiling Mask"},{"floor":26,"key":"Happy Flower"},{"floor":26,"key":"Blue Candle"},{"floor":31,"key":"GoldenEye"},{"floor":31,"key":"HornCleat"},{"floor":38,"key":"StoneCalendar"},{"floor":40,"key":"Strawberry"},{"floor":43,"key":"Pen Nib"},{"floor":43,"key":"Prayer Wheel"},{"floor":44,"key":"Incense Burner"},{"floor":45,"key":"Frozen Egg 2"}],"event_choices":[{"damage_healed":0,"gold_gain":0,"player_choice":"Ignored","damage_taken":0,"max_hp_gain":0,"max_hp_loss":0,"event_name":"Golden Wing","floor":4,"gold_loss":0},{"damage_healed":0,"gold_gain":0,"cards_transformed":["MentalFortress"],"player_choice":"Change","damage_taken":0,"max_hp_gain":0,"max_hp_loss":0,"event_name":"Living Wall","floor":10,"gold_loss":0,"cards_obtained":["Conclude"]},{"damage_healed":0,"gold_gain":0,"player_choice":"Became a Ghost","damage_taken":0,"max_hp_gain":0,"max_hp_loss":36,"event_name":"Ghosts","floor":21,"gold_loss":0,"cards_obtained":["Ghostly","Ghostly","Ghostly","Ghostly","Ghostly"]},{"cards_removed":["Ghostly"],"damage_healed":0,"gold_gain":0,"player_choice":"Gave Gold","damage_taken":0,"max_hp_gain":0,"max_hp_loss":0,"event_name":"Beggar","floor":22,"gold_loss":75},{"damage_healed":0,"gold_gain":0,"player_choice":"Copied","damage_taken":0,"max_hp_gain":0,"max_hp_loss":0,"event_name":"Duplicator","floor":27,"gold_loss":0,"cards_obtained":["Omega"]},{"damage_healed":0,"gold_gain":0,"player_choice":"Became a vampire","damage_taken":0,"max_hp_gain":0,"max_hp_loss":11,"event_name":"Vampires","floor":29,"gold_loss":0,"cards_obtained":["Bite","Bite","Bite","Bite","Bite"]},{"damage_healed":0,"gold_gain":0,"player_choice":"Fight","damage_taken":0,"max_hp_gain":0,"max_hp_loss":0,"event_name":"Colosseum","floor":31,"gold_loss":0},{"damage_healed":0,"gold_gain":0,"player_choice":"Fought Nobs","damage_taken":0,"max_hp_gain":0,"max_hp_loss":0,"event_name":"Colosseum","floor":31,"gold_loss":0},{"damage_healed":0,"gold_gain":0,"player_choice":"Fight","damage_taken":0,"max_hp_gain":0,"max_hp_loss":0,"event_name":"Mysterious Sphere","floor":38,"gold_loss":0},{"damage_healed":0,"gold_gain":0,"player_choice":"Fight","damage_taken":0,"max_hp_gain":0,"max_hp_loss":0,"event_name":"MindBloom","floor":44,"gold_loss":0},{"damage_healed":0,"gold_gain":0,"player_choice":"Rummage","damage_taken":0,"relics_obtained":["WarpedTongs"],"max_hp_gain":0,"max_hp_loss":0,"event_name":"Accursed Blacksmith","floor":47,"gold_loss":0,"cards_obtained":["Pain"]},{"damage_healed":0,"gold_gain":0,"player_choice":"Paid","damage_taken":0,"relics_obtained":["Red Mask"],"max_hp_gain":0,"max_hp_loss":0,"event_name":"Tomb of Lord Red Mask","floor":48,"gold_loss":7431}],"is_beta":false,"boss_relics":[{"not_picked":["Coffee Dripper","Snecko Eye"],"picked":"HolyWater"},{"not_picked":["SacredBark","VioletLotus"],"picked":"Fusion Hammer"}],"items_purged_floors":[2,19,37,41,46],"is_endless":false,"potions_floor_spawned":[3,13,16,20,31,33,36,38,39],"ascension_level":6}}