{"host":"nlbr7nnijupf3yfg","time":1613362896,"event":{"mods":["AchievementEnabler","BaseMod","BetterRewards","Colored Powertips","DeckTracker","Downfall","Hermit","Hubris","Infinite Spire","Minty Spire (QoL Compilation)","Quick Restart","Replay The Spire","StSLib","SuperFastMode"],"gold_per_floor":[109,109,119,135,135,135,163,163,163,163,183,198,215,155,155,251,251,267,267,267,287,287,316,316,336,385,396,413,430,442,457,457,457,457],"floor_reached":33,"language":"ENG","playtime":846,"items_purged":[],"score":423,"play_id":"13681e6b-7cc5-4a5f-9064-fcafb665a2d1","local_time":"20210214232136","is_ascension_mode":false,"campfire_choices":[{"data":"hermit:Headshot","floor":6,"key":"SMITH"},{"floor":8,"key":"REST"},{"data":"hermit:Misfire","floor":10,"key":"SMITH"},{"floor":15,"key":"REST"},{"floor":32,"key":"REST"}],"circlet_count":0,"master_deck":["hermit:Strike_Hermit","hermit:Strike_Hermit","hermit:Strike_Hermit","hermit:Strike_Hermit","hermit:Defend_Hermit","hermit:Defend_Hermit","hermit:Defend_Hermit","hermit:Defend_Hermit","hermit:Snapshot","hermit:Covet","hermit:PistolWhip+1","hermit:Misfire+1","hermit:LowProfile","hermit:Headshot+1","hermit:Showdown","hermit:ItchyTrigger","hermit:Enervate","hermit:Magnum","hermit:Deadeye+1","hermit:Magnum","hermit:CursedWeapon","hermit:CursedWeapon+1","downfall:Bewildered","hermit:Ricochet","infinitespire:FinalStrike","hermit:Glare+1","hermit:Shortfuse","hermit:Cheat+1","hermit:EyeOfTheStorm+1","hermit:Headshot","hermit:HoleUp+1"],"relics":["hermit:Momento","Mirror","infinitespire:FocusingShard","Replay:Ringing Soul","hubris:GrandSneckoEye","sneckomod:BabySnecko","Blood Vial","hubris:BottledRain","Replay:Wax Seal"],"acts_visited":["Exordium","TheCity"],"potions_floor_usage":[16,33,33,33],"damage_taken":[{"damage":0,"enemies":"Small Slimes","floor":1,"turns":3},{"damage":0,"enemies":"2 Louse","floor":3,"turns":2},{"damage":6,"enemies":"Cultist","floor":4,"turns":3},{"damage":22,"enemies":"3 Sentries","floor":7,"turns":7},{"damage":9,"enemies":"Blue Slaver","floor":11,"turns":4},{"damage":9,"enemies":"Exordium Thugs","floor":12,"turns":4},{"damage":2,"enemies":"Large Slime","floor":13,"turns":4},{"damage":64,"enemies":"The Guardian","floor":16,"turns":8},{"damage":20,"enemies":"3 Byrds","floor":18,"turns":6},{"damage":4,"enemies":"Shell Parasite","floor":21,"turns":4},{"damage":28,"enemies":"Book of Stabbing","floor":23,"turns":5},{"damage":10,"enemies":"Cultist and Chosen","floor":25,"turns":4},{"damage":13,"enemies":"Snake Plant","floor":27,"turns":3},{"damage":2,"enemies":"Sentry and Sphere","floor":28,"turns":3},{"damage":6,"enemies":"3 Cultists","floor":29,"turns":3},{"damage":0,"enemies":"Snecko","floor":30,"turns":2},{"damage":5,"enemies":"Snake Plant","floor":31,"turns":2},{"damage":86,"enemies":"Automaton","floor":33,"turns":6}],"seed_played":"-3204401102193720524","potions_obtained":[{"floor":3,"key":"BlessingOfTheForge"},{"floor":11,"key":"EssenceOfSteel"},{"floor":12,"key":"DistilledChaos"},{"floor":13,"key":"Energy Potion"},{"floor":18,"key":"Elixir"},{"floor":27,"key":"Strength Potion"},{"floor":29,"key":"Adrenaline Potion"}],"is_trial":false,"path_per_floor":["M","?","M","M","?","R","E","R","T","R","M","M","M","$","R","B",null,"M","$","?","M","?","E","AVR","M","T","M","M","M","M","M","R","B"],"character_chosen":"HERMIT","items_purchased":["hermit:PistolWhip+1","hermit:CalledShot","hermit:Deadeye+1"],"campfire_rested":3,"item_purchase_floors":[0,0,14],"current_hp_per_floor":[75,63,63,57,62,62,40,62,62,62,56,50,51,54,80,19,90,73,73,73,72,75,50,53,48,48,40,43,42,47,47,83,0,0],"gold":457,"neow_bonus":"","is_daily":false,"chose_seed":false,"campfire_upgraded":2,"win_rate":0.0,"timestamp":1613362896,"path_taken":["M","?","M","M","?","R","E","R","T","R","M","M","?","$","R","BOSS","M","$","?","?","?","E","AVR","M","T","M","M","M","M","M","R","BOSS"],"items_purchased_type":["Card","Card","Card"],"build_version":"2020-12-22","purchased_purges":0,"victory":false,"max_hp_per_floor":[75,75,75,75,75,75,75,75,75,75,78,81,84,87,87,90,90,93,93,93,96,99,102,105,108,108,111,114,117,120,123,123,123,123],"card_choices":[{"not_picked":["hermit:LoneWolf","hermit:Desperado"],"picked":"hermit:Misfire","floor":1},{"not_picked":["hermit:ItchyTrigger","hermit:Virtue"],"picked":"hermit:LowProfile","floor":3},{"not_picked":["hermit:Snipe","hermit:CalledShot"],"picked":"hermit:Headshot","floor":4},{"not_picked":["hermit:Desperado","hermit:Vantage"],"picked":"hermit:Showdown","floor":7},{"not_picked":["hermit:HighCaliber","hermit:Glare"],"picked":"hermit:ItchyTrigger","floor":11},{"not_picked":["hermit:EyeOfTheStorm","hermit:TakeAim"],"picked":"hermit:Enervate","floor":12},{"not_picked":["hermit:Scavenge","hermit:FlashPowder"],"picked":"hermit:Magnum","floor":13},{"not_picked":["hermit:DeadOrAlive","hermit:Purgatory"],"picked":"hermit:Magnum","floor":16},{"not_picked":["hermit:Manifest","hermit:Determination+1"],"picked":"hermit:CursedWeapon","floor":18},{"not_picked":["hermit:Virtue","hermit:BodyArmor"],"picked":"hermit:CursedWeapon+1","floor":21},{"not_picked":["hermit:Magnum","hermit:Dive"],"picked":"hermit:Ricochet","floor":23},{"not_picked":["hermit:Desperado","hermit:Malice+1"],"picked":"hermit:Glare+1","floor":25},{"not_picked":["hermit:Headshot","hermit:ItchyTrigger"],"picked":"hermit:Shortfuse","floor":27},{"not_picked":["hermit:Scavenge","hermit:Gestalt"],"picked":"hermit:Cheat+1","floor":28},{"not_picked":["hermit:CalledShot","hermit:BodyArmor"],"picked":"hermit:EyeOfTheStorm+1","floor":29},{"not_picked":["hermit:Manifest","hermit:ItchyTrigger"],"picked":"hermit:Headshot","floor":30},{"not_picked":["hermit:Glare+1","hermit:DeadOrAlive"],"picked":"hermit:HoleUp+1","floor":31}],"player_experience":63512,"relics_obtained":[{"floor":7,"key":"infinitespire:FocusingShard"},{"floor":9,"key":"Replay:Ringing Soul"},{"floor":23,"key":"Blood Vial"},{"floor":26,"key":"Replay:Wax Seal"}],"event_choices":[{"damage_healed":0,"gold_gain":0,"player_choice":"Success","damage_taken":12,"relics_obtained":["Mirror"],"max_hp_gain":0,"max_hp_loss":0,"event_name":"Scrap Ooze","floor":2,"gold_loss":0},{"cards_removed":["hermit:CalledShot"],"damage_healed":5,"gold_gain":0,"player_choice":"Offered Common","damage_taken":0,"max_hp_gain":0,"max_hp_loss":0,"event_name":"Bonfire Elementals","floor":5,"gold_loss":0},{"cards_removed":["hermit:CalledShot"],"damage_healed":5,"gold_gain":0,"player_choice":"Offered Special","damage_taken":0,"max_hp_gain":0,"max_hp_loss":0,"event_name":"Bonfire Elementals","floor":5,"gold_loss":0},{"damage_healed":0,"gold_gain":0,"player_choice":"Ignored","damage_taken":0,"max_hp_gain":0,"max_hp_loss":0,"event_name":"N\u0027loth","floor":20,"gold_loss":0}],"is_beta":false,"boss_relics":[{"not_picked":["hermit:DentedPlate","Replay:Grab Bag"],"picked":"hubris:GrandSneckoEye"}],"items_purged_floors":[],"is_endless":false,"potions_floor_spawned":[3,11,12,13,18,23,27,29],"killed_by":"Automaton","ascension_level":0}}