{"host":"pke0xxyzw0teju56","time":1613427909,"event":{"mods":["BaseMod","Bestiary","Colored Powertips","Highlight Path","Minty Spire (QoL Compilation)","Relic Stats","Slay the Relics Exporter","StSLib"],"gold_per_floor":[209,14,14,72,124,124,157,157,205,205,254,0,0,40,40,40,40],"floor_reached":16,"language":"ENG","playtime":435,"items_purged":[],"score":196,"play_id":"86e8f8e4-b1fd-40d7-9dd5-7c576d77baef","local_time":"20210215172509","is_ascension_mode":true,"campfire_choices":[{"data":"HandOfGreed","floor":6,"key":"SMITH"},{"data":"Zap","floor":8,"key":"SMITH"},{"floor":10,"key":"REST"},{"data":"Loop","floor":13,"key":"SMITH"},{"data":"Loop","floor":15,"key":"SMITH"}],"circlet_count":0,"master_deck":["AscendersBane","Strike_B","Strike_B","Strike_B","Strike_B","Defend_B","Defend_B","Defend_B","Defend_B","Zap+1","Dualcast","Storm","HandOfGreed+1","Leap","Cold Snap","Hologram","Loop+1","Streamline","Beam Cell","Loop+1","Cold Snap"],"relics":["Cracked Core","Golden Idol","StrikeDummy","Centennial Puzzle","Orrery"],"acts_visited":["Exordium"],"potions_floor_usage":[7,16],"damage_taken":[{"damage":11,"enemies":"Jaw Worm","floor":1,"turns":5},{"damage":1,"enemies":"Small Slimes","floor":4,"turns":4},{"damage":30,"enemies":"Lagavulin","floor":7,"turns":7},{"damage":5,"enemies":"2 Louse","floor":11,"turns":3},{"damage":17,"enemies":"Lots of Slimes","floor":14,"turns":5},{"damage":24,"enemies":"Hexaghost","floor":16,"turns":9}],"seed_played":"1463989292160167794","potions_obtained":[{"floor":1,"key":"FocusPotion"},{"floor":7,"key":"Energy Potion"}],"is_trial":false,"path_per_floor":["M","$","?","M","?","R","E","R","T","R","M","$","R","M","R","B"],"character_chosen":"DEFECT","items_purchased":["HandOfGreed","Orrery","Loop"],"campfire_rested":1,"item_purchase_floors":[2,12,12],"current_hp_per_floor":[53,53,53,52,52,52,22,22,22,41,36,36,36,19,19,0,0],"gold":40,"neow_bonus":"HUNDRED_GOLD","is_daily":false,"chose_seed":false,"campfire_upgraded":4,"win_rate":0.0,"timestamp":1613427909,"path_taken":["M","$","?","M","?","R","E","R","T","R","M","?","R","M","R","BOSS"],"items_purchased_type":["Card","Relic","Card"],"build_version":"2020-12-22","purchased_purges":0,"victory":false,"max_hp_per_floor":[71,71,64,64,64,64,64,64,64,64,64,64,64,64,64,64,64],"relic_stats":{"Centennial Puzzle":[9],"counters":[6,32],"Golden Idol":19,"obtain_stats":[{"Centennial Puzzle":9,"Golden Idol":3,"Orrery":12,"Cracked Core":0,"StrikeDummy":7},{"Centennial Puzzle":3,"Golden Idol":1,"Orrery":4,"Cracked Core":0,"StrikeDummy":3},{"Centennial Puzzle":16,"Golden Idol":5,"Orrery":19,"Cracked Core":0,"StrikeDummy":16}]},"card_choices":[{"not_picked":["Conserve Battery","Heatsinks"],"picked":"Storm","floor":1},{"not_picked":["Stack","Conserve Battery"],"picked":"Leap","floor":4},{"not_picked":["Fusion","Auto Shields"],"picked":"Cold Snap","floor":7},{"not_picked":["Heatsinks","Reprogram"],"picked":"Hologram","floor":11},{"not_picked":["Double Energy","Compile Driver"],"picked":"Loop","floor":12},{"not_picked":["Hyperbeam","Barrage"],"picked":"Streamline","floor":12},{"not_picked":["Fusion","Hologram"],"picked":"Beam Cell","floor":12},{"not_picked":["Stack","Beam Cell"],"picked":"Cold Snap","floor":14}],"player_experience":5341377,"relics_obtained":[{"floor":7,"key":"StrikeDummy"},{"floor":9,"key":"Centennial Puzzle"}],"event_choices":[{"damage_healed":0,"gold_gain":0,"player_choice":"Lose Max HP","damage_taken":0,"relics_obtained":["Golden Idol"],"max_hp_gain":0,"max_hp_loss":7,"event_name":"Golden Idol","floor":3,"gold_loss":0},{"damage_healed":0,"gold_gain":52,"player_choice":"Gained Gold","damage_taken":0,"max_hp_gain":0,"max_hp_loss":0,"event_name":"Golden Wing","floor":5,"gold_loss":0}],"is_beta":false,"boss_relics":[],"items_purged_floors":[],"is_endless":false,"potions_floor_spawned":[1,7],"killed_by":"Hexaghost","ascension_level":20}}