{"host":"2c84cb4cp1emursg","time":1613379768,"event":{"mods":["Act Like it!","BaseMod","Better Third Choice","Bossed Relics","Hermit","Mimic Mod","Minty Spire (QoL Compilation)","Permanent Neow","StSLib"],"gold_per_floor":[109,128,128,145,160,191,191,224,224,224,224],"floor_reached":10,"language":"ENG","playtime":498,"items_purged":[],"score":94,"play_id":"7767e7ec-ce1c-45b7-b114-7f912b5a1833","local_time":"20210215020248","is_ascension_mode":true,"campfire_choices":[{"data":"Concentrate","floor":7,"key":"SMITH"}],"circlet_count":0,"master_deck":["Strike_G+1","Strike_G","Strike_G","Strike_G","Strike_G+1","Defend_G","Defend_G","Defend_G","Defend_G","Defend_G","Survivor","Neutralize","Acrobatics","Bane","Noxious Fumes","Concentrate+1","Predator","Poisoned Stab"],"relics":["Philosopher\u0027s Stone","Nunchaku","StrikeDummy","Mercury Hourglass"],"acts_visited":["Exordium"],"potions_floor_usage":[4,6],"damage_taken":[{"damage":0,"enemies":"Jaw Worm","floor":1,"turns":4},{"damage":6,"enemies":"2 Louse","floor":2,"turns":3},{"damage":9,"enemies":"Small Slimes","floor":4,"turns":3},{"damage":7,"enemies":"Looter","floor":5,"turns":3},{"damage":13,"enemies":"3 Sentries","floor":6,"turns":7},{"damage":18,"enemies":"Gremlin Nob","floor":8,"turns":4},{"damage":8,"enemies":"Lagavulin","floor":10,"turns":3}],"seed_played":"4600547809550591811","potions_obtained":[{"floor":4,"key":"Fruit Juice"},{"floor":5,"key":"DistilledChaos"}],"is_trial":false,"path_per_floor":["M","M","?","M","M","E","R","E","T","E"],"character_chosen":"THE_SILENT","items_purchased":[],"campfire_rested":0,"item_purchase_floors":[],"current_hp_per_floor":[70,64,50,46,39,26,26,8,8,0,0],"gold":224,"neow_bonus":"BOSS_RELIC","is_daily":false,"chose_seed":false,"campfire_upgraded":1,"win_rate":0.0,"timestamp":1613379768,"path_taken":["M","M","?","M","M","E","R","E","T","E"],"items_purchased_type":[],"build_version":"2020-12-22","purchased_purges":0,"victory":false,"max_hp_per_floor":[70,70,70,75,75,75,75,75,75,75,75],"card_choices":[{"not_picked":["PiercingWail","Dodge and Roll"],"picked":"Acrobatics","floor":1},{"not_picked":["Flying Knee","Deadly Poison"],"picked":"Bane","floor":2},{"not_picked":["Riddle With Holes","Quick Slash"],"picked":"Noxious Fumes","floor":4},{"not_picked":["Bane","Choke"],"picked":"Concentrate","floor":5},{"not_picked":["Flying Knee","All Out Attack"],"picked":"Predator","floor":6},{"not_picked":["Deflect","Bane"],"picked":"Poisoned Stab","floor":8}],"player_experience":467546,"relics_obtained":[{"floor":6,"key":"Nunchaku"},{"floor":8,"key":"StrikeDummy"},{"floor":9,"key":"Mercury Hourglass"}],"event_choices":[{"damage_healed":64,"gold_gain":0,"player_choice":"Upgrade","damage_taken":14,"max_hp_gain":0,"max_hp_loss":70,"event_name":"betterThird:BetterShining","floor":3,"gold_loss":0,"cards_upgraded":["Strike_G","Strike_G"]}],"is_beta":false,"boss_relics":[],"items_purged_floors":[],"is_endless":false,"potions_floor_spawned":[4,5],"killed_by":"Lagavulin","ascension_level":4}}