{"host":"3jpcvpprzj9sjffh","time":1613398959,"event":{"mods":["AchievementEnabler","BaseMod","Colored Map","Minty Spire (QoL Compilation)","Rare Cards Sparkle","SuperFastMode","everything is the same but u backflip on backflip"],"gold_per_floor":[117,137,8,83,98,117,117,142,142,67,81,101,101,133,133,133,133],"floor_reached":16,"language":"KOR","playtime":524,"items_purged":["Strike_R"],"score":112,"play_id":"95675958-b10a-4ee2-b09a-cf2b7d4a9e16","local_time":"20210215232239","is_ascension_mode":false,"campfire_choices":[{"floor":7,"key":"REST"},{"floor":13,"key":"REST"},{"floor":15,"key":"REST"}],"circlet_count":0,"master_deck":["Strike_R","Strike_R","Strike_R","Strike_R","Defend_R","Defend_R","Defend_R","Defend_R","Bash","Apotheosis","Body Slam","Dual Wield","Metallicize","Armaments","True Grit","Evolve","Offering","Feel No Pain","Impervious"],"relics":["Burning Blood","Strawberry","Paper Frog","Magic Flower"],"acts_visited":["Exordium"],"potions_floor_usage":[],"damage_taken":[{"damage":15,"enemies":"Jaw Worm","floor":1,"turns":4},{"damage":5,"enemies":"Small Slimes","floor":2,"turns":4},{"damage":8,"enemies":"2 Louse","floor":5,"turns":4},{"damage":4,"enemies":"Large Slime","floor":6,"turns":5},{"damage":46,"enemies":"Lagavulin","floor":8,"turns":8},{"damage":19,"enemies":"2 Fungi Beasts","floor":11,"turns":5},{"damage":6,"enemies":"Blue Slaver","floor":12,"turns":7},{"damage":28,"enemies":"3 Sentries","floor":14,"turns":11},{"damage":46,"enemies":"The Guardian","floor":16,"turns":4}],"seed_played":"-1867660914142654126","potions_obtained":[{"floor":5,"key":"ElixirPotion"},{"floor":11,"key":"LiquidMemories"},{"floor":12,"key":"FearPotion"}],"is_trial":false,"path_per_floor":["M","M","$","?","M","M","R","E","T","$","M","M","R","E","R","B"],"character_chosen":"IRONCLAD","items_purchased":["Metallicize","Armaments"],"campfire_rested":3,"item_purchase_floors":[3,3],"current_hp_per_floor":[47,48,48,37,35,37,61,28,28,28,15,15,41,19,45,0,0],"gold":133,"neow_bonus":"RANDOM_COLORLESS_2","is_daily":false,"chose_seed":false,"campfire_upgraded":0,"win_rate":0.0,"timestamp":1613398959,"path_taken":["M","M","$","?","M","M","R","E","T","$","M","M","R","E","R","BOSS"],"items_purchased_type":["Card","Card"],"build_version":"2020-12-22","purchased_purges":1,"victory":false,"max_hp_per_floor":[80,80,80,80,80,80,80,87,87,87,87,87,87,87,87,87,87],"card_choices":[{"not_picked":["Chrysalis","Thinking Ahead"],"picked":"Apotheosis","floor":0},{"not_picked":["Blood for Blood","Sever Soul"],"picked":"Body Slam","floor":1},{"not_picked":["Warcry","Seeing Red"],"picked":"Dual Wield","floor":2},{"not_picked":["Blood for Blood","Pommel Strike"],"picked":"True Grit","floor":5},{"not_picked":["Uppercut","Battle Trance"],"picked":"Evolve","floor":6},{"not_picked":["Iron Wave","Rage"],"picked":"Offering","floor":8},{"not_picked":["Dropkick","Flex","Clothesline"],"picked":"SKIP","floor":11},{"not_picked":["Headbutt","True Grit"],"picked":"Feel No Pain","floor":12},{"not_picked":["Body Slam","Warcry"],"picked":"Impervious","floor":14}],"player_experience":332786,"relics_obtained":[{"floor":8,"key":"Strawberry"},{"floor":9,"key":"Paper Frog"},{"floor":14,"key":"Magic Flower"}],"event_choices":[{"damage_healed":0,"gold_gain":75,"player_choice":"Gather Gold","damage_taken":11,"max_hp_gain":0,"max_hp_loss":0,"event_name":"World of Goop","floor":4,"gold_loss":0}],"is_beta":false,"boss_relics":[],"items_purged_floors":[10],"is_endless":false,"potions_floor_spawned":[5,11,12],"killed_by":"The Guardian","ascension_level":0}}