{"host":"kg61lsvem4dxoat8","time":1613408337,"event":{"mods":["AchievementEnabler","BaseMod","Better Altar","Better Match","Better Sensory Stone","Better Skull","Block Reminder","Highlight Path","Minty Spire (QoL Compilation)","Quick Restart","Rare Cards Sparkle","Relic Sorter","Relic Stats","StSLib","Synergy Search","slay the spire mod where everything is the same but ironclad has a cowboy hat"],"gold_per_floor":[109,109,109,109,130,130,165,189,212,225,239,239,265,300,312,447,459,491,527,539,564,576,576],"floor_reached":22,"language":"ENG","playtime":437,"items_purged":[],"score":320,"play_id":"2e4bef47-39b8-4c08-9151-d9d35466c2d8","local_time":"20210216005857","is_ascension_mode":true,"campfire_choices":[{"data":"Armaments","floor":6,"key":"SMITH"},{"data":"Carnage","floor":15,"key":"SMITH"}],"circlet_count":0,"master_deck":["AscendersBane","Strike_R","Strike_R","Strike_R","Strike_R","Strike_R","Defend_R+1","Defend_R+1","Defend_R","Defend_R+1","Bash+1","Armaments+1","Cleave","Pommel Strike","Carnage+1","Demon Form","Dropkick","Thunderclap"],"relics":["Burning Blood","NeowsBlessing","Golden Idol","Turnip","Tiny Chest","War Paint","MawBank","Mark of Pain","Omamori"],"acts_visited":["Exordium","TheCity"],"potions_floor_usage":[14,16,18],"damage_taken":[{"damage":0,"enemies":"Jaw Worm","floor":1,"turns":1},{"damage":0,"enemies":"2 Louse","floor":5,"turns":1},{"damage":0,"enemies":"Lagavulin","floor":7,"turns":1},{"damage":1,"enemies":"Cultist","floor":8,"turns":3},{"damage":4,"enemies":"2 Fungi Beasts","floor":10,"turns":3},{"damage":2,"enemies":"Red Slaver","floor":11,"turns":5},{"damage":6,"enemies":"Exordium Thugs","floor":14,"turns":3},{"damage":45,"enemies":"Slime Boss","floor":16,"turns":11},{"damage":12,"enemies":"Spheric Guardian","floor":18,"turns":4},{"damage":28,"enemies":"2 Thieves","floor":19,"turns":3},{"damage":27,"enemies":"Snake Plant","floor":21,"turns":4},{"damage":29,"enemies":"Snecko","floor":22,"turns":3}],"seed_played":"-1777428398443494068","potions_obtained":[{"floor":10,"key":"Explosive Potion"},{"floor":11,"key":"AttackPotion"},{"floor":16,"key":"SkillPotion"},{"floor":19,"key":"Swift Potion"}],"is_trial":false,"path_per_floor":["M","?","?","T","M","R","E","M","T","M","M","?","T","M","R","B",null,"M","M","?","M","M"],"character_chosen":"IRONCLAD","items_purchased":[],"campfire_rested":0,"item_purchase_floors":[],"current_hp_per_floor":[78,62,62,62,68,68,74,74,74,74,74,74,74,74,74,35,64,58,36,36,15,0,0],"gold":576,"neow_bonus":"THREE_ENEMY_KILL","is_daily":false,"chose_seed":false,"campfire_upgraded":2,"win_rate":0.0,"timestamp":1613408337,"path_taken":["M","?","?","?","M","R","E","?","T","M","?","?","?","M","R","BOSS","M","M","?","M","?"],"items_purchased_type":[],"build_version":"2020-12-22","purchased_purges":0,"victory":false,"max_hp_per_floor":[80,80,74,74,74,74,74,74,74,74,74,74,74,74,74,74,74,74,74,74,74,74,74],"relic_stats":{"counters":[12,42],"Golden Idol":64,"Tiny Chest":1,"Turnip":[9],"War Paint":["Defend_R","Defend_R"],"MawBank":108,"obtain_stats":[{"NeowsBlessing":0,"Golden Idol":3,"Tiny Chest":7,"Turnip":4,"Mark of Pain":17,"Omamori":20,"War Paint":9,"MawBank":13,"Burning Blood":0},{"NeowsBlessing":0,"Golden Idol":1,"Tiny Chest":3,"Turnip":1,"Mark of Pain":8,"Omamori":10,"War Paint":4,"MawBank":6,"Burning Blood":0},{"NeowsBlessing":0,"Golden Idol":1,"Tiny Chest":3,"Turnip":1,"Mark of Pain":28,"Omamori":35,"War Paint":6,"MawBank":14,"Burning Blood":0}],"Burning Blood":55},"card_choices":[{"not_picked":["Clash","Flex","Armaments"],"picked":"SKIP","floor":1},{"not_picked":["Evolve","Rupture"],"picked":"Armaments","floor":5},{"not_picked":["Disarm","Headbutt"],"picked":"Cleave","floor":7},{"not_picked":["Twin Strike","Brutality","Iron Wave"],"picked":"SKIP","floor":8},{"not_picked":["Entrench","Clothesline"],"picked":"Pommel Strike","floor":10},{"not_picked":["Sword Boomerang","Armaments"],"picked":"Carnage","floor":11},{"not_picked":["Rage","Headbutt","Warcry"],"picked":"SKIP","floor":14},{"not_picked":["Impervious","Feed"],"picked":"Demon Form","floor":16},{"not_picked":["Perfected Strike","Iron Wave+1"],"picked":"Dropkick","floor":18},{"not_picked":["Second Wind","Pummel"],"picked":"Thunderclap","floor":19},{"not_picked":["Dual Wield","Limit Break","Blood for Blood"],"picked":"SKIP","floor":21}],"player_experience":1544210,"relics_obtained":[{"floor":4,"key":"Turnip"},{"floor":7,"key":"Tiny Chest"},{"floor":9,"key":"War Paint"},{"floor":13,"key":"MawBank"}],"event_choices":[{"damage_healed":0,"gold_gain":0,"player_choice":"Entered Light","damage_taken":16,"max_hp_gain":0,"max_hp_loss":0,"event_name":"Shining Light","floor":2,"gold_loss":0,"cards_upgraded":["Bash","Defend_R"]},{"damage_healed":0,"gold_gain":0,"player_choice":"Lose Max HP","damage_taken":0,"relics_obtained":["Golden Idol"],"max_hp_gain":0,"max_hp_loss":6,"event_name":"Golden Idol","floor":3,"gold_loss":0},{"damage_healed":0,"gold_gain":0,"player_choice":"Full Heal","damage_taken":0,"max_hp_gain":0,"max_hp_loss":0,"event_name":"Wheel of Change","floor":12,"gold_loss":0},{"damage_healed":0,"gold_gain":0,"player_choice":"Gave Potion","damage_taken":0,"relics_obtained":["Omamori"],"max_hp_gain":0,"max_hp_loss":0,"event_name":"WeMeetAgain","floor":20,"gold_loss":0}],"is_beta":false,"boss_relics":[{"not_picked":["Runic Dome","Pandora\u0027s Box"],"picked":"Mark of Pain"}],"items_purged_floors":[],"is_endless":false,"potions_floor_spawned":[10,11,16,19],"killed_by":"Snecko","ascension_level":10}}