{"host":"y36bp6mnm73x3iob","time":1613418010,"event":{"mods":["2.2 Compatiblity","BaseMod","Bossed Relics","GifTheSpireLib","Hermit","Minty Spire (QoL Compilation)","Reliquary","StSLib"],"gold_per_floor":[115,115,47,47,47,70,70,89,141,141,159,159,195,216,216,344,344,369,353,353,57,71,86,86,86],"floor_reached":24,"language":"ENG","playtime":843,"items_purged":["Strike_G"],"score":263,"play_id":"4036d853-2c99-4060-86fd-d2317364c147","local_time":"20210215214010","is_ascension_mode":true,"campfire_choices":[{"data":"Noxious Fumes","floor":7,"key":"SMITH"},{"data":"Neutralize","floor":10,"key":"SMITH"},{"data":"Calculated Gamble","floor":12,"key":"SMITH"},{"data":"Noxious Fumes","floor":15,"key":"SMITH"}],"circlet_count":0,"master_deck":["Strike_G","Strike_G","Strike_G","Strike_G","Defend_G","Defend_G","Defend_G","Defend_G","Defend_G","Survivor","Neutralize+1","Riddle With Holes+1","Noxious Fumes+1","Backflip","Cloak And Dagger","Calculated Gamble+1","Leg Sweep+1","Noxious Fumes+1","Malaise","Outmaneuver","Dash+1","Noxious Fumes","Noxious Fumes+1","Leg Sweep","Noxious Fumes"],"relics":["Coffee Dripper","Calipers","Golden Idol","Bag of Preparation","reliquary:Buckler","reliquary:Ember","DollysMirror"],"acts_visited":["Exordium","TheCity"],"potions_floor_usage":[11,11,11,14,23,23,24,24],"damage_taken":[{"damage":0,"enemies":"Small Slimes","floor":1,"turns":4},{"damage":2,"enemies":"Jaw Worm","floor":6,"turns":4},{"damage":0,"enemies":"2 Louse","floor":8,"turns":2},{"damage":0,"enemies":"Gremlin Gang","floor":11,"turns":5},{"damage":27,"enemies":"Gremlin Nob","floor":13,"turns":5},{"damage":0,"enemies":"Lots of Slimes","floor":14,"turns":4},{"damage":9,"enemies":"Hexaghost","floor":16,"turns":8},{"damage":4,"enemies":"3 Byrds","floor":18,"turns":4},{"damage":11,"enemies":"2 Thieves","floor":19,"turns":4},{"damage":12,"enemies":"Centurion and Healer","floor":22,"turns":6},{"damage":9,"enemies":"3 Cultists","floor":23,"turns":5},{"damage":29,"enemies":"Slavers","floor":24,"turns":3}],"seed_played":"-7488268739216393541","potions_obtained":[{"floor":6,"key":"EntropicBrew"},{"floor":13,"key":"Fire Potion"},{"floor":14,"key":"Weak Potion"},{"floor":20,"key":"Strength Potion"},{"floor":22,"key":"Strength Potion"},{"floor":23,"key":"Energy Potion"}],"is_trial":false,"path_per_floor":["M","?","$","?","?","M","R","M","T","R","M","R","E","M","R","B",null,"M","M","?","$","M","M","E"],"character_chosen":"THE_SILENT","items_purchased":["Noxious Fumes","Noxious Fumes","DollysMirror"],"campfire_rested":0,"item_purchase_floors":[3,21,21],"current_hp_per_floor":[70,63,63,63,65,63,63,63,63,63,63,63,36,36,36,27,65,61,50,50,50,38,29,0,0],"gold":86,"neow_bonus":"BOSS_RELIC","is_daily":false,"chose_seed":false,"campfire_upgraded":4,"win_rate":0.0,"timestamp":1613418010,"path_taken":["M","?","$","?","?","M","R","?","T","R","M","R","E","M","R","BOSS","M","?","?","$","M","M","E"],"items_purchased_type":["Card","Card","Relic"],"build_version":"2020-12-22","purchased_purges":1,"victory":false,"max_hp_per_floor":[70,70,70,65,65,65,65,65,65,65,65,65,65,65,65,65,65,65,65,65,65,65,65,65,65],"card_choices":[{"not_picked":["Acrobatics","Underhanded Strike"],"picked":"Riddle With Holes","floor":1},{"not_picked":["Quick Slash","Reflex"],"picked":"Backflip","floor":6},{"not_picked":["Flying Knee","All Out Attack"],"picked":"Cloak And Dagger","floor":8},{"not_picked":["Dodge and Roll","Prepared"],"picked":"Calculated Gamble","floor":11},{"not_picked":["Backflip","Heel Hook"],"picked":"Leg Sweep","floor":13},{"not_picked":["Deadly Poison","Poisoned Stab"],"picked":"Noxious Fumes","floor":14},{"not_picked":["Night Terror","Grand Finale"],"picked":"Malaise","floor":16},{"not_picked":["Slice","Bane"],"picked":"Outmaneuver","floor":18},{"not_picked":["Poisoned Stab","Underhanded Strike"],"picked":"Dash+1","floor":19},{"not_picked":["Dash+1","Choke"],"picked":"Leg Sweep","floor":22},{"not_picked":["Accuracy","Dodge and Roll+1"],"picked":"Noxious Fumes","floor":23}],"player_experience":555429,"relics_obtained":[{"floor":9,"key":"Bag of Preparation"},{"floor":13,"key":"reliquary:Buckler"}],"event_choices":[{"damage_healed":0,"gold_gain":0,"player_choice":"Success","damage_taken":7,"relics_obtained":["Calipers"],"max_hp_gain":0,"max_hp_loss":0,"event_name":"Scrap Ooze","floor":2,"gold_loss":0},{"damage_healed":0,"gold_gain":0,"player_choice":"Lose Max HP","damage_taken":0,"relics_obtained":["Golden Idol"],"max_hp_gain":0,"max_hp_loss":5,"event_name":"Golden Idol","floor":4,"gold_loss":0},{"damage_healed":2,"gold_gain":0,"player_choice":"Full Heal","damage_taken":0,"max_hp_gain":0,"max_hp_loss":0,"event_name":"Wheel of Change","floor":5,"gold_loss":0},{"damage_healed":0,"gold_gain":0,"player_choice":"Got Potions","damage_taken":0,"max_hp_gain":0,"max_hp_loss":0,"event_name":"Lab","floor":20,"gold_loss":0}],"is_beta":false,"boss_relics":[{"not_picked":["reliquary:RedCape","Black Star"],"picked":"reliquary:Ember"}],"items_purged_floors":[21],"is_endless":false,"potions_floor_spawned":[6,13,14,22,23],"killed_by":"Slavers","ascension_level":4}}