{"host":"5z7rhcocprldured","time":1613365233,"event":{"mods":["2.2 Compatiblity","AchievementEnabler","AlwaysNeverKeys","BaseMod","Best Route Mod","Better Altar","Better Match","Better Note","Better Sensory Stone","Better Skull","Better Third Choice","BetterRewards","Block Reminder","Colored Map","Colored Powertips","Displayed Cursed Tome","Downfall","Emptier Cage","Energized Spire","Minty Spire (QoL Compilation)","Permanent Neow","Rare Cards Sparkle","SacredBarkPlus","Spicy Shops","StSLib","Synergy Search","Unceasing Turn Reminder"],"gold_per_floor":[119,129,142,158,158,177,194,194,194,194,222,222,237,250,250,346,346,363,375,385,395,66,93,103,119,119,139,64,64,80,7,7,102,102,122,172,172,172,184,184,199,199,226,226,243,243,260,315,315,315,315,315,5,40,40],"floor_reached":56,"language":"ENG","playtime":3011,"items_purged":["Strike_G"],"score":1477,"play_id":"a5a8aef6-72c8-4922-ba6f-208ce2e35586","local_time":"20210215050033","is_ascension_mode":false,"campfire_choices":[{"floor":10.0,"key":"REST"},{"floor":15,"key":"REST"},{"floor":29,"key":"REST"},{"floor":32,"key":"REST"},{"floor":40,"key":"REST"},{"floor":42,"key":"REST"},{"floor":46,"key":"REST"},{"floor":49,"key":"REST"},{"data":"Caltrops","floor":52,"key":"SMITH"}],"circlet_count":0,"master_deck":["Strike_G","Strike_G","Defend_G","Defend_G","Defend_G","Defend_G","Defend_G","Survivor","Neutralize","Apotheosis+1","Outmaneuver","Blur","Deadly Poison+1","Cloak And Dagger","Night Terror","Backstab","Prepared","Terror","Dagger Spray","Envenom","Flying Knee+1","Flying Knee+1","Flying Knee","Malaise","Caltrops+1","Noxious Fumes","Bouncing Flask","Infinite Blades","Bouncing Flask","Catalyst","Storm of Steel","Dash","Cloak And Dagger+1","Well Laid Plans+1","Outmaneuver","Prepared+1","Corpse Explosion","Cloak And Dagger+1"],"relics":["Ring of the Serpent","Bag of Marbles","TungstenRod","Lee\u0027s Waffle","Bag of Preparation","Shuriken","energizedSpire:DeadBattery","Tingsha","Regal Pillow","White Beast Statue","CaptainsWheel","Ice Cream","Pantograph"],"acts_visited":["Exordium","TheCity","TheBeyond","TheEnding"],"potions_floor_usage":[16,16,16,18,25,33,47,47,48,50,55],"damage_taken":[{"damage":1.0,"enemies":"Small Slimes","floor":1.0,"turns":3.0},{"damage":1.0,"enemies":"2 Louse","floor":2.0,"turns":3.0},{"damage":4.0,"enemies":"Cultist","floor":3.0,"turns":5.0},{"damage":19.0,"enemies":"Gremlin Gang","floor":4.0,"turns":7.0},{"damage":3.0,"enemies":"2 Fungi Beasts","floor":6.0,"turns":5.0},{"damage":6.0,"enemies":"3 Louse","floor":7.0,"turns":5.0},{"damage":38.0,"enemies":"Gremlin Nob","floor":11.0,"turns":5.0},{"damage":0,"enemies":"Large Slime","floor":13,"turns":7},{"damage":0,"enemies":"Looter","floor":14,"turns":2},{"damage":8,"enemies":"The Guardian","floor":16,"turns":10},{"damage":22,"enemies":"2 Thieves","floor":18,"turns":5},{"damage":0,"enemies":"3 Byrds","floor":19,"turns":5},{"damage":11,"enemies":"Snake Plant","floor":20,"turns":5},{"damage":13,"enemies":"3 Cultists","floor":21,"turns":5},{"damage":25,"enemies":"Gremlin Leader","floor":23,"turns":8},{"damage":15,"enemies":"Shelled Parasite and Fungi","floor":24,"turns":5},{"damage":27,"enemies":"Cultist and Chosen","floor":25,"turns":6},{"damage":14,"enemies":"Snecko","floor":27,"turns":7},{"damage":1,"enemies":"Snake Plant","floor":30,"turns":4},{"damage":0,"enemies":"Champ","floor":33,"turns":7},{"damage":8,"enemies":"Orb Walker","floor":35,"turns":3},{"damage":22,"enemies":"Mind Bloom Boss Battle","floor":36,"turns":9},{"damage":1,"enemies":"3 Shapes","floor":39,"turns":4},{"damage":22,"enemies":"Jaw Worm Horde","floor":41,"turns":5},{"damage":25,"enemies":"Spire Growth","floor":45,"turns":6},{"damage":19,"enemies":"3 Darklings","floor":47,"turns":5},{"damage":22,"enemies":"2 Orb Walkers","floor":48,"turns":5},{"damage":61,"enemies":"Awakened One","floor":50,"turns":13},{"damage":70,"enemies":"Shield and Spear","floor":54,"turns":7},{"damage":188,"enemies":"The Heart","floor":55,"turns":10}],"seed_played":"-587231829125271498","potions_obtained":[{"floor":3.0,"key":"SpeedPotion"},{"floor":11.0,"key":"ColorlessPotion"},{"floor":13,"key":"SpeedPotion"},{"floor":16,"key":"Fruit Juice"},{"floor":20,"key":"SteroidPotion"},{"floor":21,"key":"Poison Potion"},{"floor":24,"key":"Dexterity Potion"},{"floor":30,"key":"EssenceOfSteel"},{"floor":36,"key":"GamblersBrew"},{"floor":41,"key":"BlessingOfTheForge"},{"floor":47,"key":"GhostInAJar"},{"floor":48,"key":"hexamod:SoulburnPotion"},{"floor":54,"key":"ColorlessPotion"}],"is_trial":false,"path_per_floor":["M","M","M","M","?","M","M","?","T","R","E","?","M","M","R","B",null,"M","M","M","M","$","E","M","M","T","M","?","R","M","$","R","B",null,"M","?","?","?","M","R","M","R","T","T","M","R","M","?","R","B",null,"R","$","E","B",null],"character_chosen":"THE_SILENT","items_purchased":["Apotheosis","Lee\u0027s Waffle","Caltrops","Catalyst","Ice Cream"],"campfire_rested":8,"item_purchase_floors":[0,22,22,31,53],"current_hp_per_floor":[69,68,64,45,38,35,29,29,29,50,12,12,12,12,33,25,70,53,53,42,29,82,57,42,15,15,1,1,25,24,24,48,48,82,74,52,52,52,51,74,52,75,75,75,50,78,59,37,75,14,78,78,78,78,44],"gold":40,"neow_bonus":"","is_daily":false,"chose_seed":false,"campfire_upgraded":1,"win_rate":0.0,"timestamp":1613365233,"path_taken":["M","M","M","M","?","M","M","?","T","R","E","?","M","?","R","BOSS","M","?","M","M","$","E","M","M","T","M","?","R","M","$","R","BOSS","M","?","?","?","M","R","?","R","T","?","M","R","M","?","R","BOSS","R","$","E","BOSS"],"items_purchased_type":["Card","Relic","Card","Card","Relic"],"build_version":"2020-12-22","purchased_purges":1,"victory":true,"max_hp_per_floor":[70,70,70,70,70,70,70,70,70,70,70,70,70,70,70,70,70,75,75,75,75,82,82,82,82,82,82,82,82,82,82,82,82,82,82,82,82,78,78,78,78,78,78,78,78,78,78,78,78,78,78,78,78,78,78],"card_choices":[{"not_picked":["Backflip","Dash"],"picked":"Outmaneuver","floor":1.0},{"not_picked":["Reflex","Bane"],"picked":"Blur","floor":2.0},{"not_picked":["Bane","Dodge and Roll"],"picked":"Deadly Poison","floor":3.0},{"not_picked":["Endless Agony","Flechettes"],"picked":"Cloak And Dagger","floor":4.0},{"not_picked":["Riddle With Holes","Quick Slash"],"picked":"Night Terror","floor":6.0},{"not_picked":["Prepared","Quick Slash"],"picked":"Backstab","floor":7.0},{"not_picked":["Acrobatics","Slice"],"picked":"Prepared","floor":11.0},{"not_picked":["Dash","Underhanded Strike"],"picked":"Terror","floor":13},{"not_picked":["Sucker Punch","Escape Plan"],"picked":"Dagger Spray","floor":14},{"not_picked":["Unload","Wraith Form v2"],"picked":"Envenom","floor":16},{"not_picked":["Slice","Deflect+1"],"picked":"Flying Knee+1","floor":18},{"not_picked":["Deflect","Acrobatics"],"picked":"Flying Knee+1","floor":19},{"not_picked":["Poisoned Stab","Acrobatics"],"picked":"Flying Knee","floor":20},{"not_picked":["Prepared","Outmaneuver+1"],"picked":"Malaise","floor":21},{"not_picked":["Poisoned Stab+1","After Image"],"picked":"Noxious Fumes","floor":23},{"not_picked":["Quick Slash","Deadly Poison"],"picked":"Bouncing Flask","floor":24},{"not_picked":["Concentrate","Poisoned Stab+1"],"picked":"Infinite Blades","floor":25},{"not_picked":["Dagger Spray","Flying Knee"],"picked":"Bouncing Flask","floor":27},{"not_picked":["Bane","Underhanded Strike+1","Flying Knee"],"picked":"SKIP","floor":30},{"not_picked":["Night Terror","Tools of the Trade"],"picked":"Storm of Steel","floor":33},{"not_picked":["Outmaneuver","Skewer"],"picked":"Dash","floor":35},{"not_picked":["Outmaneuver","Expertise+1"],"picked":"Cloak And Dagger+1","floor":36},{"not_picked":["Slice","Bane+1"],"picked":"Well Laid Plans+1","floor":39},{"not_picked":["Predator+1","Acrobatics+1"],"picked":"Outmaneuver","floor":41},{"not_picked":["Flying Knee+1","Calculated Gamble+1"],"picked":"Prepared+1","floor":45},{"not_picked":["Backflip+1","Poisoned Stab"],"picked":"Corpse Explosion","floor":47},{"not_picked":["Backflip","Flying Knee+1"],"picked":"Cloak And Dagger+1","floor":48},{"not_picked":["Bane+1","Grand Finale","Reflex+1"],"picked":"SKIP","floor":54}],"player_experience":182298,"relics_obtained":[{"floor":9.0,"key":"Bag of Marbles"},{"floor":11.0,"key":"TungstenRod"},{"floor":23,"key":"Bag of Preparation"},{"floor":26,"key":"Shuriken"},{"floor":36,"key":"Tingsha"},{"floor":43,"key":"Regal Pillow"},{"floor":44,"key":"White Beast Statue"},{"floor":48,"key":"CaptainsWheel"},{"floor":54,"key":"Pantograph"}],"event_choices":[{"cards_removed":["Strike_G"],"damage_healed":0.0,"max_hp_gain":0.0,"max_hp_loss":0.0,"gold_gain":0.0,"event_name":"Golden Wing","player_choice":"Card Removal","floor":5.0,"gold_loss":0.0,"damage_taken":7.0},{"damage_healed":0.0,"max_hp_gain":0.0,"max_hp_loss":0.0,"gold_gain":0.0,"event_name":"Living Wall","player_choice":"Grow","floor":8.0,"gold_loss":0.0,"damage_taken":0.0,"cards_upgraded":["Apotheosis"]},{"damage_healed":0.0,"max_hp_gain":0.0,"max_hp_loss":0.0,"gold_gain":0.0,"event_name":"Upgrade Shrine","player_choice":"Upgraded","floor":12.0,"gold_loss":0.0,"damage_taken":0.0,"cards_upgraded":["Deadly Poison"]},{"damage_healed":0,"gold_gain":0,"player_choice":"3","damage_taken":0,"max_hp_gain":0,"max_hp_loss":0,"event_name":"betterMatch:BetterMatch","floor":28,"gold_loss":0,"cards_obtained":[]},{"damage_healed":0,"gold_gain":0,"player_choice":"Fight","damage_taken":0,"max_hp_gain":0,"max_hp_loss":0,"event_name":"MindBloom","floor":36,"gold_loss":0},{"cards_removed":["Strike_G"],"damage_healed":0,"gold_gain":0,"player_choice":"Removed Attack","damage_taken":0,"max_hp_gain":0,"max_hp_loss":0,"event_name":"Falling","floor":37,"gold_loss":0},{"damage_healed":0,"gold_gain":0,"player_choice":"Max HP","damage_taken":0,"max_hp_gain":0,"max_hp_loss":4,"event_name":"Winding Halls","floor":38,"gold_loss":0},{"damage_healed":0,"gold_gain":0,"player_choice":"Fight","damage_taken":0,"max_hp_gain":0,"max_hp_loss":0,"event_name":"Mysterious Sphere","floor":48,"gold_loss":0}],"is_beta":false,"boss_relics":[{"not_picked":["energizedSpire:RedRose","energizedSpire:StickyHand"],"picked":"Ring of the Serpent"},{"not_picked":["Pandora\u0027s Box","energizedSpire:HugeHouse"],"picked":"energizedSpire:DeadBattery"}],"items_purged_floors":[22],"is_endless":false,"potions_floor_spawned":[3,11,13,16,20,21,24,30,36,41,45,47,48,54],"ascension_level":0}}