{"host":"e8062yfkmywf26f0","time":1613352804,"event":{"mods":["AchievementEnabler","BaseMod","Colored Map","Minty Spire (QoL Compilation)","Quick Restart","Shop Mod","StSLib"],"gold_per_floor":[99,28,28,28,28,28,28,28,28,28,28,28,0,0,0,0,0],"floor_reached":16,"language":"ENG","playtime":998,"items_purged":[],"score":112,"play_id":"2cb019aa-0db9-4ab8-9b94-626950001c6d","local_time":"20210215013324","is_ascension_mode":false,"campfire_choices":[{"data":"Infinite Blades","floor":6,"key":"SMITH"},{"floor":12,"key":"REST"},{"data":"Cloak And Dagger","floor":15,"key":"SMITH"}],"circlet_count":0,"master_deck":["Strike_G","Strike_G","Strike_G","Strike_G","Strike_G","Defend_G","Defend_G","Defend_G","Defend_G","Survivor","Neutralize","Blade Dance","Infinite Blades+1","Poisoned Stab","Dagger Throw","Cloak And Dagger+1","Finisher+1","Underhanded Strike+1"],"relics":["Ectoplasm","Peace Pipe","InkBottle","Molten Egg 2"],"acts_visited":["Exordium"],"potions_floor_usage":[],"damage_taken":[{"damage":0,"enemies":"Cultist","floor":1,"turns":4},{"damage":0,"enemies":"Small Slimes","floor":4,"turns":3},{"damage":0,"enemies":"2 Louse","floor":5,"turns":3},{"damage":18,"enemies":"3 Sentries","floor":7,"turns":8},{"damage":6,"enemies":"Large Slime","floor":8,"turns":5},{"damage":9,"enemies":"Gremlin Nob","floor":10,"turns":4},{"damage":8,"enemies":"3 Louse","floor":11,"turns":2},{"damage":1,"enemies":"Looter","floor":13,"turns":3},{"damage":57,"enemies":"The Guardian","floor":16,"turns":10}],"seed_played":"2729704691827377857","potions_obtained":[{"floor":8,"key":"SpeedPotion"},{"floor":11,"key":"LiquidBronze"},{"floor":13,"key":"Swift Potion"}],"is_trial":false,"path_per_floor":["M","$","?","M","M","R","E","M","T","E","M","R","M","?","R","B"],"character_chosen":"THE_SILENT","items_purchased":["Infinite Blades"],"campfire_rested":1,"item_purchase_floors":[2],"current_hp_per_floor":[70,70,70,70,70,70,52,46,46,37,29,50,49,49,49,0,0],"gold":0,"neow_bonus":"BOSS_RELIC","is_daily":false,"chose_seed":false,"campfire_upgraded":2,"win_rate":0.0,"timestamp":1613352804,"path_taken":["M","$","?","M","M","R","E","M","T","E","M","R","?","?","R","BOSS"],"items_purchased_type":["Card"],"build_version":"2020-12-22","purchased_purges":0,"victory":false,"max_hp_per_floor":[70,70,70,70,70,70,70,70,70,70,70,70,70,70,70,70,70],"card_choices":[{"not_picked":["Deflect","Cloak And Dagger"],"picked":"Blade Dance","floor":1},{"not_picked":["Predator","Slice","Acrobatics"],"picked":"SKIP","floor":4},{"not_picked":["Deflect","Backflip"],"picked":"Poisoned Stab","floor":5},{"not_picked":["PiercingWail","Backflip","Blur"],"picked":"SKIP","floor":7},{"not_picked":["Footwork","Backflip"],"picked":"Dagger Throw","floor":8},{"not_picked":["Finisher+1","Distraction"],"picked":"Cloak And Dagger","floor":10},{"not_picked":["Backflip","Sucker Punch+1"],"picked":"Finisher+1","floor":11},{"not_picked":["Dagger Throw+1","Sucker Punch+1"],"picked":"Underhanded Strike+1","floor":13}],"player_experience":100143,"relics_obtained":[{"floor":7,"key":"Peace Pipe"},{"floor":9,"key":"InkBottle"},{"floor":10,"key":"Molten Egg 2"}],"event_choices":[{"damage_healed":0,"gold_gain":100,"player_choice":"Pray","damage_taken":0,"max_hp_gain":0,"max_hp_loss":0,"event_name":"Golden Shrine","floor":3,"gold_loss":0},{"cards_removed":["Defend_G"],"damage_healed":0,"gold_gain":0,"player_choice":"Offered Basic","damage_taken":0,"max_hp_gain":0,"max_hp_loss":0,"event_name":"Bonfire Elementals","floor":14,"gold_loss":0}],"is_beta":false,"boss_relics":[],"items_purged_floors":[],"is_endless":false,"potions_floor_spawned":[8,11,13],"killed_by":"The Guardian","ascension_level":0}}