{"host":"hka8b3f4pkvnp4ei","time":1613396556,"event":{"mods":["BaseMod","Minty Spire (QoL Compilation)","Quick Restart","Replay The Spire","StSLib"],"gold_per_floor":[109,109,124,124,43,77,77,105,105,124,158,158,158,1,1,77,77,93,93,113,129,129,129,155,155,155,183,200,200,227,245,245,323,323,339,309,321,246,257,286,286,318,318,351,351,370,370,160,160,160,160,160,160,13,48,48],"floor_reached":57,"language":"ZHS","playtime":2626,"items_purged":["Defend_P","Strike_P+1","Strike_P+1"],"score":3938,"play_id":"ad840004-437c-43ce-8268-a2908da22e36","local_time":"20210215214236","is_ascension_mode":true,"campfire_choices":[{"data":"Eruption","floor":7.0,"key":"SMITH"},{"data":"Adaptation","floor":12.0,"key":"SMITH"},{"data":"Defend_P","floor":15.0,"key":"PURGE"},{"floor":23.0,"key":"REST"},{"data":"Omniscience","floor":41.0,"key":"SMITH"},{"data":"Vault","floor":41.0,"key":"SMITH"},{"data":"Prostrate","floor":45.0,"key":"SMITH"},{"data":"Tantrum","floor":45.0,"key":"SMITH"},{"floor":49.0,"key":"RECALL"},{"data":"Devotion","floor":53.0,"key":"SMITH"},{"data":"InnerPeace","floor":53.0,"key":"SMITH"}],"circlet_count":0,"master_deck":["AscendersBane","Defend_P+1","Eruption+1","Vigilance","TalkToTheHand+1","Wallop+1","Adaptation+1","Omniscience+1","BowlingBash","Prostrate+1","Adaptation+1","Devotion+1","Tantrum+1","InnerPeace+1","Vault+1","Wallop"],"relics":["HolyWater","Replay:Bottled Eggs","Dream Catcher","Bottled Flame","Replay:Accelerometer","Vajra","Question Card","ClockworkSouvenir","StrikeDummy","Bird Faced Urn","Replay:Arrowhead","Ginger","Orichalcum","Coffee Dripper","FossilizedHelix","Replay:PocketPolymizer","Ornamental Fan","Membership Card","TheAbacus","Replay:Purple Gloves"],"acts_visited":["Exordium","TheCity","TheBeyond","TheEnding"],"potions_floor_usage":[56],"damage_taken":[{"damage":0.0,"enemies":"Jaw Worm","floor":1.0,"turns":3.0},{"damage":2.0,"enemies":"Small Slimes","floor":3.0,"turns":2.0},{"damage":4.0,"enemies":"Replay:BlueRogue","floor":6.0,"turns":3.0},{"damage":4.0,"enemies":"Lagavulin","floor":8.0,"turns":6.0},{"damage":0.0,"enemies":"2 Louse","floor":10.0,"turns":1.0},{"damage":2.0,"enemies":"3 Sentries","floor":11.0,"turns":5.0},{"damage":10.0,"enemies":"The Guardian","floor":16.0,"turns":10.0},{"damage":3.0,"enemies":"2 Thieves","floor":18.0,"turns":3.0},{"damage":6.0,"enemies":"Shell Parasite","floor":20.0,"turns":2.0},{"damage":4.0,"enemies":"Chosen and Byrds","floor":21.0,"turns":4.0},{"damage":0.0,"enemies":"Gremlin Leader","floor":24.0,"turns":3.0},{"damage":40.0,"enemies":"Book of Stabbing","floor":27.0,"turns":5.0},{"damage":0.0,"enemies":"3 Cultists","floor":28.0,"turns":4.0},{"damage":0.0,"enemies":"Centurion and Healer","floor":31.0,"turns":4.0},{"damage":25.0,"enemies":"Pondfish","floor":33.0,"turns":8.0},{"damage":0.0,"enemies":"3 Shapes","floor":35.0,"turns":8.0},{"damage":0.0,"enemies":"Orb Walker","floor":37.0,"turns":1.0},{"damage":19.0,"enemies":"Jaw Worm Horde","floor":39.0,"turns":3.0},{"damage":22.0,"enemies":"R_Hoarder","floor":40.0,"turns":8.0},{"damage":0.0,"enemies":"Giant Head","floor":42.0,"turns":5.0},{"damage":0.0,"enemies":"R_Hoarder","floor":44.0,"turns":6.0},{"damage":0.0,"enemies":"3 Darklings","floor":46.0,"turns":4.0},{"damage":0.0,"enemies":"Awakened One","floor":50.0,"turns":6.0},{"damage":0.0,"enemies":"Donu and Deca","floor":51.0,"turns":2.0},{"damage":20.0,"enemies":"Shield and Spear","floor":55.0,"turns":5.0},{"damage":0,"enemies":"The Heart","floor":56,"turns":6}],"seed_played":"-1849897584521421672","potions_obtained":[{"floor":1.0,"key":"Energy Potion"},{"floor":11.0,"key":"ColorlessPotion"},{"floor":16.0,"key":"BottledMiracle"},{"floor":18.0,"key":"AttackPotion"},{"floor":31.0,"key":"FearPotion"},{"floor":35.0,"key":"AttackPotion"},{"floor":36.0,"key":"FearPotion"},{"floor":37.0,"key":"Toxic Potion"},{"floor":42.0,"key":"AttackPotion"},{"floor":55.0,"key":"Fruit Juice"}],"is_trial":false,"path_per_floor":["M","?","M","?","$","E","R","E","T","M","E","R","?","$","R","B",null,"M","$","M","M","?","R","E","T","T","E","M","?","T","M","R","B",null,"M","?","M","$","M","E","R","E","T","E","R","M","?","$","R","B","B",null,"R","$","E","B",null],"character_chosen":"WATCHER","items_purchased":["Wallop","ClockworkSouvenir","Membership Card","TheAbacus"],"campfire_rested":1,"item_purchase_floors":[5,14,48,54],"current_hp_per_floor":[61,50,48,29,29,25,25,21,21,21,19,19,19,19,19,9,49,46,46,40,36,19,39,39,39,39,3,7,7,7,11,31,10,53,61,61,61,61,48,38,38,46,46,54,54,62,62,62,62,67,67,67,67,67,52,58],"gold":48,"neow_bonus":"REMOVE_TWO","is_daily":false,"chose_seed":false,"campfire_upgraded":8,"win_rate":0.0,"timestamp":1613396556,"path_taken":["M","?","M","?","$","E","R","E","T","M","E","R","?","$","R","BOSS","M","$","?","M","?","R","E","?","T","E","M","?","?","?","R","BOSS","M","?","M","$","?","E","R","E","T","E","R","M","?","$","R","BOSS","BOSS","R","$","E","BOSS"],"items_purchased_type":["Card","Relic","Relic","Relic"],"build_version":"2020-12-22","purchased_purges":3,"victory":true,"max_hp_per_floor":[62,62,62,62,62,62,62,62,62,62,62,62,62,62,62,62,62,62,62,62,62,67,67,67,67,67,67,67,67,67,67,67,67,67,67,67,67,67,67,67,67,67,67,67,67,67,67,67,67,67,67,67,67,67,72,72],"card_choices":[{"not_picked":["FlurryOfBlows","CutThroughFate"],"picked":"TalkToTheHand","floor":1.0},{"not_picked":["FollowUp","SashWhip","Replay:ManipulateFuture"],"picked":"SKIP","floor":3.0},{"not_picked":["Replay:Vibes","SpiritShield","Halt"],"picked":"SKIP","floor":6.0},{"not_picked":["Sanctity","Replay:ManipulateFuture"],"picked":"Adaptation","floor":8.0},{"not_picked":["Evaluate","ClearTheMind","LikeWater"],"picked":"SKIP","floor":10.0},{"not_picked":["Fasting2","Crescendo","Vengeance"],"picked":"SKIP","floor":11.0},{"not_picked":["Ragnarok","Devotion","Alpha"],"picked":"Omniscience","floor":16.0},{"not_picked":["Replay:DivineShield","JustLucky","Replay:BluntJabs"],"picked":"BowlingBash","floor":18.0},{"not_picked":["FlyingSleeves","Replay:Cycle","WreathOfFlame","Protect"],"picked":"SKIP","floor":20.0},{"not_picked":["Protect","BattleHymn","Halt"],"picked":"Prostrate","floor":21.0},{"not_picked":["EmptyBody","WaveOfTheHand","Nirvana"],"picked":"Adaptation+1","floor":24.0},{"not_picked":["CutThroughFate","Alpha","Meditate","WreathOfFlame"],"picked":"SKIP","floor":27.0},{"not_picked":["LikeWater","CrushJoints","SashWhip+1","Crescendo"],"picked":"SKIP","floor":28.0},{"not_picked":["Replay:AtTheReady","SashWhip","PathToVictory+1","CrushJoints"],"picked":"SKIP","floor":31.0},{"not_picked":["Omniscience","ConjureBlade","MasterReality"],"picked":"Devotion","floor":33.0},{"not_picked":["Indignation","Replay:AtTheReady","CutThroughFate"],"picked":"Tantrum","floor":35.0},{"not_picked":["ClearTheMind","FollowUp","Swivel"],"picked":"InnerPeace","floor":37.0},{"not_picked":["Adaptation","CrushJoints","FollowUp"],"picked":"Vault","floor":39.0},{"not_picked":["LikeWater","Replay:Anticipation","Replay:AtTheReady","BowlingBash"],"picked":"SKIP","floor":40.0},{"not_picked":["Consecrate","FlurryOfBlows","LikeWater","ClearTheMind"],"picked":"SKIP","floor":42.0},{"not_picked":["Halt","Replay:Hum+1","Replay:BluntJabs","Meditate"],"picked":"SKIP","floor":44.0},{"not_picked":["Protect","Conclude","Crescendo","ThirdEye+1"],"picked":"SKIP","floor":46.0},{"not_picked":["Devotion","Evaluate","Perseverance","SashWhip"],"picked":"SKIP","floor":55.0}],"player_experience":484435,"relics_obtained":[{"floor":6.0,"key":"Dream Catcher"},{"floor":8.0,"key":"Bottled Flame"},{"floor":9.0,"key":"Replay:Accelerometer"},{"floor":11.0,"key":"Vajra"},{"floor":24.0,"key":"StrikeDummy"},{"floor":25.0,"key":"Bird Faced Urn"},{"floor":26.0,"key":"Replay:Arrowhead"},{"floor":27.0,"key":"Ginger"},{"floor":30.0,"key":"Orichalcum"},{"floor":40.0,"key":"FossilizedHelix"},{"floor":42.0,"key":"Replay:PocketPolymizer"},{"floor":44.0,"key":"Ornamental Fan"},{"floor":55.0,"key":"Replay:Purple Gloves"}],"event_choices":[{"damage_healed":0.0,"max_hp_gain":0.0,"max_hp_loss":0.0,"gold_gain":0.0,"event_name":"Scrap Ooze","player_choice":"Success","floor":2.0,"gold_loss":0.0,"damage_taken":11.0,"relics_obtained":["Replay:Bottled Eggs"]},{"damage_healed":0.0,"max_hp_gain":0.0,"max_hp_loss":0.0,"gold_gain":0.0,"event_name":"Shining Light","player_choice":"Entered Light","floor":4.0,"gold_loss":0.0,"damage_taken":19.0,"cards_upgraded":["TalkToTheHand","Defend_P"]},{"damage_healed":0.0,"max_hp_gain":0.0,"max_hp_loss":0.0,"gold_gain":0.0,"event_name":"WeMeetAgain","player_choice":"Gave Potion","floor":13.0,"gold_loss":0.0,"damage_taken":0.0,"relics_obtained":["Question Card"]},{"damage_healed":0.0,"max_hp_gain":5.0,"max_hp_loss":0.0,"gold_gain":0.0,"event_name":"Forgotten Altar","player_choice":"Shed Blood","floor":22.0,"gold_loss":0.0,"damage_taken":22.0},{"damage_healed":0.0,"max_hp_gain":0.0,"max_hp_loss":0.0,"gold_gain":0.0,"event_name":"The Mausoleum","player_choice":"Ignored","floor":29.0,"gold_loss":0.0,"damage_taken":0.0},{"damage_healed":0.0,"max_hp_gain":0.0,"max_hp_loss":0.0,"gold_gain":0.0,"event_name":"The Woman in Blue","player_choice":"Bought 2 Potions","floor":36.0,"gold_loss":0.0,"damage_taken":0.0},{"damage_healed":0.0,"max_hp_gain":0.0,"max_hp_loss":0.0,"gold_gain":0.0,"event_name":"Tomb of Lord Red Mask","player_choice":"Ignored","floor":47.0,"gold_loss":0.0,"damage_taken":0.0}],"is_beta":false,"boss_relics":[{"not_picked":["ChewingGum","Kintsugi"],"picked":"HolyWater"},{"not_picked":["Pandora\u0027s Box","Tiny House"],"picked":"Coffee Dripper"}],"items_purged_floors":[38,48,54],"is_endless":false,"potions_floor_spawned":[1,11,16,18,20,31,35,37,42,46,55],"ascension_level":20}}