{"host":"gfxjwtol062e9znw","time":1613393093,"event":{"mods":["BaseMod","Colored Map","Minty Spire (QoL Compilation)","Rare Cards Sparkle","StSLib"],"gold_per_floor":[111,125,143,143,161,188,63,63,63,63,124,138,158,188,188,292,292,308,322,322,342,342,377,377,36,116,116,135,168,185,203,203,305,305,315,335,33,46,66,66,77,77,77,96,96,108,134,149,149,149,149],"floor_reached":50,"language":"ENG","playtime":2236,"items_purged":[],"score":774,"play_id":"f5d74471-226d-4db2-8ec8-28ce1f4e73b5","local_time":"20210215234453","is_ascension_mode":true,"campfire_choices":[{"floor":8.0,"key":"REST"},{"data":"Dualcast","floor":10.0,"key":"SMITH"},{"floor":15.0,"key":"REST"},{"floor":24.0,"key":"REST"},{"floor":27.0,"key":"REST"},{"floor":32.0,"key":"REST"},{"floor":40,"key":"REST"},{"floor":42,"key":"REST"},{"floor":49,"key":"REST"}],"circlet_count":0,"master_deck":["Strike_B","Strike_B","Strike_B","Strike_B","Defend_B+1","Defend_B","Defend_B","Defend_B","Zap+1","Dualcast+1","Sweeping Beam","Coolheaded+1","Streamline","Lockon","Auto Shields","Turbo","Leap","Go for the Eyes+1","Cold Snap+1","Electrodynamics","Multi-Cast","Chill","Ball Lightning+1","FTL+1","Biased Cognition","Defragment","Sunder+1","Conserve Battery","Rebound+1","Melter+1","Hologram","Echo Form+1","Loop+1","Doom and Gloom+1","Defragment+1","Redo+1","Glacier+1","Buffer","Glacier+1"],"relics":["Cracked Core","Gremlin Horn","StrikeDummy","Sundial","Molten Egg 2","Lantern","Inserter","Mummified Hand","Pear","DataDisk","Matryoshka","Orichalcum","Philosopher\u0027s Stone","War Paint","Question Card","Shuriken","Kunai"],"acts_visited":["Exordium","TheCity","TheBeyond"],"potions_floor_usage":[44,47,48],"damage_taken":[{"damage":0.0,"enemies":"2 Louse","floor":1.0,"turns":2.0},{"damage":1.0,"enemies":"Cultist","floor":2.0,"turns":3.0},{"damage":2.0,"enemies":"Jaw Worm","floor":3.0,"turns":3.0},{"damage":7.0,"enemies":"Blue Slaver","floor":5.0,"turns":3.0},{"damage":10.0,"enemies":"3 Sentries","floor":6.0,"turns":7.0},{"damage":16.0,"enemies":"3 Sentries","floor":11.0,"turns":5.0},{"damage":0.0,"enemies":"Large Slime","floor":12.0,"turns":4.0},{"damage":9.0,"enemies":"Red Slaver","floor":13.0,"turns":3.0},{"damage":1.0,"enemies":"Gremlin Nob","floor":14.0,"turns":3.0},{"damage":29.0,"enemies":"Hexaghost","floor":16.0,"turns":11.0},{"damage":6.0,"enemies":"Spheric Guardian","floor":18.0,"turns":3.0},{"damage":11.0,"enemies":"2 Thieves","floor":19.0,"turns":3.0},{"damage":13.0,"enemies":"Centurion and Healer","floor":21.0,"turns":5.0},{"damage":16.0,"enemies":"Slavers","floor":23.0,"turns":5.0},{"damage":11.0,"enemies":"Snecko","floor":28.0,"turns":4.0},{"damage":0.0,"enemies":"Gremlin Leader","floor":29.0,"turns":3.0},{"damage":14.0,"enemies":"Snake Plant","floor":30.0,"turns":4.0},{"damage":8.0,"enemies":"Shelled Parasite and Fungi","floor":31.0,"turns":4.0},{"damage":26.0,"enemies":"Automaton","floor":33.0,"turns":10.0},{"damage":11,"enemies":"Orb Walker","floor":35,"turns":3},{"damage":26,"enemies":"3 Darklings","floor":36,"turns":4},{"damage":1,"enemies":"Jaw Worm Horde","floor":38,"turns":3},{"damage":6,"enemies":"Transient","floor":39,"turns":5},{"damage":9,"enemies":"4 Shapes","floor":41,"turns":2},{"damage":25,"enemies":"Writhing Mass","floor":44,"turns":5},{"damage":15,"enemies":"3 Darklings","floor":46,"turns":4},{"damage":17,"enemies":"Reptomancer","floor":47,"turns":4},{"damage":44,"enemies":"Spire Growth","floor":48,"turns":5},{"damage":36,"enemies":"Donu and Deca","floor":50,"turns":2}],"seed_played":"5964161167048618820","potions_obtained":[{"floor":3.0,"key":"SkillPotion"},{"floor":11.0,"key":"FearPotion"},{"floor":13.0,"key":"Swift Potion"},{"floor":18.0,"key":"SkillPotion"},{"floor":31.0,"key":"Weak Potion"},{"floor":39,"key":"BlessingOfTheForge"},{"floor":41,"key":"PowerPotion"},{"floor":46,"key":"Strength Potion"},{"floor":47,"key":"AttackPotion"},{"floor":48,"key":"PotionOfCapacity"}],"is_trial":false,"path_per_floor":["M","M","M","?","M","E","$","R","T","R","?","M","M","E","R","B",null,"M","M","?","M","?","E","R","$","T","R","M","E","M","M","R","B",null,"M","M","$","M","M","R","M","R","T","M","?","M","E","M","R","B"],"character_chosen":"DEFECT","items_purchased":["Turbo","FairyPotion","DataDisk","Defragment","Sunder+1","PowerPotion","Doom and Gloom+1","War Paint","Ancient Potion"],"campfire_rested":8,"item_purchase_floors":[7,7,25,25,25,25,37,37,37],"current_hp_per_floor":[68,67,65,65,58,48,48,70,70,70,54,54,45,44,66,37,66,60,49,49,36,36,30,55,55,55,80,69,69,55,47,72,46,75,64,38,38,37,31,56,47,72,72,47,47,32,15,2,27,0,0],"gold":149,"neow_bonus":"UPGRADE_CARD","is_daily":false,"chose_seed":false,"campfire_upgraded":1,"win_rate":0.0,"timestamp":1613393093,"path_taken":["M","M","M","?","?","E","$","R","T","R","?","M","M","E","R","BOSS","M","M","?","M","?","E","R","$","T","R","M","E","M","M","R","BOSS","M","M","$","M","M","R","M","R","T","M","?","?","E","M","R","BOSS"],"items_purchased_type":["Card","Potion","Relic","Card","Card","Potion","Card","Relic","Potion"],"build_version":"2020-12-22","purchased_purges":0,"victory":false,"max_hp_per_floor":[75,75,75,75,75,75,75,75,75,75,75,75,75,75,75,75,75,75,75,75,75,75,85,85,85,85,85,85,85,85,85,85,85,85,85,85,85,85,85,85,85,85,85,85,85,85,85,85,85,85,85],"card_choices":[{"not_picked":["Compile Driver","Go for the Eyes"],"picked":"Sweeping Beam","floor":1.0},{"not_picked":["Steam Power","Cold Snap"],"picked":"Coolheaded","floor":2.0},{"not_picked":["Blizzard","Steam"],"picked":"Streamline","floor":3.0},{"not_picked":["Streamline","Barrage"],"picked":"Lockon","floor":5.0},{"not_picked":["Stack","Hologram"],"picked":"Auto Shields","floor":6.0},{"not_picked":["Fission","Hologram"],"picked":"Leap","floor":11.0},{"not_picked":["Steam","Double Energy"],"picked":"Go for the Eyes+1","floor":12.0},{"not_picked":["Blizzard+1","Barrage+1"],"picked":"Cold Snap+1","floor":13.0},{"not_picked":["Amplify","Rebound+1"],"picked":"Electrodynamics","floor":14.0},{"not_picked":["Fission","Machine Learning"],"picked":"Multi-Cast","floor":16.0},{"not_picked":["Skim","Steam"],"picked":"Chill","floor":18.0},{"not_picked":["Go for the Eyes+1","Leap"],"picked":"Ball Lightning+1","floor":19.0},{"not_picked":["Conserve Battery","Redo"],"picked":"FTL+1","floor":21.0},{"not_picked":["Hello World","Cold Snap+1"],"picked":"Biased Cognition","floor":23.0},{"not_picked":["Turbo+1","Recycle"],"picked":"Conserve Battery","floor":28.0},{"not_picked":["Turbo+1","Thunder Strike+1"],"picked":"Rebound+1","floor":29.0},{"not_picked":["Static Discharge","Recycle"],"picked":"Melter+1","floor":30.0},{"not_picked":["Turbo+1","Tempest"],"picked":"Hologram","floor":31.0},{"not_picked":["Creative AI","Electrodynamics"],"picked":"Echo Form","floor":33.0},{"not_picked":["Coolheaded+1","Heatsinks","Leap"],"picked":"SKIP","floor":35},{"not_picked":["Self Repair","Rebound+1"],"picked":"Loop+1","floor":36},{"not_picked":["Recycle","Sweeping Beam+1","Steam Power+1"],"picked":"SKIP","floor":38},{"not_picked":["Redo","Steam"],"picked":"Defragment+1","floor":39},{"not_picked":["Turbo+1","Sweeping Beam+1","Lockon+1"],"picked":"SKIP","floor":41},{"not_picked":["Conserve Battery","Rebound+1","Turbo"],"picked":"Redo+1","floor":44},{"not_picked":["Defragment","Ball Lightning+1","Genetic Algorithm"],"picked":"Glacier+1","floor":46},{"not_picked":["Scrape+1","Tempest","Gash+1"],"picked":"Buffer","floor":47},{"not_picked":["Ball Lightning+1","Double Energy+1","Stack+1"],"picked":"Glacier+1","floor":48}],"player_experience":191107,"relics_obtained":[{"floor":4.0,"key":"Gremlin Horn"},{"floor":6.0,"key":"StrikeDummy"},{"floor":9.0,"key":"Sundial"},{"floor":11.0,"key":"Molten Egg 2"},{"floor":14.0,"key":"Lantern"},{"floor":23.0,"key":"Pear"},{"floor":26.0,"key":"Matryoshka"},{"floor":29.0,"key":"Orichalcum"},{"floor":43,"key":"Question Card"},{"floor":43,"key":"Shuriken"},{"floor":47,"key":"Kunai"}],"event_choices":[{"damage_healed":0.0,"max_hp_gain":0.0,"max_hp_loss":0.0,"gold_gain":0.0,"event_name":"Wheel of Change","player_choice":"Relic","floor":4.0,"gold_loss":0.0,"damage_taken":0.0},{"damage_healed":0.0,"max_hp_gain":0.0,"max_hp_loss":0.0,"gold_gain":0.0,"event_name":"Dead Adventurer","player_choice":"Searched \u00271\u0027 times","floor":11.0,"gold_loss":0.0,"damage_taken":0.0},{"damage_healed":0.0,"max_hp_gain":0.0,"max_hp_loss":0.0,"gold_gain":0.0,"event_name":"Ghosts","player_choice":"Ignored","floor":20.0,"gold_loss":0.0,"damage_taken":0.0},{"damage_healed":0.0,"max_hp_gain":0.0,"max_hp_loss":0.0,"gold_gain":0.0,"event_name":"The Mausoleum","player_choice":"Opened","floor":22.0,"gold_loss":0.0,"damage_taken":0.0,"relics_obtained":["Mummified Hand"]},{"damage_healed":0,"gold_gain":0,"player_choice":"Forge","damage_taken":0,"max_hp_gain":0,"max_hp_loss":0,"event_name":"Accursed Blacksmith","floor":45,"gold_loss":0,"cards_upgraded":["Echo Form"]}],"is_beta":false,"boss_relics":[{"not_picked":["Ectoplasm","Tiny House"],"picked":"Inserter"},{"not_picked":["Runic Pyramid","Calling Bell"],"picked":"Philosopher\u0027s Stone"}],"items_purged_floors":[],"is_endless":false,"potions_floor_spawned":[3,11,13,18,19,30,31,39,41,46,47,48],"killed_by":"Donu and Deca","ascension_level":7}}