{"host":"cjhtzh7tp54jdfyv","time":1613421172,"event":{"mods":["AchievementEnabler","BaseMod","Colored Map","Colored Powertips","Curses Come First","DeckTracker","Filter the Spire","Minty Spire (QoL Compilation)","RNG Fix","Relic Sorter","Relic Stats","StSLib","UnlockEverythingMod","ojb\u0027s Better Paths Mod","ojb\u0027s Info Mod"],"gold_per_floor":[117,42,57,73,73,73,99,99,99,99,127,27,102,119,119,194,194,208,65,65,65,65,95,105,136,136,136,136,164,177,177,177,249,249,264,281,281,293,303,336,354,383,383,401,427,439,452,56,56,56,56,56,56,56,87,87],"floor_reached":57,"language":"ENG","playtime":5310,"items_purged":["Defend_P","Defend_P","Strike_P"],"score":3570,"play_id":"7e3eb192-f712-40ba-ba8a-7285c6bd5a96","local_time":"20210215153252","is_ascension_mode":true,"campfire_choices":[{"data":"Eruption","floor":6.0,"key":"SMITH"},{"data":"CrushJoints","floor":8.0,"key":"SMITH"},{"data":"WheelKick","floor":10.0,"key":"SMITH"},{"data":"FlurryOfBlows","floor":15.0,"key":"SMITH"},{"floor":32.0,"key":"RECALL"},{"data":"1","floor":49.0,"key":"LIFT"},{"data":"2","floor":53.0,"key":"LIFT"}],"circlet_count":0,"master_deck":["AscendersBane","Strike_P+1","Strike_P+1","Eruption+1","Vigilance","FlurryOfBlows+1","CrushJoints+1","Sanctity+1","WheelKick+1","LessonLearned+1","Consecrate+1","Ragnarok+1","Adaptation+1","RitualDagger+1","Ghostly+1","Ghostly+1","Ghostly+1","TalkToTheHand","FearNoEvil+1","DeceiveReality+1","InnerPeace+1","Sanctity","Scrawl","EmptyMind","Indignation+1","Madness+1","Madness","Adaptation+1","Meditate","Wireheading+1","Tantrum+1"],"relics":["Philosopher\u0027s Stone","InkBottle","Sundial","Bag of Marbles","Matryoshka","Bronze Scales","Fusion Hammer","Gremlin Horn","Pear","Regal Pillow","Orichalcum","Eternal Feather","Darkstone Periapt","Empty Cage","Blood Vial","Yang","Girya","Centennial Puzzle"],"acts_visited":["Exordium","TheCity","TheBeyond","TheEnding"],"potions_floor_usage":[56],"damage_taken":[{"damage":1.0,"enemies":"2 Louse","floor":1.0,"turns":4.0},{"damage":9.0,"enemies":"Small Slimes","floor":3.0,"turns":2.0},{"damage":0.0,"enemies":"Cultist","floor":4.0,"turns":2.0},{"damage":18.0,"enemies":"Gremlin Nob","floor":7.0,"turns":3.0},{"damage":0.0,"enemies":"3 Sentries","floor":11.0,"turns":2.0},{"damage":4.0,"enemies":"Gremlin Gang","floor":14.0,"turns":5.0},{"damage":0.0,"enemies":"Slime Boss","floor":16.0,"turns":3.0},{"damage":11.0,"enemies":"3 Byrds","floor":18.0,"turns":3.0},{"damage":0.0,"enemies":"Gremlin Leader","floor":23.0,"turns":5.0},{"damage":9.0,"enemies":"Shell Parasite","floor":24.0,"turns":4.0},{"damage":0.0,"enemies":"Book of Stabbing","floor":25.0,"turns":2.0},{"damage":0.0,"enemies":"Slavers","floor":29.0,"turns":3.0},{"damage":0.0,"enemies":"Cultist and Chosen","floor":30.0,"turns":4.0},{"damage":0.0,"enemies":"Collector","floor":33.0,"turns":5.0},{"damage":0.0,"enemies":"3 Shapes","floor":35.0,"turns":2.0},{"damage":0.0,"enemies":"3 Darklings","floor":36.0,"turns":3.0},{"damage":7.0,"enemies":"Writhing Mass","floor":38.0,"turns":4.0},{"damage":0.0,"enemies":"Transient","floor":39.0,"turns":6.0},{"damage":0.0,"enemies":"Giant Head","floor":40.0,"turns":4.0},{"damage":0.0,"enemies":"Maw","floor":41.0,"turns":4.0},{"damage":20.0,"enemies":"Nemesis","floor":42.0,"turns":5.0},{"damage":5.0,"enemies":"Writhing Mass","floor":44.0,"turns":6.0},{"damage":0.0,"enemies":"Giant Head","floor":45.0,"turns":4.0},{"damage":8.0,"enemies":"3 Darklings","floor":46.0,"turns":2.0},{"damage":0.0,"enemies":"4 Shapes","floor":47.0,"turns":2.0},{"damage":0.0,"enemies":"Awakened One","floor":50.0,"turns":5.0},{"damage":0.0,"enemies":"Time Eater","floor":51.0,"turns":5.0},{"damage":0.0,"enemies":"Shield and Spear","floor":55.0,"turns":4.0},{"damage":18,"enemies":"The Heart","floor":56,"turns":6}],"seed_played":"-6455009742394056043","potions_obtained":[{"floor":7.0,"key":"Ambrosia"},{"floor":11.0,"key":"PowerPotion"},{"floor":23.0,"key":"EssenceOfSteel"},{"floor":25.0,"key":"BottledMiracle"},{"floor":30.0,"key":"Ancient Potion"},{"floor":33.0,"key":"LiquidMemories"},{"floor":35.0,"key":"Ancient Potion"},{"floor":41.0,"key":"AttackPotion"},{"floor":44.0,"key":"BottledMiracle"}],"is_trial":false,"path_per_floor":["M","$","M","M","?","R","E","R","T","R","E","$","?","M","R","B",null,"M","$","?","?","?","E","M","E","T","?","?","E","M","T","R","B",null,"M","M","?","M","M","E","M","E","T","M","E","M","M","$","R","B","B",null,"R","$","E","B",null],"character_chosen":"WATCHER","items_purchased":["Adaptation","AttackPotion","InkBottle"],"campfire_rested":0,"item_purchase_floors":[19,19,48],"current_hp_per_floor":[60,60,51,51,44,44,26,26,26,26,26,26,15,11,11,11,54,43,43,37,34,34,34,25,35,35,25,25,25,25,25,40,40,47,47,47,38,31,31,31,33,15,15,12,14,8,10,10,28,30,32,45,49,49,49,31],"gold":87,"neow_bonus":"BOSS_RELIC","is_daily":false,"chose_seed":false,"campfire_upgraded":4,"win_rate":0.0,"timestamp":1613421172,"path_taken":["M","$","M","M","?","R","E","R","T","R","E","$","?","M","R","BOSS","M","$","?","?","?","E","M","E","T","?","?","E","M","?","R","BOSS","M","?","?","M","M","E","M","E","T","M","E","?","M","$","R","BOSS","BOSS","R","$","E","BOSS"],"items_purchased_type":["Card","Potion","Relic"],"build_version":"2020-12-22","purchased_purges":3,"victory":true,"max_hp_per_floor":[68,68,68,68,68,68,68,68,68,68,68,68,68,68,68,68,68,68,68,68,34,34,34,34,44,44,49,49,49,49,49,49,49,49,49,49,49,49,49,49,49,49,49,49,49,49,49,49,49,49,49,49,49,49,49,49],"relic_stats":{"Darkstone Periapt":0,"Regal Pillow":0,"Gremlin Horn":[19,19],"counters":[29,109],"Eternal Feather":37,"Yang":[144],"Orichalcum":[84],"Blood Vial":16,"Centennial Puzzle":[3],"Sundial":[8],"Bronze Scales":[325],"obtain_stats":[{"Darkstone Periapt":31,"Girya":45,"Regal Pillow":26,"Pear":25,"Gremlin Horn":23,"Eternal Feather":31,"Yang":43,"Orichalcum":29,"Empty Cage":34,"Blood Vial":40,"Centennial Puzzle":55,"Matryoshka":9,"Sundial":42,"Bronze Scales":11,"Philosopher\u0027s Stone":0,"Fusion Hammer":17,"Bag of Marbles":7,"PureWater":0,"InkBottle":48},{"Darkstone Periapt":13,"Girya":23,"Regal Pillow":11,"Pear":11,"Gremlin Horn":9,"Eternal Feather":13,"Yang":21,"Orichalcum":12,"Empty Cage":14,"Blood Vial":19,"Centennial Puzzle":28,"Matryoshka":4,"Sundial":21,"Bronze Scales":5,"Philosopher\u0027s Stone":0,"Fusion Hammer":7,"Bag of Marbles":4,"PureWater":0,"InkBottle":25},{"Darkstone Periapt":42,"Girya":85,"Regal Pillow":35,"Pear":35,"Gremlin Horn":29,"Eternal Feather":42,"Yang":75,"Orichalcum":38,"Empty Cage":47,"Blood Vial":66,"Centennial Puzzle":103,"Matryoshka":11,"Sundial":75,"Bronze Scales":13,"Philosopher\u0027s Stone":0,"Fusion Hammer":21,"Bag of Marbles":11,"PureWater":0,"InkBottle":89}],"InkBottle":[16]},"card_choices":[{"not_picked":["EmptyBody","Pray"],"picked":"FlurryOfBlows","floor":1.0},{"not_picked":["Sanctity","FlurryOfBlows"],"picked":"CrushJoints","floor":3.0},{"not_picked":["Weave","CarveReality"],"picked":"Sanctity","floor":4.0},{"not_picked":["ReachHeaven","ConjureBlade"],"picked":"WheelKick","floor":7.0},{"not_picked":["InnerPeace","SashWhip"],"picked":"LessonLearned","floor":11.0},{"not_picked":["ThirdEye","Perseverance"],"picked":"Consecrate","floor":14.0},{"not_picked":["Wish","MasterReality"],"picked":"Ragnarok","floor":16.0},{"not_picked":["WindmillStrike","LikeWater","Conclude"],"picked":"SKIP","floor":18.0},{"not_picked":["Evaluate","Crescendo"],"picked":"FearNoEvil","floor":23.0},{"not_picked":["ClearTheMind","SashWhip"],"picked":"DeceiveReality","floor":24.0},{"not_picked":["Wallop","Collect"],"picked":"InnerPeace","floor":25.0},{"not_picked":["Consecrate","DevaForm","ClearTheMind"],"picked":"SKIP","floor":29.0},{"not_picked":["EmptyBody","Wireheading"],"picked":"Sanctity","floor":30.0},{"not_picked":["Alpha","Brilliance"],"picked":"Scrawl","floor":33.0},{"not_picked":["CrushJoints","Protect"],"picked":"EmptyMind","floor":35.0},{"not_picked":["EmptyMind","Wallop+1"],"picked":"Indignation","floor":36.0},{"not_picked":["SashWhip","EmptyMind","CrushJoints"],"picked":"SKIP","floor":38.0},{"not_picked":["Evaluate+1","FlurryOfBlows+1"],"picked":"Adaptation+1","floor":39.0},{"not_picked":["CutThroughFate","FlyingSleeves","FollowUp"],"picked":"SKIP","floor":40.0},{"not_picked":["Consecrate","CutThroughFate","Sanctity+1"],"picked":"SKIP","floor":41.0},{"not_picked":["Alpha","FearNoEvil","FlurryOfBlows"],"picked":"SKIP","floor":42.0},{"not_picked":["Halt","FlyingSleeves"],"picked":"Meditate","floor":44.0},{"not_picked":["Vengeance","FlyingSleeves+1"],"picked":"Wireheading","floor":45.0},{"not_picked":["ClearTheMind","SignatureMove","Halt+1"],"picked":"SKIP","floor":46.0},{"not_picked":["CrushJoints+1","PathToVictory"],"picked":"Tantrum","floor":47.0},{"not_picked":["ThirdEye","CrushJoints","SashWhip"],"picked":"SKIP","floor":55.0}],"player_experience":4661443,"relics_obtained":[{"floor":7.0,"key":"Bag of Marbles"},{"floor":9.0,"key":"Matryoshka"},{"floor":11.0,"key":"Bronze Scales"},{"floor":23.0,"key":"Gremlin Horn"},{"floor":25.0,"key":"Pear"},{"floor":26.0,"key":"Regal Pillow"},{"floor":29.0,"key":"Orichalcum"},{"floor":31.0,"key":"Eternal Feather"},{"floor":31.0,"key":"Darkstone Periapt"},{"floor":40.0,"key":"Blood Vial"},{"floor":42.0,"key":"Sundial"},{"floor":43.0,"key":"Yang"},{"floor":45.0,"key":"Girya"},{"floor":55.0,"key":"Centennial Puzzle"}],"event_choices":[{"cards_removed":["Defend_P"],"damage_healed":0.0,"max_hp_gain":0.0,"max_hp_loss":0.0,"gold_gain":0.0,"event_name":"Golden Wing","player_choice":"Card Removal","floor":5.0,"gold_loss":0.0,"damage_taken":7.0},{"damage_healed":0.0,"max_hp_gain":0.0,"max_hp_loss":0.0,"gold_gain":75.0,"event_name":"World of Goop","player_choice":"Gather Gold","floor":13.0,"gold_loss":0.0,"damage_taken":11.0},{"damage_healed":0.0,"max_hp_gain":0.0,"max_hp_loss":0.0,"gold_gain":0.0,"event_name":"Nest","player_choice":"Joined the Cult","floor":20.0,"gold_loss":0.0,"damage_taken":6.0,"cards_obtained":["RitualDagger"]},{"damage_healed":0.0,"max_hp_gain":0.0,"max_hp_loss":34.0,"gold_gain":0.0,"event_name":"Ghosts","player_choice":"Became a Ghost","floor":21.0,"gold_loss":0.0,"damage_taken":0.0,"cards_obtained":["Ghostly","Ghostly","Ghostly"]},{"damage_healed":0.0,"max_hp_gain":0.0,"max_hp_loss":0.0,"gold_gain":0.0,"event_name":"The Library","player_choice":"Read","floor":22.0,"gold_loss":0.0,"damage_taken":0.0,"cards_obtained":["TalkToTheHand"]},{"damage_healed":0.0,"max_hp_gain":5.0,"max_hp_loss":0.0,"gold_gain":0.0,"event_name":"Forgotten Altar","player_choice":"Shed Blood","floor":27.0,"gold_loss":0.0,"damage_taken":15.0},{"damage_healed":0.0,"max_hp_gain":0.0,"max_hp_loss":0.0,"gold_gain":0.0,"event_name":"The Mausoleum","player_choice":"Ignored","floor":28.0,"gold_loss":0.0,"damage_taken":0.0},{"damage_healed":0.0,"max_hp_gain":0.0,"max_hp_loss":0.0,"gold_gain":0.0,"event_name":"Winding Halls","player_choice":"Embrace Madness","floor":37.0,"gold_loss":0.0,"damage_taken":9.0,"cards_obtained":["Madness","Madness"]}],"is_beta":false,"boss_relics":[{"not_picked":["Sozu","VioletLotus"],"picked":"Fusion Hammer"},{"not_picked":["Tiny House","Calling Bell"],"picked":"Empty Cage"}],"items_purged_floors":[2,12,48],"is_endless":false,"potions_floor_spawned":[7,11,23,25,30,33,35,41,44],"ascension_level":20}}