{"host":"m6rwrrl4vtok99e8","time":1613369566,"event":{"mods":["Act Like it!","BaseMod","Colored Powertips","Downfall","KomeijiMod","Lobotomy","Marisa????????","Minty Spire (QoL Compilation)","Remilia??????","Replay The Spire","StSLib","The Bug Knight","The Poker Player","The Servant 0.9.4"],"gold_per_floor":[99,18,118,21,21,48,125,136,136,150,450,450,600,615,628,628,628],"floor_reached":16,"language":"ZHS","playtime":953,"items_purged":["Strike_S"],"score":98,"play_id":"17eb61d2-3ee7-45fd-894f-46eac592b211","local_time":"20210215141246","is_ascension_mode":false,"campfire_choices":[{"floor":1,"key":"DIG"}],"circlet_count":0,"master_deck":["Strike_S","Strike_S","Strike_S","Defend_S","Defend_S","Defend_S","Defend_S","KidneyShot","Exchange","Rearm","ReturningBlade","Defy","BestPractice+1","Starlight","downfall:Icky","downfall:Icky","Ricochet","MoonPhase"],"relics":["Uniform","downfall:HeartsMalice","Blood Vial"],"acts_visited":["Exordium"],"potions_floor_usage":[16],"damage_taken":[{"damage":0,"enemies":"downfall:FleeingMerchant","floor":2,"turns":1},{"damage":0,"enemies":"downfall:FleeingMerchant","floor":4,"turns":1},{"damage":0,"enemies":"2 Louse","floor":5,"turns":1},{"damage":40,"enemies":"Replay:BlueRogue","floor":6,"turns":13},{"damage":9,"enemies":"Jaw Worm","floor":8,"turns":6},{"damage":1,"enemies":"Cultist","floor":10,"turns":5},{"damage":4,"enemies":"downfall:LooterAlt","floor":14,"turns":5},{"damage":4,"enemies":"3 Louse","floor":15,"turns":2},{"damage":26,"enemies":"IC_STATUS_ARCHETYPE","floor":16,"turns":4}],"seed_played":"3420440160834488007","potions_obtained":[{"floor":6,"key":"Fire Potion"},{"floor":8,"key":"SpeedPotion"}],"is_trial":false,"path_per_floor":["R","$","?","$","M","E","T","M","?","M","?","?","?","M","M","B"],"character_chosen":"THE_SERVANT","items_purchased":["ReturningBlade","Defy"],"campfire_rested":0,"item_purchase_floors":[2,4],"current_hp_per_floor":[65,65,65,65,65,25,25,18,18,19,19,19,19,17,15,0,0],"gold":628,"neow_bonus":"THREE_ENEMY_KILL","is_daily":false,"chose_seed":false,"campfire_upgraded":0,"win_rate":0.0,"timestamp":1613369566,"path_taken":["R","$","?","$","M","E","T","M","?","?","?","?","?","M","M","BOSS"],"items_purchased_type":["Card","Card"],"build_version":"2020-12-22","purchased_purges":1,"victory":false,"max_hp_per_floor":[65,65,65,65,65,65,65,65,65,65,65,65,65,65,65,65,65],"card_choices":[{"not_picked":["RealityMarble","Desolation"],"picked":"Rearm","floor":2},{"not_picked":["Unruled","Read","Revamp"],"picked":"SKIP","floor":4},{"not_picked":["ShatteredReality","Rearm"],"picked":"BestPractice","floor":5},{"not_picked":["Defy","ShatteredReality","Potential"],"picked":"SKIP","floor":6},{"not_picked":["Potential","RealityMarble","Contraction"],"picked":"SKIP","floor":8},{"not_picked":["TimeWarp","Replace"],"picked":"Starlight","floor":10},{"not_picked":["Barrier","TimeWarp"],"picked":"Ricochet","floor":14},{"not_picked":["SurpressingFire","InstantArmor"],"picked":"MoonPhase","floor":15}],"player_experience":1722,"relics_obtained":[{"floor":1,"key":"Blood Vial"},{"floor":6,"key":"ReplayTheSpireMod:Shallot"}],"event_choices":[],"is_beta":false,"boss_relics":[],"items_purged_floors":[4],"is_endless":false,"potions_floor_spawned":[6,8],"killed_by":"IC_STATUS_ARCHETYPE","ascension_level":0}}