{"host":"n1v11un6j7y72mz7","time":1613356903,"event":{"mods":["Act Like it!","BaseMod","Downfall","Gensokyo","Koishi","Minty Spire (QoL Compilation)","READ ME - Guardian Mod","Reliquary","Remilia£®¿Ÿ√◊¿Ú—«£©","StSLib","The Administrix","The Animator","The Bug Knight","Waifu the Spire","Youmu£®ªÍ∆«—˝√Œ£©"],"gold_per_floor":[117,136,152,152,152,152,162,180,204,204,204,218,218,228,228,330,330,348,53,73,73,86,86,0,33,59,59,59],"floor_reached":27,"language":"ZHS","playtime":1749,"items_purged":["Strike_G"],"score":225,"play_id":"c2b2d493-7586-44b1-ac9f-1ae3ed883a50","local_time":"20210215104143","is_ascension_mode":false,"campfire_choices":[{"data":"Prepared","floor":6,"key":"SMITH"},{"data":"Phantasmal Killer","floor":13,"key":"SMITH"},{"floor":15,"key":"REST"},{"data":"Terror","floor":23,"key":"SMITH"}],"circlet_count":0,"master_deck":["Strike_G","Strike_G","Strike_G","Defend_G","Defend_G","Defend_G","Defend_G","Defend_G","Survivor","Neutralize","Impatience","Prepared+1","Acrobatics","Bane","PiercingWail","Phantasmal Killer+1","Poisoned Stab","Tools of the Trade","Poisoned Stab","Tactician","Terror+1","Deadly Poison+1","Panacea","Storm of Steel"],"relics":["Ring of the Serpent","Blood Vial","Lantern","reliquary:RoseTintedGlasses","sneckomod:BlankCard","reliquary:KillPill","Juzu Bracelet"],"acts_visited":["Exordium","TheCity"],"potions_floor_usage":[3,7,8,12,16,18,25,25],"damage_taken":[{"damage":8,"enemies":"Cultist","floor":1,"turns":5},{"damage":7,"enemies":"Small Slimes","floor":2,"turns":4},{"damage":2,"enemies":"Jaw Worm","floor":3,"turns":3},{"damage":11,"enemies":"Exordium Thugs","floor":7,"turns":5},{"damage":5,"enemies":"Large Slime","floor":8,"turns":13},{"damage":4,"enemies":"Gremlin Gang","floor":12,"turns":4},{"damage":0,"enemies":"3 Louse","floor":14,"turns":3},{"damage":48,"enemies":"Slime Boss","floor":16,"turns":13},{"damage":7,"enemies":"3 Byrds","floor":18,"turns":5},{"damage":16,"enemies":"Spheric Guardian","floor":20,"turns":4},{"damage":25,"enemies":"Centurion and Healer","floor":22,"turns":5},{"damage":16,"enemies":"Slavers","floor":25,"turns":6},{"damage":0,"enemies":"Snecko","floor":27,"turns":2}],"seed_played":"-6518978872476411909","potions_obtained":[{"floor":1,"key":"Fire Potion"},{"floor":3,"key":"Fruit Juice"},{"floor":7,"key":"SkillPotion"},{"floor":8,"key":"DistilledChaos"},{"floor":14,"key":"AttackPotion"},{"floor":16,"key":"PowerPotion"},{"floor":20,"key":"LiquidBronze"},{"floor":22,"key":"Guardian:BlockOnCardUsePotion"}],"is_trial":false,"path_per_floor":["M","M","M","?","T","R","M","M","T","?","?","M","R","M","R","B",null,"M","$","M","$","M","R","$","E","T","M"],"character_chosen":"THE_SILENT","items_purchased":["sneckomod:BlankCard","Tactician","Panacea"],"campfire_rested":1,"item_purchase_floors":[19,19,24],"current_hp_per_floor":[62,55,58,58,58,58,49,46,46,39,39,37,37,39,61,15,75,68,68,54,54,31,31,31,17,17,19,19],"gold":59,"neow_bonus":"RANDOM_COLORLESS","is_daily":false,"chose_seed":false,"campfire_upgraded":3,"win_rate":0.0,"timestamp":1613356903,"path_taken":["M","M","?","?","?","R","M","?","T","?","?","M","R","M","R","BOSS","M","$","?","?","M","R","$","E","T","M"],"items_purchased_type":["Relic","Card","Card"],"build_version":"2020-12-22","purchased_purges":1,"victory":false,"max_hp_per_floor":[70,70,75,75,75,75,75,75,75,75,75,75,75,75,75,75,75,75,75,75,75,75,75,75,75,75,75,75],"card_choices":[{"not_picked":["Enlightenment","PanicButton"],"picked":"Impatience","floor":0},{"not_picked":["Dagger Spray","Endless Agony"],"picked":"Prepared","floor":1},{"not_picked":["Blade Dance","Flying Knee","Endless Agony"],"picked":"SKIP","floor":2},{"not_picked":["Escape Plan","Backstab"],"picked":"Acrobatics","floor":3},{"not_picked":["Endless Agony","Dodge and Roll"],"picked":"Bane","floor":7},{"not_picked":["Dodge and Roll","Leg Sweep"],"picked":"PiercingWail","floor":8},{"not_picked":["Dodge and Roll","Backflip","Endless Agony"],"picked":"SKIP","floor":12},{"not_picked":["Blade Dance","Caltrops"],"picked":"Poisoned Stab","floor":14},{"not_picked":["Wraith Form v2","Doppelganger"],"picked":"Tools of the Trade","floor":16},{"not_picked":["PiercingWail","Finisher"],"picked":"Poisoned Stab","floor":18},{"not_picked":["Choke","Bane+1"],"picked":"Terror","floor":20},{"not_picked":["Finisher","Masterful Stab"],"picked":"Deadly Poison+1","floor":22},{"not_picked":["Flechettes","Catalyst"],"picked":"Storm of Steel","floor":25}],"player_experience":185991,"relics_obtained":[{"floor":5,"key":"Blood Vial"},{"floor":9,"key":"Lantern"},{"floor":25,"key":"reliquary:KillPill"},{"floor":26,"key":"Juzu Bracelet"}],"event_choices":[{"damage_healed":0,"gold_gain":0,"player_choice":"Ignored","damage_taken":0,"max_hp_gain":0,"max_hp_loss":0,"event_name":"Liars Game","floor":4,"gold_loss":0},{"damage_healed":0,"gold_gain":0,"player_choice":"Success","damage_taken":7,"relics_obtained":["reliquary:RoseTintedGlasses"],"max_hp_gain":0,"max_hp_loss":0,"event_name":"Scrap Ooze","floor":10,"gold_loss":0},{"damage_healed":0,"gold_gain":0,"cards_transformed":["Strike_G"],"player_choice":"Transformed","damage_taken":0,"max_hp_gain":0,"max_hp_loss":0,"event_name":"Transmorgrifier","floor":11,"gold_loss":0,"cards_obtained":["Phantasmal Killer"]}],"is_beta":false,"boss_relics":[{"not_picked":["Philosopher\u0027s Stone","reliquary:Ember"],"picked":"Ring of the Serpent"}],"items_purged_floors":[19],"is_endless":false,"potions_floor_spawned":[1,3,7,8,14,16,20,22],"killed_by":"Snecko","ascension_level":0}}