{"host":"52m1o8iwwagurbjs","time":1613420930,"event":{"mods":["AchievementEnabler","BaseMod","Bestiary","Challenge The Spire","Colored Powertips","GifTheSpireLib","Minty Spire (QoL Compilation)","Quick Restart","Relic Stats","StSLib"],"gold_per_floor":[116,131,306,318,318,348,348,359,359,394,458,473,473,511,511,511,511],"floor_reached":16,"language":"ENG","playtime":693,"items_purged":[],"score":152,"play_id":"752cdcad-bd5a-4d3a-af20-958a0e59e620","local_time":"20210215152850","is_ascension_mode":true,"campfire_choices":[{"floor":7,"key":"REST"},{"data":"Burning Pact","floor":15,"key":"SMITH"}],"circlet_count":0,"master_deck":["Strike_R","Strike_R","Strike_R","Strike_R","Defend_R","Defend_R","Defend_R","Defend_R","Bash","Anger","Havoc","Doubt","Feel No Pain","Twin Strike","Cleave","Offering","Flame Barrier","Carnage","Shrug It Off","Burning Pact+1"],"relics":["Burning Blood","NeowsBlessing","CaptainsWheel","Shuriken","Paper Frog","Juzu Bracelet","Golden Idol","Mercury Hourglass"],"acts_visited":["Exordium"],"potions_floor_usage":[11,12,14,16],"damage_taken":[{"damage":0,"enemies":"Small Slimes","floor":1,"turns":1},{"damage":0,"enemies":"2 Louse","floor":2,"turns":1},{"damage":0,"enemies":"Jaw Worm","floor":4,"turns":1},{"damage":73,"enemies":"Lagavulin","floor":6,"turns":11},{"damage":12,"enemies":"3 Louse","floor":8,"turns":3},{"damage":18,"enemies":"3 Sentries","floor":10,"turns":6},{"damage":10,"enemies":"Lagavulin Event","floor":11,"turns":5},{"damage":2,"enemies":"2 Fungi Beasts","floor":12,"turns":3},{"damage":6,"enemies":"Gremlin Nob","floor":14,"turns":3},{"damage":19,"enemies":"Slime Boss","floor":16,"turns":4}],"seed_played":"-5663552178456301662","potions_obtained":[{"floor":4,"key":"SpeedPotion"},{"floor":8,"key":"Energy Potion"},{"floor":12,"key":"DistilledChaos"},{"floor":14,"key":"Explosive Potion"}],"is_trial":false,"path_per_floor":["M","M","?","M","?","E","R","M","T","E","?","M","?","E","R","B"],"character_chosen":"IRONCLAD","items_purchased":[],"campfire_rested":1,"item_purchase_floors":[],"current_hp_per_floor":[80,80,80,80,80,13,37,31,31,19,15,19,19,19,19,0,0],"gold":511,"neow_bonus":"THREE_ENEMY_KILL","is_daily":false,"chose_seed":false,"campfire_upgraded":1,"win_rate":0.0,"timestamp":1613420930,"path_taken":["M","M","?","M","?","E","R","M","T","E","?","M","?","E","R","BOSS"],"items_purchased_type":[],"build_version":"2020-12-22","purchased_purges":0,"victory":false,"max_hp_per_floor":[80,80,80,80,80,80,80,80,80,80,80,80,74,74,74,74,74],"relic_stats":{"counters":[10,38],"Shuriken":[11],"Golden Idol":8,"Juzu Bracelet":0,"obtain_stats":[{"CaptainsWheel":6,"NeowsBlessing":0,"Shuriken":9,"Golden Idol":13,"Juzu Bracelet":11,"Burning Blood":0,"Paper Frog":10,"Mercury Hourglass":14},{"CaptainsWheel":4,"NeowsBlessing":0,"Shuriken":5,"Golden Idol":8,"Juzu Bracelet":7,"Burning Blood":0,"Paper Frog":6,"Mercury Hourglass":9},{"CaptainsWheel":14,"NeowsBlessing":0,"Shuriken":17,"Golden Idol":31,"Juzu Bracelet":28,"Burning Blood":0,"Paper Frog":23,"Mercury Hourglass":34}],"Burning Blood":36,"Mercury Hourglass":[15]},"card_choices":[{"not_picked":["Reckless Charge","Havoc"],"picked":"Anger","floor":1},{"not_picked":["Armaments","Clash"],"picked":"Havoc","floor":2},{"not_picked":["Headbutt","Heavy Blade"],"picked":"Feel No Pain","floor":4},{"not_picked":["Shrug It Off","Flex"],"picked":"Cleave","floor":6},{"not_picked":["Cleave","Twin Strike"],"picked":"Offering","floor":8},{"not_picked":["Sever Soul","Pommel Strike"],"picked":"Flame Barrier","floor":10},{"not_picked":["Blood for Blood","Feel No Pain"],"picked":"Carnage","floor":11},{"not_picked":["Iron Wave","Clothesline"],"picked":"Shrug It Off","floor":12},{"not_picked":["Bludgeon","Shockwave"],"picked":"Burning Pact","floor":14}],"player_experience":1363997,"relics_obtained":[{"floor":6,"key":"CaptainsWheel"},{"floor":9,"key":"Shuriken"},{"floor":10,"key":"Paper Frog"},{"floor":11,"key":"Juzu Bracelet"},{"floor":14,"key":"Mercury Hourglass"}],"event_choices":[{"damage_healed":0,"gold_gain":175,"player_choice":"AGREE","damage_taken":0,"max_hp_gain":0,"max_hp_loss":0,"event_name":"Liars Game","floor":3,"gold_loss":0,"cards_obtained":["Doubt"]},{"damage_healed":0,"gold_gain":0,"cards_transformed":["Strike_R"],"player_choice":"Change","damage_taken":0,"max_hp_gain":0,"max_hp_loss":0,"event_name":"Living Wall","floor":5,"gold_loss":0,"cards_obtained":["Twin Strike"]},{"damage_healed":0,"gold_gain":0,"player_choice":"Searched \u00271\u0027 times","damage_taken":0,"max_hp_gain":0,"max_hp_loss":0,"event_name":"Dead Adventurer","floor":11,"gold_loss":0},{"damage_healed":0,"gold_gain":0,"player_choice":"Lose Max HP","damage_taken":0,"relics_obtained":["Golden Idol"],"max_hp_gain":0,"max_hp_loss":6,"event_name":"Golden Idol","floor":13,"gold_loss":0}],"is_beta":false,"boss_relics":[],"items_purged_floors":[],"is_endless":false,"potions_floor_spawned":[4,8,12,14],"killed_by":"Slime Boss","ascension_level":1}}