{"host":"5agrj1fd4s00r127","time":1613404499,"event":{"mods":["BaseMod","Hermit","Minty Spire (QoL Compilation)","StSLib"],"gold_per_floor":[111,123,198,198,198,223,45,58,111,141,158,177,188,203,203,306,306,326,190,190,206,206,233,332,332,401,413,413,424,434,467,467,571,571,583,583,596,380,390,390,390,390],"floor_reached":41,"language":"RUS","playtime":1739,"items_purged":["Strike_G","Defend_G","Defend_G"],"score":470,"play_id":"9a22b53b-6a31-49f8-9a5f-8db28d4175cb","local_time":"20210215175459","is_ascension_mode":false,"campfire_choices":[{"floor":15,"key":"REST"},{"floor":25,"key":"REST"},{"floor":32,"key":"REST"},{"data":"Wraith Form v2","floor":40,"key":"SMITH"}],"circlet_count":0,"master_deck":["Strike_G","Strike_G","Strike_G+1","Defend_G+1","Defend_G","Defend_G","Survivor","Neutralize+1","Terror","Endless Agony","Slice","Blade Dance","Backstab","Blade Dance","Backflip","Backflip","Bullet Time","After Image","Blur+1","Infinite Blades","Poisoned Stab","Bouncing Flask","Choke","Noxious Fumes+1","Deflect","Die Die Die","Corpse Explosion","Slice+1","Leg Sweep+1","PiercingWail","Infinite Blades","Wraith Form v2+1"],"relics":["Ring of the Snake","Regal Pillow","Snake Skull","Happy Flower","Runic Pyramid","Nilry\u0027s Codex","Orichalcum","Meat on the Bone","Gambling Chip","Philosopher\u0027s Stone"],"acts_visited":["Exordium","TheCity","TheBeyond"],"potions_floor_usage":[10,16,16,23,23,31,31,31,41],"damage_taken":[{"damage":0,"enemies":"Small Slimes","floor":1,"turns":3},{"damage":0,"enemies":"2 Louse","floor":2,"turns":3},{"damage":25,"enemies":"3 Sentries","floor":6,"turns":10},{"damage":0,"enemies":"Cultist","floor":8,"turns":2},{"damage":0,"enemies":"Gremlin Nob","floor":10,"turns":3},{"damage":0,"enemies":"2 Fungi Beasts","floor":11,"turns":2},{"damage":0,"enemies":"3 Louse","floor":12,"turns":2},{"damage":0,"enemies":"Blue Slaver","floor":13,"turns":3},{"damage":3,"enemies":"Large Slime","floor":14,"turns":4},{"damage":8,"enemies":"Slime Boss","floor":16,"turns":6},{"damage":16,"enemies":"Spheric Guardian","floor":18,"turns":6},{"damage":0,"enemies":"Chosen","floor":21,"turns":3},{"damage":12,"enemies":"Slavers","floor":23,"turns":5},{"damage":8,"enemies":"Snake Plant","floor":27,"turns":5},{"damage":26,"enemies":"Sentry and Sphere","floor":29,"turns":6},{"damage":2,"enemies":"Centurion and Healer","floor":30,"turns":5},{"damage":9,"enemies":"Book of Stabbing","floor":31,"turns":4},{"damage":67,"enemies":"Collector","floor":33,"turns":6},{"damage":12,"enemies":"Orb Walker","floor":35,"turns":4},{"damage":0,"enemies":"3 Shapes","floor":37,"turns":2},{"damage":17,"enemies":"3 Darklings","floor":39,"turns":3},{"damage":69,"enemies":"Reptomancer","floor":41,"turns":4}],"seed_played":"2409279333925827822","potions_obtained":[{"floor":1,"key":"Block Potion"},{"floor":6,"key":"Energy Potion"},{"floor":12,"key":"PowerPotion"},{"floor":14,"key":"SkillPotion"},{"floor":16,"key":"BlessingOfTheForge"},{"floor":21,"key":"Weak Potion"},{"floor":23,"key":"Weak Potion"},{"floor":29,"key":"Swift Potion"},{"floor":37,"key":"CunningPotion"}],"is_trial":false,"path_per_floor":["M","M","?","?","?","E","$","M","T","E","M","M","M","M","R","B",null,"M","$","?","M","?","E","?","R","T","M","?","M","M","E","R","B",null,"M","?","M","$","M","R","E"],"character_chosen":"THE_SILENT","items_purchased":["Blade Dance","Backstab","Infinite Blades","PiercingWail","Infinite Blades"],"campfire_rested":3,"item_purchase_floors":[7,7,19,38,38],"current_hp_per_floor":[70,70,59,45,45,20,20,20,20,20,20,20,20,17,53,45,70,54,54,38,38,38,26,26,62,62,54,54,40,38,41,70,15,70,58,58,58,58,41,41,0,0],"gold":390,"neow_bonus":"UPGRADE_CARD","is_daily":false,"chose_seed":false,"campfire_upgraded":1,"win_rate":0.0,"timestamp":1613404499,"path_taken":["M","M","?","?","?","E","$","M","T","E","M","M","M","M","R","BOSS","M","$","?","M","?","E","?","R","T","M","?","M","M","E","R","BOSS","M","?","M","$","M","R","E"],"items_purchased_type":["Card","Card","Card","Card","Card"],"build_version":"2020-12-22","purchased_purges":3,"victory":false,"max_hp_per_floor":[70,70,70,70,70,70,70,70,70,70,70,70,70,70,70,70,70,70,70,70,70,70,70,70,70,70,70,70,70,70,70,70,70,70,70,70,70,70,70,70,70,70],"card_choices":[{"not_picked":["Endless Agony","Outmaneuver"],"picked":"Terror","floor":1},{"not_picked":["Reflex","Footwork"],"picked":"Endless Agony","floor":2},{"not_picked":["Deadly Poison","Crippling Poison"],"picked":"Slice","floor":6},{"not_picked":["Tactician","Flying Knee"],"picked":"Blade Dance","floor":8},{"not_picked":["Poisoned Stab","Bouncing Flask"],"picked":"Backflip","floor":10},{"not_picked":["Predator","Riddle With Holes"],"picked":"Backflip","floor":11},{"not_picked":["Outmaneuver","Footwork"],"picked":"Bullet Time","floor":12},{"not_picked":["Slice","Flechettes"],"picked":"Quick Slash","floor":13},{"not_picked":["Skewer","Flechettes","Acrobatics"],"picked":"SKIP","floor":14},{"not_picked":["Night Terror","Wraith Form v2"],"picked":"After Image","floor":16},{"not_picked":["Blade Dance","Bouncing Flask"],"picked":"Blur+1","floor":18},{"not_picked":["Catalyst","Backflip","Dodge and Roll+1"],"picked":"SKIP","floor":21},{"not_picked":["Backflip","Catalyst+1"],"picked":"Poisoned Stab","floor":23},{"not_picked":["Masterful Stab","Dash"],"picked":"Bouncing Flask","floor":27},{"not_picked":["Bouncing Flask+1","Flying Knee"],"picked":"Noxious Fumes+1","floor":29},{"not_picked":["Outmaneuver","Terror"],"picked":"Deflect","floor":30},{"not_picked":["Deadly Poison+1","Dagger Spray"],"picked":"Die Die Die","floor":31},{"not_picked":["Venomology","Malaise"],"picked":"Corpse Explosion","floor":33},{"not_picked":["Tactician","Sucker Punch+1"],"picked":"Slice+1","floor":35},{"not_picked":["Prepared+1","Bane+1"],"picked":"Leg Sweep+1","floor":37},{"not_picked":["Dodge and Roll","Blade Dance"],"picked":"Wraith Form v2","floor":39}],"player_experience":10059,"relics_obtained":[{"floor":6,"key":"Regal Pillow"},{"floor":9,"key":"Snake Skull"},{"floor":10,"key":"Happy Flower"},{"floor":20,"key":"Nilry\u0027s Codex"},{"floor":23,"key":"Orichalcum"},{"floor":26,"key":"Meat on the Bone"},{"floor":31,"key":"Gambling Chip"}],"event_choices":[{"damage_healed":0,"gold_gain":75,"player_choice":"Gather Gold","damage_taken":11,"max_hp_gain":0,"max_hp_loss":0,"event_name":"World of Goop","floor":3,"gold_loss":0},{"damage_healed":0,"gold_gain":0,"player_choice":"Entered Light","damage_taken":14,"max_hp_gain":0,"max_hp_loss":0,"event_name":"Shining Light","floor":4,"gold_loss":0,"cards_upgraded":["Strike_G","Defend_G"]},{"cards_removed":["Strike_G"],"damage_healed":0,"gold_gain":0,"player_choice":"Forget","damage_taken":0,"max_hp_gain":0,"max_hp_loss":0,"event_name":"Living Wall","floor":5,"gold_loss":0},{"damage_healed":0,"gold_gain":0,"player_choice":"Obtained Book","damage_taken":16,"max_hp_gain":0,"max_hp_loss":0,"event_name":"Cursed Tome","floor":20,"gold_loss":0},{"damage_healed":0,"gold_gain":0,"player_choice":"Ignored","damage_taken":0,"max_hp_gain":0,"max_hp_loss":0,"event_name":"Vampires","floor":22,"gold_loss":0},{"damage_healed":0,"gold_gain":99,"player_choice":"Stole From Cult","damage_taken":0,"max_hp_gain":0,"max_hp_loss":0,"event_name":"Nest","floor":24,"gold_loss":0},{"damage_healed":0,"gold_gain":0,"player_choice":"Read","damage_taken":0,"max_hp_gain":0,"max_hp_loss":0,"event_name":"The Library","floor":28,"gold_loss":0,"cards_obtained":["Choke"]},{"cards_removed":["Quick Slash"],"damage_healed":0,"gold_gain":0,"player_choice":"Removed Attack","damage_taken":0,"max_hp_gain":0,"max_hp_loss":0,"event_name":"Falling","floor":36,"gold_loss":0}],"is_beta":false,"boss_relics":[{"not_picked":["Busted Crown","Calling Bell"],"picked":"Runic Pyramid"},{"not_picked":["Cursed Key","Black Star"],"picked":"Philosopher\u0027s Stone"}],"items_purged_floors":[7,19,38],"is_endless":false,"potions_floor_spawned":[1,6,12,14,16,21,23,29,30,37],"killed_by":"Reptomancer","ascension_level":0}}