{"host":"j5j96s76v36ug78u","time":1613407237,"event":{"mods":["BaseMod","Better Third Choice","Downfall","Highlight Path","Minty Spire (QoL Compilation)","Reliquary","StSLib","The Animator"],"gold_per_floor":[99,114,129,129,39,39,39,64,64,94,109,139,139,169,184,284,284,184,199,214,299,299,299,374,374,393,33,33,72,72,81,105,214,214,114,129,153,187,196,245,304,343,10,34,73,97,136,5,29,29],"floor_reached":51,"language":"ENG","playtime":5228,"items_purged":["Strike_R","Strike_R","Shame"],"score":869,"play_id":"6edbe194-f4a6-49c6-9890-c3a4f6427ee8","local_time":"20210215134037","daily_mods":["Heirloom","Green Cards","Elite Swarm"],"is_ascension_mode":false,"campfire_choices":[{"data":"Bash","floor":1,"key":"SMITH"},{"data":"Calculated Gamble","floor":9,"key":"SMITH"},{"data":"Burst","floor":18,"key":"SMITH"},{"floor":30,"key":"RECALL"},{"data":"Barricade","floor":35,"key":"SMITH"}],"circlet_count":0,"master_deck":["Strike_R","Strike_R","Strike_R","Defend_R+1","Defend_R+1","Defend_R+1","Bash+1","Power Through+1","Well Laid Plans","Calculated Gamble+1","Limit Break","Dash","Bludgeon","Doppelganger","Burst+1","Thunderclap+1","Evolve","Slice","Uppercut","Finesse","Double Tap","Wild Strike","Footwork+1","Barricade+1","Clothesline+1","animator:Curse_Nutcracker","Limit Break","Power Through+1","Fiend Fire","Outmaneuver+1","Offering","Pommel Strike+1","Phantasmal Killer","Body Slam","Sucker Punch+1"],"relics":["Burning Blood","Mango","Strawberry","Paper Frog","Juzu Bracelet","Eternal Feather","expansioncontent:StudyCardRelic","downfall:HeartBlessingBlue","reliquary:PurpleTingedLeaf","Red Mask","CeramicFish","Ginger","reliquary:Crutches","Cursed Key","downfall:HeartBlessingRed","War Paint","Girya","Potion Belt","Bottled Lightning","Anchor","StoneCalendar"],"acts_visited":["Exordium","TheCity","TheBeyond"],"potions_floor_usage":[10,14,16,32,49],"damage_taken":[{"damage":6,"enemies":"2 Louse","floor":2,"turns":2},{"damage":1,"enemies":"Jaw Worm","floor":3,"turns":3},{"damage":0,"enemies":"downfall:FleeingMerchant","floor":5,"turns":4},{"damage":21,"enemies":"Lagavulin","floor":10,"turns":6},{"damage":6,"enemies":"Cultist","floor":11,"turns":3},{"damage":16,"enemies":"3 Sentries","floor":12,"turns":13},{"damage":26,"enemies":"Lagavulin","floor":14,"turns":4},{"damage":4,"enemies":"Gremlin Gang","floor":15,"turns":6},{"damage":33,"enemies":"WA_ARCHETYPE_RETAIN","floor":16,"turns":5},{"damage":0,"enemies":"downfall:LooterAlt2","floor":19,"turns":4},{"damage":9,"enemies":"Spheric Guardian","floor":20,"turns":4},{"damage":41,"enemies":"Masked Bandits","floor":26,"turns":8},{"damage":0,"enemies":"downfall:FleeingMerchant","floor":27,"turns":4},{"damage":34,"enemies":"Book of Stabbing","floor":29,"turns":6},{"damage":10,"enemies":"Cultist and Chosen","floor":32,"turns":7},{"damage":97,"enemies":"SI_MIRROR_ARCHETYPE","floor":33,"turns":15},{"damage":2,"enemies":"Orb Walker","floor":36,"turns":2},{"damage":18,"enemies":"3 Shapes","floor":37,"turns":7},{"damage":55,"enemies":"2 Orb Walkers","floor":40,"turns":6},{"damage":25,"enemies":"Nemesis","floor":42,"turns":11},{"damage":28,"enemies":"Sphere and 2 Shapes","floor":44,"turns":6},{"damage":44,"enemies":"Reptomancer","floor":45,"turns":8},{"damage":6,"enemies":"3 Darklings","floor":46,"turns":6},{"damage":6,"enemies":"Nemesis","floor":47,"turns":5},{"damage":16,"enemies":"downfall:FleeingMerchant","floor":48,"turns":4},{"damage":6,"enemies":"Spire Growth","floor":49,"turns":2},{"damage":57,"enemies":"IC_BLOCK_ARCHETYPE","floor":50,"turns":8}],"seed_played":"5535013652570512859","potions_obtained":[{"floor":2,"key":"SpeedPotion"},{"floor":3,"key":"CultistPotion"},{"floor":13,"key":"LiquidMemories"},{"floor":13,"key":"Block Potion"},{"floor":15,"key":"champ:CounterPotion"},{"floor":26,"key":"BloodPotion"},{"floor":32,"key":"Fire Potion"},{"floor":44,"key":"ColorlessPotion"},{"floor":45,"key":"Dexterity Potion"},{"floor":46,"key":"EssenceOfSteel"}],"is_trial":false,"path_per_floor":["R","M","M","?","$","?","T","T","R","E","M","E","?","E","M","B",null,"R","M","M","?","?","?","T","?","?","$","T","E","R","?","M","B",null,"R","M","M","?","?","?","T","E","?","M","E","M","E","$","M","B",null],"character_chosen":"IRONCLAD","items_purchased":["reliquary:FerryPass","Finesse"],"campfire_rested":0,"item_purchase_floors":[27,27],"current_hp_per_floor":[94,94,94,75,81,74,81,81,81,66,66,56,56,36,38,11,101,111,111,108,98,98,75,75,113,81,89,89,62,74,74,95,11,116,116,116,106,106,106,58,58,42,131,111,74,75,76,67,68,18],"gold":29,"neow_bonus":"","is_daily":true,"chose_seed":false,"campfire_upgraded":4,"win_rate":0.0,"timestamp":1613407237,"path_taken":["R","M","M","?","?","?","T","?","R","E","M","E","?","E","M","BOSS","R","M","M","?","?","?","T","?","?","?","?","E","R","?","M","BOSS","R","M","M","?","?","?","T","E","?","M","E","M","E","?","M","BOSS"],"items_purchased_type":["Relic","Card"],"build_version":"2020-12-22","purchased_purges":3,"victory":true,"max_hp_per_floor":[94,94,94,94,94,94,101,101,101,101,101,101,101,101,101,101,101,111,111,111,111,111,116,116,116,116,116,116,116,116,116,116,116,116,116,116,116,116,116,116,116,116,131,131,131,131,131,131,131,131],"card_choices":[{"not_picked":["Carnage","Prepared"],"picked":"Power Through","floor":2},{"not_picked":["Caltrops","Havoc"],"picked":"Well Laid Plans","floor":3},{"not_picked":["Shrug It Off","Acrobatics"],"picked":"Calculated Gamble","floor":5},{"not_picked":["Doppelganger","Corruption"],"picked":"Limit Break","floor":10},{"not_picked":["Prepared","Rage"],"picked":"Dash","floor":11},{"not_picked":["Night Terror","Reaper"],"picked":"Bludgeon","floor":12},{"not_picked":["Wraith Form v2","Exhume"],"picked":"Doppelganger","floor":14},{"not_picked":["Perfected Strike","Dagger Throw","Power Through"],"picked":"SKIP","floor":15},{"not_picked":["Exhume","Feed"],"picked":"Burst","floor":16},{"not_picked":["Cleave+1","Riddle With Holes"],"picked":"Thunderclap+1","floor":19},{"not_picked":["Poisoned Stab","Power Through+1"],"picked":"Evolve","floor":20},{"not_picked":["Deflect","Reflex"],"picked":"Slice","floor":26},{"not_picked":["Cleave","PiercingWail"],"picked":"Uppercut","floor":27},{"not_picked":["Juggernaut","Tools of the Trade"],"picked":"Double Tap","floor":29},{"not_picked":["Underhanded Strike","Tactician"],"picked":"Footwork+1","floor":32},{"not_picked":["Corruption","Exhume"],"picked":"Barricade","floor":33},{"not_picked":["Warcry+1","Clash+1","Underhanded Strike"],"picked":"SKIP","floor":36},{"not_picked":["Havoc","Doppelganger"],"picked":"Clothesline+1","floor":37},{"not_picked":["Flame Barrier","Havoc+1"],"picked":"Power Through+1","floor":40},{"not_picked":["Grand Finale","Die Die Die"],"picked":"Fiend Fire","floor":42},{"not_picked":["Rampage","Bane+1"],"picked":"Outmaneuver+1","floor":44},{"not_picked":["Doppelganger","Phantasmal Killer"],"picked":"Offering","floor":45},{"not_picked":["Havoc","Quick Slash"],"picked":"Pommel Strike+1","floor":46},{"not_picked":["Glass Knife","Limit Break"],"picked":"Phantasmal Killer","floor":47},{"not_picked":["Bane+1","Catalyst"],"picked":"Body Slam","floor":48},{"not_picked":["Twin Strike+1","Flame Barrier"],"picked":"Sucker Punch+1","floor":49}],"player_experience":247566,"relics_obtained":[{"floor":7,"key":"Strawberry"},{"floor":10,"key":"Paper Frog"},{"floor":12,"key":"Juzu Bracelet"},{"floor":14,"key":"Eternal Feather"},{"floor":24,"key":"reliquary:PurpleTingedLeaf"},{"floor":26,"key":"Red Mask"},{"floor":28,"key":"CeramicFish"},{"floor":29,"key":"Ginger"},{"floor":29,"key":"reliquary:Crutches"},{"floor":38,"key":"War Paint"},{"floor":40,"key":"Girya"},{"floor":41,"key":"Potion Belt"},{"floor":42,"key":"Bottled Lightning"},{"floor":45,"key":"Anchor"},{"floor":47,"key":"StoneCalendar"}],"event_choices":[{"damage_healed":94,"gold_gain":0,"player_choice":"Upgrade","damage_taken":19,"max_hp_gain":0,"max_hp_loss":94,"event_name":"betterThird:BetterShining","floor":4,"gold_loss":0,"cards_upgraded":["Defend_R","Defend_R"]},{"cards_removed":["Defend_R"],"damage_healed":0,"gold_gain":0,"player_choice":"Card Removal","damage_taken":7,"max_hp_gain":0,"max_hp_loss":0,"event_name":"Golden Wing","floor":6,"gold_loss":0},{"damage_healed":0,"gold_gain":0,"player_choice":"Got Potions","damage_taken":0,"max_hp_gain":0,"max_hp_loss":0,"event_name":"Lab","floor":13,"gold_loss":0},{"damage_healed":38,"gold_gain":0,"player_choice":"Heal","damage_taken":0,"max_hp_gain":0,"max_hp_loss":0,"event_name":"The Library","floor":25,"gold_loss":0},{"damage_healed":0,"gold_gain":0,"player_choice":"Fought Bandits","damage_taken":0,"max_hp_gain":0,"max_hp_loss":0,"event_name":"Masked Bandits","floor":26,"gold_loss":0},{"damage_healed":0,"gold_gain":0,"player_choice":"Fight","damage_taken":0,"max_hp_gain":0,"max_hp_loss":0,"event_name":"Mysterious Sphere","floor":40,"gold_loss":0}],"is_beta":false,"boss_relics":[{"not_picked":["Snecko Eye","Fusion Hammer"],"picked":"expansioncontent:StudyCardRelic"},{"not_picked":["Busted Crown","reliquary:RustamsPendant"],"picked":"Cursed Key"}],"items_purged_floors":[5,27,48],"is_endless":false,"potions_floor_spawned":[2,3,15,26,29,32,37,44,45,46,47],"ascension_level":0}}