{"host":"hpn0uxah5qjr7pa6","time":1613377570,"event":{"mods":["2.2 Compatiblity","Act Like it!","Aspiration","BaseMod","Better Third Choice","BetterRewards","Challenge The Spire","Colored Powertips","Conspire","DeckTracker","Downfall","Energized Spire","Hallownest","Hermit","Highlight Path","Hubris","Infinite Spire","Minty Spire (QoL Compilation)","Permanent Neow","Quick Restart","Rare Cards Sparkle","Replay The Spire","Spicy Shops","StSLib"],"gold_per_floor":[116,116,116,191,191,191,202,202,225,225,225,225,79,92,92,189,189,203,213,213,225,244,244,273,273,273,273,273,291,291,291,291],"floor_reached":30,"language":"ENG","playtime":562,"items_purged":[],"score":286,"play_id":"c710fcbd-6f1b-45ba-8423-b5602ea6fdd0","local_time":"20210215002610","daily_mods":["SealedDeck"],"is_ascension_mode":false,"campfire_choices":[{"floor":6,"key":"REST"},{"data":"bronze:ChosenStrike","floor":8,"key":"SMITH"},{"data":"bronze:ChosenStrike","floor":10,"key":"SMITH"},{"data":"bronze:ChosenStrike","floor":15,"key":"SMITH"},{"data":"bronze:BronzeOrb","floor":23,"key":"SMITH"},{"floor":25,"key":"REST"},{"data":"bronze:Branch","floor":28,"key":"SMITH"}],"circlet_count":0,"master_deck":["bronze:Frontload","bronze:OilSpill","bronze:ChosenStrike+1","bronze:Branch+1","bronze:DelayedSlice","bronze:Frontload","bronze:DelayedSlice","bronze:OilSpill","bronze:ChosenStrike+1","bronze:DelayedSlice","bronze:OilSpill","bronze:ChosenStrike+1","bronze:Overheat+1","bronze:Branch+1","bronze:BronzeOrb+1"],"relics":["sneckomod:SleevedAce","aspiration:RitualDagger","Chameleon Ring","Pandora\u0027s Box","Nunchaku","energizedSpire:PogoStick","Hallownest:BlackEggRelic","downfall:ShatteredFragment","aspiration:PoetsPen","Replay:Bottled Steam","infinitespire:EmptyRelic","infinitespire:Chaos"],"acts_visited":["Exordium","TheCity"],"potions_floor_usage":[],"damage_taken":[{"damage":0,"enemies":"Cultist","floor":1,"turns":2},{"damage":0,"enemies":"2 Louse","floor":7,"turns":1},{"damage":0,"enemies":"Small Slimes","floor":14,"turns":1},{"damage":0,"enemies":"Slime Boss","floor":16,"turns":3},{"damage":0,"enemies":"Spheric Guardian","floor":18,"turns":2},{"damage":0,"enemies":"3 Byrds","floor":19,"turns":2},{"damage":0,"enemies":"Centurion and Healer","floor":21,"turns":2},{"damage":0,"enemies":"Sentry and Sphere","floor":22,"turns":2},{"damage":16,"enemies":"conspire:SneckoGhost","floor":24,"turns":3},{"damage":1,"enemies":"conspire:HollyBat","floor":29,"turns":5}],"seed_played":"-2253431633287366574","potions_obtained":[{"floor":14,"key":"SpeedPotion"},{"floor":16,"key":"BlessingOfTheForge"}],"is_trial":true,"path_per_floor":["M","?","T","?","?","R","M","R","T","R","$","?","$","M","R","B",null,"M","M","?","M","M","R","E","R","T","?","R","M","AVR"],"character_chosen":"THE_AUTOMATON","items_purchased":["Lee\u0027s Waffle"],"campfire_rested":2,"item_purchase_floors":[13],"current_hp_per_floor":[70,70,70,59,59,70,70,70,70,70,70,70,77,77,77,77,77,77,77,77,77,77,77,61,77,77,77,77,76,76,76,76],"gold":291,"neow_bonus":"","is_daily":false,"chose_seed":false,"campfire_upgraded":5,"win_rate":0.0,"timestamp":1613377570,"path_taken":["M","?","?","?","?","R","M","R","T","R","$","?","$","?","R","BOSS","M","M","?","?","M","R","E","R","T","?","R","M","AVR"],"items_purchased_type":["Relic"],"build_version":"2020-12-22","purchased_purges":0,"victory":false,"max_hp_per_floor":[70,70,70,70,70,70,70,70,70,70,70,70,77,77,77,77,77,77,77,77,77,77,77,77,77,77,77,77,77,77,77,77],"card_choices":[{"not_picked":["bronze:Separator","bronze:Repulsor"],"picked":"bronze:OilSpill","floor":1},{"not_picked":["bronze:DarkDash","bronze:BronzeArmor"],"picked":"bronze:ChosenStrike","floor":7},{"not_picked":["bronze:Return","bronze:Overload","bronze:Refactor"],"picked":"SKIP","floor":14},{"not_picked":["bronze:DelayedSlice","bronze:FineTuning"],"picked":"bronze:Overheat+1","floor":18},{"not_picked":["bronze:BuggyMess+1","bronze:CutThrough"],"picked":"bronze:Branch","floor":19},{"not_picked":["bronze:Frontload","bronze:WhirlingStrike"],"picked":"bronze:BronzeOrb","floor":21},{"not_picked":["bronze:ClassDefault","bronze:Frontload+1","bronze:CutThrough"],"picked":"SKIP","floor":22},{"not_picked":["bronze:WildBeam","bronze:Optimize","bronze:CloningBeam"],"picked":"SKIP","floor":24},{"not_picked":["bronze:Separator","bronze:BugBarrage","bronze:Shell"],"picked":"SKIP","floor":29}],"player_experience":251031,"relics_obtained":[{"floor":3,"key":"Golden Egg"},{"floor":9,"key":"infinitespire:Lucky Rock"},{"floor":24,"key":"hubris:GlazedTorus"},{"floor":26,"key":"WingedGreaves"}],"event_choices":[{"damage_healed":0,"gold_gain":0,"player_choice":"Leave","damage_taken":0,"max_hp_gain":0,"max_hp_loss":0,"event_name":"conspire:Investor","floor":2,"gold_loss":0},{"damage_healed":0,"gold_gain":75,"player_choice":"Gold","damage_taken":11,"max_hp_gain":0,"max_hp_loss":0,"event_name":"betterThird:BetterGoop","floor":4,"gold_loss":0},{"damage_healed":0,"gold_gain":0,"player_choice":"Ignored","damage_taken":0,"max_hp_gain":0,"max_hp_loss":0,"event_name":"Purifier","floor":12,"gold_loss":0},{"damage_healed":0,"gold_gain":0,"player_choice":"0 cards matched","damage_taken":0,"max_hp_gain":0,"max_hp_loss":0,"event_name":"Match and Keep!","floor":20,"gold_loss":0,"cards_obtained":[]},{"damage_healed":0,"gold_gain":0,"player_choice":"Ignored","damage_taken":0,"max_hp_gain":0,"max_hp_loss":0,"event_name":"Ghosts","floor":27,"gold_loss":0}],"is_beta":false,"boss_relics":[{"not_picked":["Replay:Drink Me","infinitespire:Cupcake"],"picked":"Replay:Grab Bag"},{"not_picked":["Fusion Hammer","Painkiller Herb"],"picked":"energizedSpire:DeadBattery"},{"not_picked":["Replay:Bronze Core","Coffee Dripper"],"picked":"Sozu"},{"not_picked":["hubris:ScarierMask","hubris:Stopwatch"],"picked":"hubris:Backtick"}],"items_purged_floors":[],"is_endless":false,"potions_floor_spawned":[14,16,18,22,24,29],"ascension_level":0}}