{"host":"Krakhan","time":1613379870,"event":{"mods":["AchievementEnabler","BaseMod","Colored Map","Colored Powertips","Highlight Path","Minty Spire (QoL Compilation)","Rare Cards Sparkle","Relic Stats","StSLib"],"gold_per_floor":[13,13,13,26,46,77,77,100,100,143,143,158,178,209,209,299,299,342,342,355,2,49,49,80,80,80,80,80,143,160,173,173,250,250,294,341,390,390,433,466,466,524,597,638,651,127,127,173,173,203,203],"floor_reached":50,"language":"ENG","playtime":6042,"items_purged":["FollowUp"],"score":1228,"play_id":"db676d61-39f5-44d2-99b3-83b665442aa1","local_time":"20210215040430","is_ascension_mode":true,"campfire_choices":[{"data":"FlyingSleeves","floor":7.0,"key":"SMITH"},{"floor":11.0,"key":"REST"},{"data":"ThirdEye","floor":15.0,"key":"SMITH"},{"floor":23.0,"key":"REST"},{"data":"Apotheosis","floor":25.0,"key":"SMITH"},{"floor":32,"key":"REST"},{"floor":41,"key":"REST"},{"floor":49,"key":"RECALL"}],"circlet_count":0,"master_deck":["AscendersBane","Eruption+1","Vigilance","DeusExMachina","Vengeance","FlyingSleeves+1","FollowUp","FlyingSleeves","ThirdEye+1","Sanctity","Meditate","Crescendo","Vault","DevaForm","TalkToTheHand","ForeignInfluence","ConjureBlade","Wish","LikeWater","Worship","FearNoEvil","DeceiveReality","Wallop","Apotheosis+1","Wallop","Fasting2","EmptyFist","Protect","Tantrum","SpiritShield","Consecrate+1","Consecrate","Conclude","DeusExMachina","CurseOfTheBell","Study","EmptyBody","Adaptation+1","WheelKick","InnerPeace","WaveOfTheHand","Fasting2","Devotion","Deep Breath","ThirdEye+1"],"relics":["PureWater","Bloody Idol","The Courier","Ice Cream","Ginger","Sundial","Pandora\u0027s Box","White Beast Statue","Regal Pillow","Calling Bell","Bag of Preparation","InkBottle","GoldenEye","Turnip","Thread and Needle","Bottled Lightning","Pear","MealTicket"],"acts_visited":["Exordium","TheCity","TheBeyond"],"potions_floor_usage":[31,33,37,37,40,40,46,50,50],"damage_taken":[{"damage":4.0,"enemies":"Jaw Worm","floor":1.0,"turns":4.0},{"damage":8.0,"enemies":"Small Slimes","floor":4.0,"turns":4.0},{"damage":2.0,"enemies":"2 Louse","floor":5.0,"turns":3.0},{"damage":7.0,"enemies":"Lagavulin","floor":6.0,"turns":4.0},{"damage":5.0,"enemies":"Blue Slaver","floor":8.0,"turns":3.0},{"damage":15.0,"enemies":"Gremlin Nob","floor":10.0,"turns":3.0},{"damage":0.0,"enemies":"3 Louse","floor":12.0,"turns":2.0},{"damage":13.0,"enemies":"Red Slaver","floor":13.0,"turns":4.0},{"damage":0.0,"enemies":"Lagavulin","floor":14.0,"turns":4.0},{"damage":17.0,"enemies":"Hexaghost","floor":16.0,"turns":9.0},{"damage":17.0,"enemies":"Spheric Guardian","floor":18.0,"turns":4.0},{"damage":16.0,"enemies":"2 Thieves","floor":20.0,"turns":3.0},{"damage":23.0,"enemies":"Centurion and Healer","floor":22.0,"turns":7.0},{"damage":13.0,"enemies":"Book of Stabbing","floor":24.0,"turns":5.0},{"damage":3,"enemies":"Gremlin Leader","floor":29,"turns":7},{"damage":0,"enemies":"3 Cultists","floor":30,"turns":5},{"damage":11,"enemies":"Snecko","floor":31,"turns":4},{"damage":9,"enemies":"Collector","floor":33,"turns":10},{"damage":36,"enemies":"3 Darklings","floor":35,"turns":5},{"damage":0,"enemies":"3 Shapes","floor":36,"turns":6},{"damage":36,"enemies":"2 Orb Walkers","floor":37,"turns":5},{"damage":0,"enemies":"Sphere and 2 Shapes","floor":39,"turns":5},{"damage":20,"enemies":"Reptomancer","floor":40,"turns":4},{"damage":2,"enemies":"Nemesis","floor":42,"turns":6},{"damage":0,"enemies":"Writhing Mass","floor":44,"turns":7},{"damage":2,"enemies":"Maw","floor":45,"turns":6},{"damage":18,"enemies":"3 Darklings","floor":48,"turns":8},{"damage":72,"enemies":"Time Eater","floor":50,"turns":11}],"seed_played":"2639389394813868828","potions_obtained":[{"floor":4.0,"key":"BottledMiracle"},{"floor":5.0,"key":"Swift Potion"},{"floor":8.0,"key":"Fruit Juice"},{"floor":10.0,"key":"Regen Potion"},{"floor":20.0,"key":"StancePotion"},{"floor":22.0,"key":"Fire Potion"},{"floor":29,"key":"DistilledChaos"},{"floor":30,"key":"PowerPotion"},{"floor":31,"key":"BlessingOfTheForge"},{"floor":33,"key":"BlessingOfTheForge"},{"floor":35,"key":"GamblersBrew"},{"floor":37,"key":"Weak Potion"},{"floor":39,"key":"AttackPotion"},{"floor":40,"key":"CultistPotion"},{"floor":42,"key":"Regen Potion"},{"floor":44,"key":"AttackPotion"},{"floor":48,"key":"Weak Potion"}],"is_trial":false,"path_per_floor":["M","?","?","M","M","E","R","M","T","E","R","M","M","E","R","B",null,"M","?","M","$","M","R","E","R","T","?","?","E","M","M","R","B",null,"M","M","?","?","M","E","R","E","T","M","M","$","?","M","R","B"],"character_chosen":"WATCHER","items_purchased":["Wallop","Apotheosis","Wallop","Fasting2","EmptyFist","Fasting2","Fruit Juice","Devotion","MealTicket","FearPotion"],"campfire_rested":4,"item_purchase_floors":[21,21,21,21,21,46,46,46,46,46],"current_hp_per_floor":[57,57,57,49,47,40,40,35,35,20,38,38,30,30,30,18,55,38,38,32,32,19,39,31,31,31,31,31,38,43,37,67,63,66,40,50,19,19,29,14,49,57,72,77,77,82,72,64,64,0,0],"gold":203,"neow_bonus":"THREE_RARE_CARDS","is_daily":false,"chose_seed":false,"campfire_upgraded":3,"win_rate":0.0,"timestamp":1613379870,"path_taken":["M","?","?","M","M","E","R","M","T","E","R","M","M","E","R","BOSS","M","?","M","$","M","R","E","R","T","?","?","E","?","M","R","BOSS","M","M","?","?","M","E","R","E","T","M","?","$","?","M","R","BOSS"],"items_purchased_type":["Card","Card","Card","Card","Card","Card","Potion","Card","Relic","Potion"],"build_version":"2020-12-18","purchased_purges":1,"victory":false,"max_hp_per_floor":[68,62,62,62,62,62,62,62,62,62,62,62,62,62,62,67,67,67,67,67,67,67,67,67,67,67,67,67,67,67,67,67,67,67,67,67,67,67,67,67,67,67,77,77,77,82,82,82,82,82,82],"relic_stats":{"Regal Pillow":25,"counters":[28,148],"Sundial":[8],"Bloody Idol":127,"Pandora\u0027s Box":["DevaForm","TalkToTheHand","FollowUp","ForeignInfluence","ConjureBlade","Wish","LikeWater","Worship"],"MealTicket":0,"Turnip":[11],"Bag of Preparation":[21],"Ginger":[14],"GoldenEye":[8],"obtain_stats":[{"Ice Cream":9,"Regal Pillow":29,"Pear":43,"Golden Idol":2,"Thread and Needle":40,"The Courier":6,"Bag of Preparation":34,"Ginger":10,"GoldenEye":34,"White Beast Statue":24,"Calling Bell":34,"Sundial":14,"Bloody Idol":19,"Pandora\u0027s Box":17,"MealTicket":46,"Turnip":37,"Bottled Lightning":42,"PureWater":0,"InkBottle":34},{"Ice Cream":5,"Regal Pillow":15,"Pear":24,"Golden Idol":1,"Thread and Needle":23,"The Courier":4,"Bag of Preparation":18,"Ginger":6,"GoldenEye":18,"White Beast Statue":14,"Calling Bell":18,"Sundial":9,"Bloody Idol":11,"Pandora\u0027s Box":10,"MealTicket":26,"Turnip":21,"Bottled Lightning":24,"PureWater":0,"InkBottle":18},{"Ice Cream":18,"Regal Pillow":66,"Pear":116,"Golden Idol":4,"Thread and Needle":110,"The Courier":15,"Bag of Preparation":85,"Ginger":21,"GoldenEye":85,"White Beast Statue":59,"Calling Bell":85,"Sundial":31,"Bloody Idol":44,"Pandora\u0027s Box":40,"MealTicket":129,"Turnip":101,"Bottled Lightning":116,"PureWater":0,"InkBottle":85}],"InkBottle":[39]},"card_choices":[{"not_picked":["MasterReality","SpiritShield"],"picked":"DeusExMachina","floor":0.0},{"not_picked":["PathToVictory","Perseverance"],"picked":"Vengeance","floor":1.0},{"not_picked":["BattleHymn","WreathOfFlame"],"picked":"FlyingSleeves","floor":4.0},{"not_picked":["SandsOfTime","Evaluate"],"picked":"FollowUp","floor":5.0},{"not_picked":["Nirvana","WindmillStrike"],"picked":"FlyingSleeves","floor":6.0},{"not_picked":["SandsOfTime","SashWhip"],"picked":"ThirdEye","floor":8.0},{"not_picked":["Meditate","ThirdEye"],"picked":"Sanctity","floor":10.0},{"not_picked":["Fasting2","Evaluate"],"picked":"Meditate","floor":12.0},{"not_picked":["Prostrate","WreathOfFlame"],"picked":"Crescendo","floor":13.0},{"not_picked":["FlyingSleeves","JustLucky","Crescendo"],"picked":"SKIP","floor":14.0},{"not_picked":["SpiritShield","MasterReality"],"picked":"Vault","floor":16.0},{"not_picked":["Halt","FlyingSleeves"],"picked":"FearNoEvil","floor":18.0},{"not_picked":["CrushJoints","Adaptation"],"picked":"DeceiveReality","floor":20.0},{"not_picked":["LikeWater","FollowUp"],"picked":"Protect","floor":22.0},{"not_picked":["JustLucky","Protect"],"picked":"Tantrum","floor":24.0},{"not_picked":["JustLucky","EmptyBody"],"picked":"Consecrate+1","floor":29},{"not_picked":["ReachHeaven","PathToVictory"],"picked":"Consecrate","floor":30},{"not_picked":["Crescendo+1","CrushJoints"],"picked":"Conclude","floor":31},{"not_picked":["Wish","Brilliance"],"picked":"DeusExMachina","floor":33},{"not_picked":["Crescendo","Tantrum"],"picked":"Study","floor":35},{"not_picked":["Nirvana","SandsOfTime"],"picked":"EmptyBody","floor":36},{"not_picked":["Nirvana","FollowUp"],"picked":"Adaptation+1","floor":37},{"not_picked":["PathToVictory","BowlingBash"],"picked":"WheelKick","floor":39},{"not_picked":["Weave","ReachHeaven+1"],"picked":"InnerPeace","floor":40},{"not_picked":["CarveReality+1","Halt"],"picked":"WaveOfTheHand","floor":42},{"not_picked":["WheelKick+1","EmptyBody","Collect"],"picked":"SKIP","floor":44},{"not_picked":["ForeignInfluence","BowlingBash","Crescendo"],"picked":"SKIP","floor":45},{"not_picked":["Flash of Steel","Blind"],"picked":"Deep Breath","floor":47},{"not_picked":["CutThroughFate","Nirvana"],"picked":"ThirdEye+1","floor":48}],"player_experience":1397559,"relics_obtained":[{"floor":6.0,"key":"The Courier"},{"floor":9.0,"key":"Ice Cream"},{"floor":10.0,"key":"Ginger"},{"floor":14.0,"key":"Sundial"},{"floor":24.0,"key":"White Beast Statue"},{"floor":29,"key":"Regal Pillow"},{"floor":34,"key":"Bag of Preparation"},{"floor":34,"key":"InkBottle"},{"floor":34,"key":"GoldenEye"},{"floor":37,"key":"Turnip"},{"floor":40,"key":"Thread and Needle"},{"floor":42,"key":"Bottled Lightning"},{"floor":43,"key":"Pear"}],"event_choices":[{"damage_healed":0.0,"max_hp_gain":0.0,"max_hp_loss":6.0,"gold_gain":0.0,"event_name":"Golden Idol","player_choice":"Lose Max HP","floor":2.0,"gold_loss":0.0,"damage_taken":0.0,"relics_obtained":["Golden Idol"]},{"damage_healed":0.0,"max_hp_gain":0.0,"max_hp_loss":0.0,"gold_gain":0.0,"event_name":"Living Wall","player_choice":"Grow","floor":3.0,"gold_loss":0.0,"damage_taken":0.0,"cards_upgraded":["Eruption"]},{"damage_healed":0.0,"max_hp_gain":0.0,"max_hp_loss":0.0,"gold_gain":0.0,"event_name":"Forgotten Altar","player_choice":"Gave Idol","floor":19.0,"relics_lost":["Golden Idol"],"gold_loss":0.0,"damage_taken":0.0,"relics_obtained":["Bloody Idol"]},{"damage_healed":0.0,"max_hp_gain":0.0,"max_hp_loss":0.0,"gold_gain":0.0,"event_name":"Cursed Tome","player_choice":"Ignored","floor":27.0,"gold_loss":0.0,"damage_taken":0.0},{"damage_healed":0.0,"max_hp_gain":0.0,"max_hp_loss":0.0,"gold_gain":0.0,"event_name":"Match and Keep!","player_choice":"1 cards matched","floor":28.0,"gold_loss":0.0,"damage_taken":0.0,"cards_obtained":["SpiritShield"]},{"damage_healed":0,"gold_gain":0,"player_choice":"Fight","damage_taken":0,"max_hp_gain":0,"max_hp_loss":0,"event_name":"Mysterious Sphere","floor":37,"gold_loss":0},{"damage_healed":0,"gold_gain":0,"player_choice":"0 cards matched","damage_taken":0,"max_hp_gain":0,"max_hp_loss":0,"event_name":"Match and Keep!","floor":38,"gold_loss":0,"cards_obtained":[]},{"damage_healed":0,"gold_gain":0,"player_choice":"Memory 3","damage_taken":10,"max_hp_gain":0,"max_hp_loss":0,"event_name":"SensoryStone","floor":47,"gold_loss":0}],"is_beta":true,"boss_relics":[{"not_picked":["Ectoplasm","SlaversCollar"],"picked":"Pandora\u0027s Box"},{"not_picked":["Velvet Choker","Sozu"],"picked":"Calling Bell"}],"items_purged_floors":[46],"is_endless":false,"potions_floor_spawned":[4,5,8,10,12,20,22,29,30,31,33,35,36,37,39,40,42,44,45,48],"killed_by":"Time Eater","ascension_level":20}}