{"host":"rantoq7h0pygex6x","time":1613368823,"event":{"mods":["AchievementEnabler","BaseMod","BetterRewards","Minty Spire (QoL Compilation)"],"gold_per_floor":[112,112,126,141,54,54,80,92,185,197,209,221,233,60,60,60,60],"floor_reached":16,"language":"ENG","playtime":346,"items_purged":["Strike_R"],"score":292,"play_id":"44ef4d68-4383-4405-b987-c60e035b90cd","local_time":"20210215140023","is_ascension_mode":true,"campfire_choices":[{"data":"Armaments","floor":6,"key":"SMITH"},{"data":"Armaments","floor":8,"key":"SMITH"},{"data":"Metallicize","floor":10,"key":"SMITH"},{"floor":12,"key":"REST"},{"data":"Spot Weakness","floor":15,"key":"SMITH"}],"circlet_count":0,"master_deck":["AscendersBane","Strike_R","Strike_R+1","Strike_R","Strike_R","Defend_R","Defend_R+1","Defend_R","Defend_R","Bash","Metallicize+1","Ghostly Armor","Armaments+1","Armaments+1","Cleave","Spot Weakness+1","Iron Wave","Shrug It Off","Searing Blow"],"relics":["Burning Blood","Nunchaku","MawBank","Letter Opener"],"acts_visited":["Exordium"],"potions_floor_usage":[],"damage_taken":[{"damage":10,"enemies":"Small Slimes","floor":1,"turns":5},{"damage":0,"enemies":"Jaw Worm","floor":3,"turns":8},{"damage":0,"enemies":"2 Louse","floor":4,"turns":3},{"damage":31,"enemies":"3 Sentries","floor":7,"turns":12},{"damage":39,"enemies":"Hexaghost","floor":16,"turns":11}],"seed_played":"9069996850104438921","potions_obtained":[{"floor":3,"key":"Energy Potion"},{"floor":4,"key":"Strength Potion"}],"is_trial":false,"path_per_floor":["M","?","M","M","$","R","E","R","T","R","?","R","?","$","R","B"],"character_chosen":"IRONCLAD","items_purchased":["Metallicize","Ghostly Armor","Spot Weakness","Shrug It Off","Searing Blow"],"campfire_rested":1,"item_purchase_floors":[0,0,5,14,14],"current_hp_per_floor":[64,53,59,65,65,65,40,40,40,40,17,39,39,39,39,0,0],"gold":60,"neow_bonus":"","is_daily":false,"chose_seed":false,"campfire_upgraded":4,"win_rate":0.0,"timestamp":1613368823,"path_taken":["M","?","M","M","$","R","E","R","T","R","?","R","?","$","R","BOSS"],"items_purchased_type":["Card","Card","Card","Card","Card"],"build_version":"2020-12-22","purchased_purges":1,"victory":false,"max_hp_per_floor":[75,75,75,75,75,75,75,75,75,75,75,75,75,75,75,75,75],"card_choices":[{"not_picked":["Sword Boomerang","Twin Strike"],"picked":"Armaments","floor":1},{"not_picked":["Pummel","Warcry"],"picked":"Armaments","floor":3},{"not_picked":["Pummel","Headbutt"],"picked":"Cleave","floor":4},{"not_picked":["Armaments","Infernal Blade"],"picked":"Iron Wave","floor":7}],"player_experience":999244,"relics_obtained":[{"floor":7,"key":"MawBank"},{"floor":9,"key":"Letter Opener"}],"event_choices":[{"damage_healed":0,"gold_gain":0,"player_choice":"Success","damage_taken":11,"relics_obtained":["Nunchaku"],"max_hp_gain":0,"max_hp_loss":0,"event_name":"Scrap Ooze","floor":2,"gold_loss":0},{"damage_healed":0,"gold_gain":0,"player_choice":"Entered Light","damage_taken":23,"max_hp_gain":0,"max_hp_loss":0,"event_name":"Shining Light","floor":11,"gold_loss":0,"cards_upgraded":["Defend_R","Strike_R"]},{"damage_healed":0,"gold_gain":0,"player_choice":"Ignored","damage_taken":0,"max_hp_gain":0,"max_hp_loss":0,"event_name":"Golden Wing","floor":13,"gold_loss":0}],"is_beta":false,"boss_relics":[],"items_purged_floors":[14],"is_endless":false,"potions_floor_spawned":[3,4,7],"killed_by":"Hexaghost","ascension_level":20}}