{"host":"snn1c4qsf0fj7fzf","time":1613410206,"event":{"mods":["AchievementEnabler","Act Like it!","Aspiration","Astrologer","BaseMod","Colored Powertips","Downfall","Gensokyo","Hermit","Infinite Spire","Lobotomy","Minty Spire (QoL Compilation)","Random Character Button","Rare Cards Sparkle","Reimu??????","Reliquary","Replay The Spire","Shop Mod","Spire Arcade","StSLib","The Administrix","The Cursed","The Gatherer","The Hierophant","The Poker Player","The Runesmith"],"gold_per_floor":[114,129,71,87,101,127,144,171,171,171,189,114,134,162,162,162,162],"floor_reached":16,"language":"ENG","playtime":929,"items_purged":["TheCursedMod:CursedWand"],"score":224,"play_id":"53c927d8-b14d-4c61-abc4-4e0f453e5be3","local_time":"20210216013006","is_ascension_mode":false,"campfire_choices":[{"data":"TheCursedMod:OutForBlood","floor":15,"key":"SMITH"}],"circlet_count":0,"master_deck":["TheCursedMod:CleanUpWorkshop","TheCursedMod:CursedShiv","TheCursedMod:Wield","TheCursedMod:ManaBullet","TheCursedMod:CircleOfFlame","TheCursedMod:CircleOfWindfury","TheCursedMod:CircleOfCorruption","TheCursedMod:CircleOfAbyss","Finesse","TheCursedMod:OutForBlood+1","TheCursedMod:SurpriseAttack","TheCursedMod:CursedSpellbook","TheCursedMod:CursedSpellbook","TheCursedMod:CursedSpellbook","TheCursedMod:SurpriseAttack","TheCursedMod:CollectTribute","TheCursedMod:CursedShiv"],"relics":["TheCursedMod:MagicCandle","infinitespire:WardingShard","infinitespire:ShieldingShard","Replay:Baseball","TheCursedMod:Tack"],"acts_visited":["Exordium"],"potions_floor_usage":[8],"damage_taken":[{"damage":0,"enemies":"Cultist","floor":1,"turns":2},{"damage":0,"enemies":"Jaw Worm","floor":2,"turns":2},{"damage":0,"enemies":"2 Louse","floor":4,"turns":1},{"damage":0,"enemies":"Blue Slaver","floor":5,"turns":1},{"damage":0,"enemies":"Lagavulin","floor":6,"turns":2},{"damage":0,"enemies":"Large Slime","floor":7,"turns":1},{"damage":0,"enemies":"Gremlin Nob","floor":8,"turns":1},{"damage":0,"enemies":"Gremlin Gang","floor":11,"turns":1},{"damage":5,"enemies":"Exordium Wildlife","floor":13,"turns":3},{"damage":0,"enemies":"3 Sentries","floor":14,"turns":1},{"damage":0,"enemies":"The Guardian","floor":16,"turns":2}],"seed_played":"-2820906842144123665","potions_obtained":[{"floor":5,"key":"Swift Potion"},{"floor":11,"key":"TheCursedMod:DregsPotion"},{"floor":13,"key":"FearPotion"},{"floor":14,"key":"SneckoOil"}],"is_trial":false,"path_per_floor":["M","M","$","M","M","E","M","E","T","?","M","$","M","E","R","B"],"character_chosen":"THE_CURSED","items_purchased":["TheCursedMod:CursedSpellbook"],"campfire_rested":0,"item_purchase_floors":[3],"current_hp_per_floor":[75,75,75,75,75,75,75,75,75,75,75,75,70,70,70,70,70],"gold":162,"neow_bonus":"ONE_RANDOM_RARE_CARD","is_daily":false,"chose_seed":false,"campfire_upgraded":1,"win_rate":0.0,"timestamp":1613410206,"path_taken":["M","M","?","M","M","E","M","E","T","?","M","$","?","E","R","BOSS"],"items_purchased_type":["Card"],"build_version":"2020-12-22","purchased_purges":1,"victory":false,"max_hp_per_floor":[75,75,75,75,75,75,75,75,75,75,75,75,75,75,75,75,75],"card_choices":[{"not_picked":["TheCursedMod:SmokeScreen","TheCursedMod:RapidMovement"],"picked":"TheCursedMod:SurpriseAttack","floor":1},{"not_picked":["TheCursedMod:BlessingInDisguise","TheCursedMod:SpitefulPlan"],"picked":"TheCursedMod:CursedSpellbook","floor":2},{"not_picked":["TheCursedMod:CursedBlade","TheCursedMod:LuckyCharm","TheCursedMod:CircleOfCorruption"],"picked":"SKIP","floor":4},{"not_picked":["TheCursedMod:ReleasedKnowledge","TheCursedMod:SmokeScreen"],"picked":"TheCursedMod:SurpriseAttack","floor":5},{"not_picked":["TheCursedMod:SurpriseAttack","TheCursedMod:Mangle"],"picked":"TheCursedMod:CollectTribute","floor":6},{"not_picked":["TheCursedMod:Mangle","TheCursedMod:Stretching","TheCursedMod:TroublousMinions"],"picked":"SKIP","floor":7},{"not_picked":["TheCursedMod:CircleOfCorruption","TheCursedMod:RavingStaff","TheCursedMod:CursedBlade"],"picked":"SKIP","floor":8},{"not_picked":["TheCursedMod:SpitefulStrike","TheCursedMod:CursedAmulet","TheCursedMod:CursedShiv"],"picked":"SKIP","floor":11},{"not_picked":["TheCursedMod:Mangle","TheCursedMod:VitalStrike","TheCursedMod:CursedShiv"],"picked":"SKIP","floor":13},{"not_picked":["TheCursedMod:RapidMovement","TheCursedMod:SoulReap"],"picked":"TheCursedMod:CursedShiv","floor":14}],"player_experience":395603,"relics_obtained":[{"floor":6,"key":"infinitespire:WardingShard"},{"floor":8,"key":"infinitespire:ShieldingShard"},{"floor":9,"key":"Replay:Baseball"},{"floor":14,"key":"TheCursedMod:Tack"}],"event_choices":[{"damage_healed":0,"gold_gain":0,"player_choice":"Ignored","damage_taken":0,"max_hp_gain":0,"max_hp_loss":0,"event_name":"NoteForYourself","floor":10,"gold_loss":0}],"is_beta":false,"boss_relics":[],"items_purged_floors":[12],"is_endless":false,"potions_floor_spawned":[5,11,13,14],"killed_by":"The Guardian","ascension_level":0}}