{"host":"2lo6hma6kymb0g9i","time":1613378469,"event":{"mods":["BaseMod","Colored Map","DeckTracker","Minty Spire (QoL Compilation)"],"gold_per_floor":[113,113,124,124,143,143,153,153,178,204,105,118,134,34,34,105,105,119,119,132,150,130,130,148,177,177,52,81,96,129,129,129,201,201,212,186,186,186,197,197,232,232,232,249,249,249,265,283,283,283,283,283],"floor_reached":51,"language":"JPN","playtime":3780,"items_purged":["Strike_R","Strike_R","Strike_R"],"score":1524,"play_id":"f58ab39a-0ae9-48f3-9321-28508310f9bb","local_time":"20210215174109","is_ascension_mode":true,"campfire_choices":[{"data":"Armaments","floor":6.0,"key":"SMITH"},{"data":"Bash","floor":8.0,"key":"SMITH"},{"data":"Demon Form","floor":15.0,"key":"SMITH"},{"data":"Pommel Strike","floor":23.0,"key":"SMITH"},{"data":"Shrug It Off","floor":32.0,"key":"SMITH"},{"data":"Barricade","floor":40.0,"key":"SMITH"},{"floor":42.0,"key":"RECALL"},{"data":"Warcry","floor":45.0,"key":"SMITH"},{"data":"Heavy Blade","floor":49.0,"key":"SMITH"}],"circlet_count":0,"master_deck":["AscendersBane","Defend_R","Defend_R","Defend_R+1","Defend_R+1","Bash+1","Body Slam+1","Armaments+1","Shrug It Off+1","Demon Form+1","Twin Strike","Pummel","Reaper","Heavy Blade+1","Pommel Strike+1","True Grit","Shrug It Off+1","Barricade+1","Havoc+1","Shrug It Off+1","Warcry+1","Headbutt"],"relics":["Burning Blood","NeowsBlessing","Toy Ornithopter","War Paint","Regal Pillow","Coffee Dripper","Bag of Preparation","StrikeDummy","Omamori","Bird Faced Urn","Velvet Choker","Red Skull"],"acts_visited":["Exordium","TheCity","TheBeyond"],"potions_floor_usage":[51],"damage_taken":[{"damage":0.0,"enemies":"Small Slimes","floor":1.0,"turns":1.0},{"damage":0.0,"enemies":"Cultist","floor":3.0,"turns":1.0},{"damage":0.0,"enemies":"2 Louse","floor":5.0,"turns":1.0},{"damage":24.0,"enemies":"Exordium Thugs","floor":7.0,"turns":4.0},{"damage":22.0,"enemies":"3 Sentries","floor":10.0,"turns":21.0},{"damage":0.0,"enemies":"2 Fungi Beasts","floor":12.0,"turns":3.0},{"damage":1.0,"enemies":"Red Slaver","floor":13.0,"turns":4.0},{"damage":27.0,"enemies":"The Guardian","floor":16.0,"turns":7.0},{"damage":29.0,"enemies":"Shell Parasite","floor":18.0,"turns":4.0},{"damage":13.0,"enemies":"Spheric Guardian","floor":20.0,"turns":5.0},{"damage":40.0,"enemies":"Cultist and Chosen","floor":21.0,"turns":8.0},{"damage":34.0,"enemies":"Centurion and Healer","floor":24.0,"turns":7.0},{"damage":0.0,"enemies":"Gremlin Leader","floor":25.0,"turns":9.0},{"damage":25.0,"enemies":"Slavers","floor":28.0,"turns":7.0},{"damage":2.0,"enemies":"Snake Plant","floor":29.0,"turns":3.0},{"damage":14.0,"enemies":"Book of Stabbing","floor":30.0,"turns":5.0},{"damage":57.0,"enemies":"Collector","floor":33.0,"turns":7.0},{"damage":14.0,"enemies":"Orb Walker","floor":35.0,"turns":3.0},{"damage":25.0,"enemies":"3 Darklings","floor":39.0,"turns":9.0},{"damage":0.0,"enemies":"Giant Head","floor":41.0,"turns":6.0},{"damage":21.0,"enemies":"Transient","floor":44.0,"turns":6.0},{"damage":35.0,"enemies":"Sphere and 2 Shapes","floor":47.0,"turns":6.0},{"damage":42.0,"enemies":"Spire Growth","floor":48.0,"turns":5.0},{"damage":62.0,"enemies":"Donu and Deca","floor":50.0,"turns":10.0},{"damage":56,"enemies":"Time Eater","floor":51,"turns":9}],"seed_played":"501788280964186937","potions_obtained":[{"floor":5.0,"key":"PowerPotion"},{"floor":7.0,"key":"PowerPotion"},{"floor":13.0,"key":"ElixirPotion"},{"floor":21.0,"key":"DuplicationPotion"},{"floor":28.0,"key":"DistilledChaos"},{"floor":30.0,"key":"GamblersBrew"},{"floor":35.0,"key":"HeartOfIron"},{"floor":48.0,"key":"Weak Potion"}],"is_trial":false,"path_per_floor":["M","?","M","?","M","R","M","R","T","E","$","M","M","$","R","B",null,"M","?","M","M","?","R","M","E","T","$","E","M","E","?","R","B",null,"M","$","?","$","M","R","E","R","T","M","R","$","M","M","R","B","B"],"character_chosen":"IRONCLAD","items_purchased":["Twin Strike","Havoc"],"campfire_rested":0,"item_purchase_floors":[11,36],"current_hp_per_floor":[74,74,75,52,58,58,40,40,40,29,29,35,40,40,40,19,61,38,38,43,17,17,17,17,23,23,23,15,24,21,21,21,17,61,53,53,53,53,75,75,75,75,75,70,70,70,61,50,50,26,0,0],"gold":283,"neow_bonus":"THREE_ENEMY_KILL","is_daily":false,"chose_seed":false,"campfire_upgraded":8,"win_rate":0.0,"timestamp":1613378469,"path_taken":["M","?","?","?","M","R","M","R","T","E","?","M","M","$","R","BOSS","M","?","?","M","?","R","M","E","T","?","E","?","E","?","R","BOSS","M","$","?","?","M","R","E","R","T","?","R","$","?","M","R","BOSS","BOSS"],"items_purchased_type":["Card","Card"],"build_version":"2020-12-22","purchased_purges":3,"victory":false,"max_hp_per_floor":[75,75,75,75,75,75,75,75,75,75,75,75,75,75,75,75,75,75,75,75,75,75,75,75,75,75,75,75,75,75,75,75,75,75,75,75,75,75,75,75,75,75,75,75,75,75,75,75,75,75,75,75],"card_choices":[{"not_picked":["Clothesline","Searing Blow"],"picked":"Havoc","floor":1.0},{"not_picked":["Warcry","Bloodletting"],"picked":"Body Slam","floor":3.0},{"not_picked":["Cleave","Body Slam"],"picked":"Armaments","floor":5.0},{"not_picked":["True Grit","Armaments"],"picked":"Shrug It Off","floor":7.0},{"not_picked":["Carnage","Spot Weakness"],"picked":"Demon Form","floor":10.0},{"not_picked":["Twin Strike","Body Slam","Wild Strike"],"picked":"SKIP","floor":12.0},{"not_picked":["Wild Strike","Flex"],"picked":"Pummel","floor":13.0},{"not_picked":["Brutality","Bludgeon"],"picked":"Reaper","floor":16.0},{"not_picked":["Blood for Blood+1","Rampage+1"],"picked":"Heavy Blade","floor":18.0},{"not_picked":["Cleave","Body Slam"],"picked":"Pommel Strike","floor":20.0},{"not_picked":["Perfected Strike","Wild Strike","Sentinel"],"picked":"SKIP","floor":21.0},{"not_picked":["Infernal Blade","Headbutt","Havoc"],"picked":"SKIP","floor":24.0},{"not_picked":["Dual Wield","Flame Barrier"],"picked":"True Grit","floor":25.0},{"not_picked":["Dual Wield","Reaper","Twin Strike+1"],"picked":"SKIP","floor":28.0},{"not_picked":["Flex","Anger","True Grit"],"picked":"SKIP","floor":29.0},{"not_picked":["Rupture","Inflame"],"picked":"Shrug It Off","floor":30.0},{"not_picked":["Fiend Fire","Bludgeon"],"picked":"Barricade","floor":33.0},{"not_picked":["True Grit","Inflame","Armaments+1"],"picked":"SKIP","floor":35.0},{"not_picked":["Armaments","Rage"],"picked":"Shrug It Off+1","floor":39.0},{"not_picked":["Wild Strike+1","Heavy Blade","Cleave"],"picked":"SKIP","floor":41.0},{"not_picked":["Havoc","Anger+1"],"picked":"Warcry","floor":44.0},{"not_picked":["Infernal Blade+1","Wild Strike"],"picked":"Headbutt","floor":47.0},{"not_picked":["Infernal Blade","Shrug It Off+1","Ghostly Armor"],"picked":"SKIP","floor":48.0}],"player_experience":1198327,"relics_obtained":[{"floor":9.0,"key":"War Paint"},{"floor":10.0,"key":"Regal Pillow"},{"floor":25.0,"key":"Bag of Preparation"},{"floor":26.0,"key":"StrikeDummy"},{"floor":28.0,"key":"Omamori"},{"floor":30.0,"key":"Bird Faced Urn"},{"floor":41.0,"key":"Red Skull"}],"event_choices":[{"cards_removed":["Havoc"],"damage_healed":0.0,"max_hp_gain":0.0,"max_hp_loss":0.0,"gold_gain":0.0,"event_name":"WeMeetAgain","player_choice":"Gave Card","floor":2.0,"gold_loss":0.0,"damage_taken":0.0,"relics_obtained":["Toy Ornithopter"]},{"damage_healed":0.0,"max_hp_gain":0.0,"max_hp_loss":0.0,"gold_gain":0.0,"event_name":"Shining Light","player_choice":"Entered Light","floor":4.0,"gold_loss":0.0,"damage_taken":23.0,"cards_upgraded":["Body Slam","Defend_R"]},{"cards_removed":["Strike_R"],"damage_healed":0.0,"max_hp_gain":0.0,"max_hp_loss":0.0,"gold_gain":0.0,"event_name":"Purifier","player_choice":"Purged","floor":19.0,"gold_loss":0.0,"damage_taken":0.0},{"damage_healed":0.0,"max_hp_gain":0.0,"max_hp_loss":0.0,"gold_gain":0.0,"event_name":"The Woman in Blue","player_choice":"Bought 1 Potion","floor":22.0,"gold_loss":0.0,"damage_taken":0.0},{"cards_removed":["Strike_R"],"damage_healed":0.0,"max_hp_gain":0.0,"max_hp_loss":0.0,"gold_gain":0.0,"event_name":"Back to Basics","player_choice":"Elegance","floor":31.0,"gold_loss":0.0,"damage_taken":0.0},{"damage_healed":0.0,"max_hp_gain":0.0,"max_hp_loss":0.0,"gold_gain":0.0,"event_name":"Accursed Blacksmith","player_choice":"Forge","floor":37.0,"gold_loss":0.0,"damage_taken":0.0,"cards_upgraded":["Havoc"]}],"is_beta":false,"boss_relics":[{"not_picked":["Runic Cube","Mark of Pain"],"picked":"Coffee Dripper"},{"not_picked":["Busted Crown","Cursed Key"],"picked":"Velvet Choker"}],"items_purged_floors":[11,14,27],"is_endless":false,"potions_floor_spawned":[5,7,13,16,21,24,28,30,35,44,48],"killed_by":"Time Eater","ascension_level":20}}