{"host":"jksq986fwerfio60","time":1613405958,"event":{"mods":["BaseMod","Colored Map","Colored Powertips","Downfall","Hermit","Jorbs\u0027s Wanderer Trilogy","Marisa¡]Ãú«B¡@Å]²z¨F¡^","Minty Spire (QoL Compilation)","Replay The Spire","Shop Mod","StSLib","The Construct","UnlockEverythingMod"],"gold_per_floor":[110,130,198,52,52,85,85,85,155,172,186,198,210,223,223,223,223],"floor_reached":16,"language":"ZHS","playtime":783,"items_purged":[],"score":129,"play_id":"5c36ef2d-0041-4936-a7ba-03eeb593178a","local_time":"20210216001918","is_ascension_mode":false,"campfire_choices":[{"data":"hermit:FullyLoaded","floor":8,"key":"SMITH"},{"floor":15,"key":"REST"}],"circlet_count":0,"master_deck":["hermit:Strike_Hermit","hermit:Strike_Hermit","hermit:Strike_Hermit","hermit:Strike_Hermit","hermit:Defend_Hermit+1","hermit:Defend_Hermit","hermit:Defend_Hermit+1","hermit:Defend_Hermit","hermit:Covet","hermit:FullyLoaded+1","hermit:Showdown","hermit:BodyArmor","hermit:FlashPowder"],"relics":["hermit:Momento","NeowsBlessing","Omamori","War Paint","Pondfish Scales","HornCleat"],"acts_visited":["Exordium"],"potions_floor_usage":[16],"damage_taken":[{"damage":0,"enemies":"Jaw Worm","floor":1,"turns":1},{"damage":0,"enemies":"2 Louse","floor":2,"turns":1},{"damage":0,"enemies":"Lagavulin","floor":6,"turns":1},{"damage":1,"enemies":"Cultist","floor":10,"turns":4},{"damage":12,"enemies":"Exordium Thugs","floor":11,"turns":4},{"damage":1,"enemies":"Red Slaver","floor":12,"turns":2},{"damage":12,"enemies":"Blue Slaver","floor":13,"turns":4},{"damage":14,"enemies":"Large Slime","floor":14,"turns":10},{"damage":68,"enemies":"The Guardian","floor":16,"turns":15}],"seed_played":"-5833569407122665022","potions_obtained":[{"floor":2,"key":"Energy Potion"},{"floor":3,"key":"EssenceOfSteel"},{"floor":6,"key":"Block Potion"}],"is_trial":false,"path_per_floor":["M","M","?","$","?","E","?","R","T","M","M","M","M","M","R","B"],"character_chosen":"HERMIT","items_purchased":["War Paint"],"campfire_rested":1,"item_purchase_floors":[4],"current_hp_per_floor":[75,75,75,75,75,75,75,75,75,74,62,61,49,35,57,0,0],"gold":223,"neow_bonus":"THREE_ENEMY_KILL","is_daily":false,"chose_seed":false,"campfire_upgraded":1,"win_rate":0.0,"timestamp":1613405958,"path_taken":["M","M","?","$","?","E","?","R","T","?","M","M","M","M","R","BOSS"],"items_purchased_type":["Relic"],"build_version":"2020-12-22","purchased_purges":0,"victory":false,"max_hp_per_floor":[75,75,75,75,75,75,75,75,75,75,75,75,75,75,75,75,75],"card_choices":[{"not_picked":["hermit:WideOpen","hermit:Determination","hermit:Ricochet"],"picked":"SKIP","floor":1},{"not_picked":["hermit:Cheat","hermit:FlashPowder"],"picked":"hermit:FullyLoaded","floor":2},{"not_picked":["hermit:TakeCover","hermit:Enervate"],"picked":"hermit:Showdown","floor":3},{"not_picked":["hermit:HoleUp","hermit:BodyArmor","hermit:ItchyTrigger"],"picked":"SKIP","floor":6},{"not_picked":["hermit:Manifest","hermit:Desperado","hermit:BigShot"],"picked":"SKIP","floor":10},{"not_picked":["hermit:ItchyTrigger","hermit:Scavenge","hermit:WideOpen"],"picked":"SKIP","floor":11},{"not_picked":["hermit:Desperado","hermit:Gestalt","hermit:Midnight"],"picked":"SKIP","floor":12},{"not_picked":["hermit:SprayPray","hermit:BodyArmor"],"picked":"hermit:FlashPowder","floor":13},{"not_picked":["hermit:Gestalt","hermit:EyeOfTheStorm","hermit:Ricochet"],"picked":"SKIP","floor":14}],"player_experience":28375,"relics_obtained":[{"floor":3,"key":"Omamori"},{"floor":6,"key":"Pondfish Scales"},{"floor":9,"key":"HornCleat"}],"event_choices":[{"damage_healed":0,"gold_gain":0,"player_choice":"Ignored","damage_taken":0,"max_hp_gain":0,"max_hp_loss":0,"event_name":"Liars Game","floor":5,"gold_loss":0},{"damage_healed":0,"gold_gain":0,"cards_transformed":["hermit:Snapshot"],"player_choice":"Transformed","damage_taken":0,"max_hp_gain":0,"max_hp_loss":0,"event_name":"Transmorgrifier","floor":7,"gold_loss":0,"cards_obtained":["hermit:BodyArmor"]}],"is_beta":false,"boss_relics":[],"items_purged_floors":[],"is_endless":false,"potions_floor_spawned":[2,6,13,14],"killed_by":"The Guardian","ascension_level":0}}