{"host":"t9wo05e1llrbe5dt","time":1613429147,"event":{"mods":["2.2 Compatiblity","AchievementEnabler","Ascension Unlocker","BaseMod","Bestiary","Better Altar","Better Match","Better Note","Better Sensory Stone","Better Skull","Better Third Choice","Better Vampires","Better-Laid Plans","Block Reminder","Colored Map","Colored Powertips","Curses Come First","DeckTracker","Displayed Cursed Tome","Downfall","Filter the Spire","Googly Eyes","Gremlin Mod","GungeonMod","Hermit","Highlight Path","Marked Mod","Minty Spire (QoL Compilation)","Quick Restart","Random Character Button","Rare Cards Sparkle","Reorder Act Four","Reworked Bosses","Spicy Shops","StSLib","The Bug Knight","The Cursed","The Hierophant","The IronCluck","The Mystic","The Necromancer","The Runesmith","Transform Curses","Uncapped","everything is the same but u backflip on backflip","slay the spire mod where everything is the same but ironclad has a cowboy hat"],"gold_per_floor":[211,211,229,246,266,293,305,332,332,332,332,350,350,625,625,720,720,732,732,751,56,71,101,101,54,54,73,101,101,101,116,116,218,218,229,248,258,276,276,311,311,86,110,130,130,149,166,201,201,201,201,16,16,50,50,50],"floor_reached":55,"language":"ENG","playtime":6475,"items_purged":["Regret","Runesmith:ReplicatingBarrier"],"score":844,"play_id":"5e49b047-6485-4dee-9a1e-bac2987ad022","local_time":"20210215164547","is_ascension_mode":true,"campfire_choices":[{"floor":11.0,"key":"REST"},{"data":"Runesmith:EnergizedChisel","floor":13.0,"key":"SMITH"},{"floor":15.0,"key":"REST"},{"floor":24.0,"key":"REST"},{"floor":29.0,"key":"REST"},{"data":"DemoMod:Invincible","floor":32.0,"key":"SMITH"},{"floor":41,"key":"REST"},{"floor":45,"key":"REST"},{"floor":49,"key":"RECALL"},{"data":"Runesmith:PoweredAnvil","floor":53,"key":"SMITH"}],"circlet_count":0,"master_deck":["Runesmith:Strike_RS","Runesmith:Strike_RS","Runesmith:Strike_RS","Runesmith:Defend_RS","Runesmith:Defend_RS","Runesmith:Defend_RS","Runesmith:Defend_RS","Runesmith:CraftFirestone","Runesmith:Fortify","Runesmith:BackupBattery","Runesmith:ElementalConversion","Runesmith:HeatedChisel","Runesmith:RunicBlueprint","Runesmith:HeatExchange","Runesmith:BackupBattery","Runesmith:EnergizedChisel+1","Runesmith:CraftObretio","Runesmith:Reinforce","Runesmith:ArcReactor","Runesmith:GoWithTheFlow","Runesmith:ArcReactor","Runesmith:CraftObretio+1","DemoMod:Invincible+1","Runesmith:Empowerment","Runesmith:EarthShield","Runesmith:ChiselStab","Runesmith:CraftProtectio","Runesmith:HammerThrow","Runesmith:CraftMedicinae","Runesmith:CraftPrismatica+1","Runesmith:RuneHurl+1","Runesmith:PerfectChisel+1","Runesmith:StaticCage","Runesmith:Accelerate+1","downfall:Aged","Runesmith:FissionHammer","Parasite","Runesmith:HammerAndChisel+1","Runesmith:MakeshiftArmor+1","Runesmith:PoweredAnvil+1","Runesmith:BackupBattery","Runesmith:Permafrost+1"],"relics":["Runesmith:CoreCrystal","Regal Pillow","DemoMod:NanoMachines","Bottled Flame","Lantern","DemoMod:WhiteGuonStone","Oddly Smooth Stone","DemoMod:MonsterBlood","HornCleat","Turnip","Cursed Key","Juzu Bracelet","InkBottle","DemoMod:BlueGuonStone","Lee\u0027s Waffle","Dead Branch","HollowMod:LifeEnderRelic"],"acts_visited":["Exordium","TheCity","TheBeyond","TheEnding"],"potions_floor_usage":[38,40,40,44,48,50,54,55],"damage_taken":[{"damage":4.0,"enemies":"Cultist","floor":1.0,"turns":4.0},{"damage":0.0,"enemies":"2 Louse","floor":3.0,"turns":3.0},{"damage":4.0,"enemies":"Jaw Worm","floor":4.0,"turns":4.0},{"damage":24.0,"enemies":"Lots of Slimes","floor":5.0,"turns":5.0},{"damage":23.0,"enemies":"3 Sentries","floor":6.0,"turns":5.0},{"damage":5.0,"enemies":"Red Slaver","floor":7.0,"turns":4.0},{"damage":4.0,"enemies":"Lagavulin","floor":8.0,"turns":7.0},{"damage":0.0,"enemies":"Gremlin Gang","floor":12.0,"turns":3.0},{"damage":9.0,"enemies":"The Guardian","floor":16.0,"turns":10.0},{"damage":12.0,"enemies":"Chosen","floor":18.0,"turns":7.0},{"damage":31.0,"enemies":"Shell Parasite","floor":20.0,"turns":9.0},{"damage":15.0,"enemies":"Snecko","floor":22.0,"turns":9.0},{"damage":1.0,"enemies":"Slavers","floor":23.0,"turns":6.0},{"damage":18.0,"enemies":"Cultist and Chosen","floor":27.0,"turns":11.0},{"damage":9.0,"enemies":"Book of Stabbing","floor":28.0,"turns":7.0},{"damage":1.0,"enemies":"Shelled Parasite and Fungi","floor":31.0,"turns":10.0},{"damage":44.0,"enemies":"bossMod:newCollector","floor":33.0,"turns":14.0},{"damage":9.0,"enemies":"3 Shapes","floor":35.0,"turns":7.0},{"damage":0.0,"enemies":"3 Darklings","floor":36.0,"turns":8.0},{"damage":0,"enemies":"Maw","floor":37,"turns":11},{"damage":26,"enemies":"Jaw Worm Horde","floor":38,"turns":6},{"damage":39,"enemies":"Giant Head","floor":40,"turns":9},{"damage":19,"enemies":"Sphere and 2 Shapes","floor":44,"turns":8},{"damage":14,"enemies":"Writhing Mass","floor":46,"turns":8},{"damage":28,"enemies":"HollowMod:SlobberingHusk","floor":47,"turns":11},{"damage":19,"enemies":"Reptomancer","floor":48,"turns":9},{"damage":3,"enemies":"bossMod:newAwakened","floor":50,"turns":16},{"damage":79,"enemies":"Shield and Spear","floor":54,"turns":13},{"damage":5,"enemies":"The Heart","floor":55,"turns":6}],"seed_played":"-1426583457204493812","potions_obtained":[{"floor":1.0,"key":"GamblersBrew"},{"floor":3.0,"key":"hexamod:EctoCoolerPotion"},{"floor":5.0,"key":"sneckomod:MuddlingPotion"},{"floor":8.0,"key":"hexamod:EctoCoolerPotion"},{"floor":18.0,"key":"sneckomod:MuddlingPotion"},{"floor":20.0,"key":"BlessingOfTheForge"},{"floor":27.0,"key":"ColorlessPotion"},{"floor":28.0,"key":"hexamod:EctoCoolerPotion"},{"floor":35.0,"key":"Strength Potion"},{"floor":36,"key":"DuplicationPotion"},{"floor":40,"key":"DemoMod:LeadSkinPotion"},{"floor":47,"key":"SneckoOil"},{"floor":48,"key":"DemoMod:BlankPotion"},{"floor":54,"key":"Swift Potion"}],"is_trial":false,"path_per_floor":["M","?","M","M","M","E","M","E","T","?","R","M","R","?","R","B",null,"M","?","M","$","M","E","R","$","T","M","E","R","$","M","R","B",null,"M","M","M","M","?","E","R","$","T","M","R","M","M","E","R","B",null,"$","R","E","B"],"character_chosen":"RUNESMITH_CLASS","items_purchased":["DemoMod:LeadSkinPotion","DemoMod:WhiteGuonStone","DemoMod:Invincible","Runesmith:Empowerment","Oddly Smooth Stone","Runesmith:CraftProtectio","InkBottle","Lee\u0027s Waffle","Dead Branch","Runesmith:BackupBattery"],"campfire_rested":6,"item_purchase_floors":[21,21,21,21,21,25,42,52,52,52],"current_hp_per_floor":[66,66,66,62,38,15,10,6,6,6,42,42,42,42,70,61,70,58,58,27,27,12,18,56,56,56,38,29,67,67,68,68,24,77,68,68,68,44,44,7,45,45,45,26,64,50,22,7,7,7,77,84,84,5,0,0],"gold":50,"neow_bonus":"HUNDRED_GOLD","is_daily":false,"chose_seed":false,"campfire_upgraded":3,"win_rate":0.0,"timestamp":1613429147,"path_taken":["M","?","M","M","M","E","M","E","T","?","R","M","R","?","R","BOSS","M","?","M","$","?","E","R","$","T","M","E","R","?","M","R","BOSS","M","M","?","M","?","E","R","?","T","M","R","M","M","E","R","BOSS","$","R","E","BOSS"],"items_purchased_type":["Undefined","Relic","Card","Card","Relic","Card","Relic","Relic","Relic","Card"],"build_version":"2020-12-22","purchased_purges":2,"victory":false,"max_hp_per_floor":[70,70,70,70,70,70,70,70,70,70,70,70,70,70,70,70,70,70,70,70,70,70,77,77,77,77,77,77,77,77,77,77,77,77,77,77,77,77,77,77,77,77,77,77,77,77,77,77,77,77,77,84,84,84,84,84],"card_choices":[{"not_picked":["Runesmith:EnergizedChisel","Runesmith:Discharge"],"picked":"Runesmith:BackupBattery","floor":1.0},{"not_picked":["Runesmith:DoubleUp","Runesmith:EnergizedChisel"],"picked":"Runesmith:HeatedChisel","floor":3.0},{"not_picked":["Runesmith:HammerTime","Runesmith:MakeshiftArmor"],"picked":"Runesmith:RunicBlueprint","floor":4.0},{"not_picked":["Runesmith:CraftSpiculum","Runesmith:Overpower"],"picked":"Runesmith:HeatExchange","floor":5.0},{"not_picked":["Runesmith:Duplicate","Runesmith:ShiftingStrike"],"picked":"Runesmith:BackupBattery","floor":6.0},{"not_picked":["Runesmith:DoubleUp","Runesmith:Retool"],"picked":"Runesmith:EnergizedChisel","floor":7.0},{"not_picked":["Runesmith:FissionHammer","Runesmith:MakeshiftArmor"],"picked":"Runesmith:CraftObretio","floor":8.0},{"not_picked":["Runesmith:Overpower","Runesmith:Grindstone"],"picked":"Runesmith:Reinforce","floor":12.0},{"not_picked":["Runesmith:LastStand","Runesmith:GrandSlam"],"picked":"Runesmith:ArcReactor","floor":16.0},{"not_picked":["Runesmith:Overpower","Runesmith:Prism"],"picked":"Runesmith:GoWithTheFlow","floor":18.0},{"not_picked":["Runesmith:HeatedChisel","Runesmith:BackupBattery"],"picked":"Runesmith:CraftObretio+1","floor":20.0},{"not_picked":["Runesmith:ChaoticBlast","Runesmith:Discharge"],"picked":"Runesmith:EarthShield","floor":22.0},{"not_picked":["Runesmith:Prism","Runesmith:FrozenChisel"],"picked":"Runesmith:ChiselStab","floor":23.0},{"not_picked":["Runesmith:Overpower+1","Runesmith:HeatExchange"],"picked":"Runesmith:HammerThrow","floor":27.0},{"not_picked":["Runesmith:Augment","Runesmith:DoubleUp"],"picked":"Runesmith:CraftMedicinae","floor":28.0},{"not_picked":["Runesmith:Repurpose","Runesmith:Grindstone","Runesmith:HeatExchange"],"picked":"SKIP","floor":31.0},{"not_picked":["Runesmith:UnlimitedPower","Runesmith:LastStand"],"picked":"Runesmith:CraftPrismatica","floor":33.0},{"not_picked":["Runesmith:CraftMagma","Runesmith:StaticCage"],"picked":"Runesmith:RuneHurl+1","floor":35.0},{"not_picked":["Runesmith:EarthShield+1","Runesmith:CraftMagma+1"],"picked":"Runesmith:ReplicatingBarrier","floor":36},{"not_picked":["Runesmith:HammerThrow","Runesmith:RuneHurl"],"picked":"Runesmith:PerfectChisel+1","floor":37},{"not_picked":["Runesmith:WhiteBalance+1","Runesmith:DoubleUp"],"picked":"Runesmith:StaticCage","floor":38},{"not_picked":["Runesmith:Retool","Runesmith:Grindstone"],"picked":"Runesmith:Accelerate+1","floor":40},{"not_picked":["Runesmith:Malloc","Runesmith:UnstableHammer"],"picked":"Runesmith:FissionHammer","floor":44},{"not_picked":["Runesmith:CraftVitae+1","Runesmith:HeatedChisel+1"],"picked":"Runesmith:HammerAndChisel+1","floor":46},{"not_picked":["Runesmith:EnergizedChisel","Runesmith:HeatExchange"],"picked":"Runesmith:MakeshiftArmor+1","floor":47},{"not_picked":["Runesmith:HeatExchange","Runesmith:CraftProtectio"],"picked":"Runesmith:PoweredAnvil","floor":48},{"not_picked":["Runesmith:HammerThrow+1","Runesmith:RunicBlueprint"],"picked":"Runesmith:Permafrost+1","floor":54}],"player_experience":186612,"relics_obtained":[{"floor":6.0,"key":"Regal Pillow"},{"floor":8.0,"key":"DemoMod:NanoMachines"},{"floor":9.0,"key":"Bottled Flame"},{"floor":23.0,"key":"DemoMod:MonsterBlood"},{"floor":26.0,"key":"HornCleat"},{"floor":28.0,"key":"Turnip"},{"floor":40,"key":"Juzu Bracelet"},{"floor":48,"key":"DemoMod:BlueGuonStone"},{"floor":54,"key":"HollowMod:LifeEnderRelic"}],"event_choices":[{"damage_healed":0.0,"max_hp_gain":0.0,"max_hp_loss":0.0,"gold_gain":0.0,"cards_transformed":["Runesmith:Strike_RS"],"event_name":"Living Wall","player_choice":"Change","floor":2.0,"gold_loss":0.0,"damage_taken":0.0,"cards_obtained":["Runesmith:ElementalConversion"]},{"damage_healed":0.0,"max_hp_gain":0.0,"max_hp_loss":0.0,"gold_gain":0.0,"event_name":"betterThird:BetterScrap","player_choice":"Relic ","floor":10.0,"gold_loss":0.0,"damage_taken":3.0,"cards_obtained":["Infinite Blades"]},{"damage_healed":0.0,"max_hp_gain":0.0,"max_hp_loss":0.0,"gold_gain":275.0,"event_name":"Golden Shrine","player_choice":"Desecrate","floor":14.0,"gold_loss":0.0,"damage_taken":0.0,"cards_obtained":["Regret"]},{"damage_healed":0.0,"max_hp_gain":0.0,"max_hp_loss":0.0,"gold_gain":0.0,"event_name":"Duplicator","player_choice":"Copied","floor":19.0,"gold_loss":0.0,"damage_taken":0.0,"cards_obtained":["Runesmith:ArcReactor"]},{"damage_healed":0,"gold_gain":0,"player_choice":"Upgraded","damage_taken":0,"max_hp_gain":0,"max_hp_loss":0,"event_name":"Upgrade Shrine","floor":39,"gold_loss":0,"cards_upgraded":["Runesmith:CraftPrismatica"]}],"is_beta":false,"boss_relics":[{"not_picked":["Runesmith:UraniumAnvil","Black Star"],"picked":"Runesmith:CoreCrystal"},{"not_picked":["Astrolabe","Calling Bell"],"picked":"Cursed Key"}],"items_purged_floors":[21,42],"is_endless":false,"potions_floor_spawned":[1,3,5,8,18,20,27,28,35,36,40,47,48,54],"killed_by":"The Heart","ascension_level":1}}