{"host":"pj7egx7jkoz18hom","time":1613392258,"event":{"mods":["AchievementEnabler","BaseMod","Keyboard Shortcuts","Minty Spire (QoL Compilation)","SuperFastMode"],"gold_per_floor":[110,122,138,151,167,199,199,199,223,223,241,18,43,82,82,82,82],"floor_reached":16,"language":"KOR","playtime":5307,"items_purged":["Strike_R"],"score":137,"play_id":"2b829dc8-f088-4af9-b594-baf103f0b6af","local_time":"20210215213058","is_ascension_mode":true,"campfire_choices":[{"data":"True Grit","floor":10,"key":"SMITH"},{"floor":15,"key":"REST"}],"circlet_count":0,"master_deck":["Strike_R","Strike_R","Strike_R","Strike_R","Defend_R","Defend_R","Defend_R","Defend_R","Bash","Good Instincts","Thunderclap","Pummel","Cleave","True Grit+1","Headbutt","Ghostly Armor","Iron Wave","Warcry","Flame Barrier"],"relics":["Burning Blood","Torii","Golden Idol","PreservedInsect","Brimstone","Bronze Scales"],"acts_visited":["Exordium"],"potions_floor_usage":[6,6],"damage_taken":[{"damage":0,"enemies":"Cultist","floor":1,"turns":3},{"damage":3,"enemies":"2 Louse","floor":2,"turns":2},{"damage":9,"enemies":"Small Slimes","floor":3,"turns":3},{"damage":10,"enemies":"Exordium Wildlife","floor":4,"turns":3},{"damage":11,"enemies":"Looter","floor":5,"turns":3},{"damage":45,"enemies":"Lagavulin","floor":6,"turns":7},{"damage":15,"enemies":"Exordium Thugs","floor":11,"turns":6},{"damage":1,"enemies":"Lots of Slimes","floor":13,"turns":4},{"damage":18,"enemies":"3 Sentries","floor":14,"turns":4},{"damage":42,"enemies":"Hexaghost","floor":16,"turns":4}],"seed_played":"-1274427346408509630","potions_obtained":[{"floor":3,"key":"SpeedPotion"},{"floor":5,"key":"AttackPotion"},{"floor":14,"key":"Fire Potion"}],"is_trial":false,"path_per_floor":["M","M","M","M","M","E","?","?","T","R","M","$","M","E","R","B"],"character_chosen":"IRONCLAD","items_purchased":["Brimstone"],"campfire_rested":1,"item_purchase_floors":[12],"current_hp_per_floor":[80,80,77,73,68,29,29,29,29,29,20,20,25,13,37,0,0],"gold":82,"neow_bonus":"RANDOM_COLORLESS","is_daily":false,"chose_seed":false,"campfire_upgraded":1,"win_rate":0.0,"timestamp":1613392258,"path_taken":["M","?","M","M","M","E","?","?","T","R","M","?","M","E","R","BOSS"],"items_purchased_type":["Relic"],"build_version":"2020-12-22","purchased_purges":1,"victory":false,"max_hp_per_floor":[80,80,80,80,80,80,80,80,80,80,80,80,80,80,80,80,80],"card_choices":[{"not_picked":["Impatience","Deep Breath"],"picked":"Good Instincts","floor":0},{"not_picked":["Searing Blow","Sever Soul"],"picked":"Thunderclap","floor":1},{"not_picked":["Sword Boomerang","Heavy Blade"],"picked":"Pummel","floor":2},{"not_picked":["Anger","Pummel"],"picked":"Cleave","floor":3},{"not_picked":["Sword Boomerang","Body Slam"],"picked":"True Grit","floor":4},{"not_picked":["Anger","Sword Boomerang"],"picked":"Headbutt","floor":5},{"not_picked":["Battle Trance","Brutality"],"picked":"Ghostly Armor","floor":6},{"not_picked":["Burning Pact","Havoc"],"picked":"Iron Wave","floor":11},{"not_picked":["Iron Wave","Searing Blow"],"picked":"Warcry","floor":13},{"not_picked":["Barricade","Rage"],"picked":"Flame Barrier","floor":14}],"player_experience":68816,"relics_obtained":[{"floor":6,"key":"Torii"},{"floor":9,"key":"PreservedInsect"},{"floor":14,"key":"Bronze Scales"}],"event_choices":[{"damage_healed":0,"gold_gain":0,"player_choice":"Take Wound","damage_taken":0,"relics_obtained":["Golden Idol"],"max_hp_gain":0,"max_hp_loss":0,"event_name":"Golden Idol","floor":7,"gold_loss":0,"cards_obtained":["Injury"]},{"cards_removed":["Injury"],"damage_healed":0,"gold_gain":0,"player_choice":"Forget","damage_taken":0,"max_hp_gain":0,"max_hp_loss":0,"event_name":"Living Wall","floor":8,"gold_loss":0}],"is_beta":false,"boss_relics":[],"items_purged_floors":[12],"is_endless":false,"potions_floor_spawned":[3,5,14],"killed_by":"Hexaghost","ascension_level":4}}