{"host":"96w701my2iz5vq9x","time":1613402185,"event":{"mods":["AchievementEnabler","BaseMod","Better Vampires","Minty Spire (QoL Compilation)","Shop Mod","StSLib","[GremlinLeader]The Maniac"],"gold_per_floor":[116,134,209,84,104,104,114,114,139,157,157,161,169,187,187,279,279,293,293,300,120,145,145,153,153,225,225,225,226,226,9,9,98,98,101,100,24,31,46,68,68,19,19,33,32,32,53,54,54,43],"floor_reached":51,"language":"ZHS","playtime":2584,"items_purged":["maniac:Strike","maniac:Strike","maniac:Strike"],"score":912,"play_id":"330c909c-915b-4426-9fce-180981e04a88","local_time":"20210215231625","is_ascension_mode":false,"campfire_choices":[{"data":"maniac:Deal","floor":6.0,"key":"SMITH"},{"data":"maniac:Deal+1","floor":8.0,"key":"SMITH"},{"data":"maniac:Deal+2","floor":11.0,"key":"SMITH"},{"data":"maniac:Simulacrum","floor":15.0,"key":"SMITH"},{"data":"maniac:Deal+3","floor":23.0,"key":"SMITH"},{"data":"maniac:Deal+4","floor":25.0,"key":"SMITH"},{"data":"maniac:Deal+5","floor":28.0,"key":"SMITH"},{"floor":32.0,"key":"REST"},{"floor":41.0,"key":"REST"},{"floor":46,"key":"REST"},{"floor":49,"key":"REST"}],"circlet_count":0,"master_deck":["maniac:Strike","maniac:Strike","maniac:Defend","maniac:Defend","maniac:Defend","maniac:Defend","maniac:BurnBlood","maniac:AbyssShackle","maniac:Confront","maniac:DashForward","maniac:UndyingDesire","maniac:Deal+6","maniac:UndyingDesire","maniac:FoilArmor","maniac:Refine","maniac:Simulacrum+1","maniac:UnseenTerror","maniac:Intimidate","maniac:GlassScratch","maniac:Blastwave+1","maniac:Collecting","maniac:HammerStrike+1","maniac:ShiftingShadows"],"relics":["maniac:DamagedAnvil","maniac:BrokenHorn","NeowsBlessing","Potion Belt","Snecko Eye","Red Mask","Kunai","MerchantsRug","Cursed Key","Happy Flower","Centennial Puzzle","Lantern","Bottled Flame"],"acts_visited":["Exordium","TheCity","TheBeyond"],"potions_floor_usage":[47,50],"damage_taken":[{"damage":0.0,"enemies":"Jaw Worm","floor":1.0,"turns":1.0},{"damage":0.0,"enemies":"Cultist","floor":2.0,"turns":1.0},{"damage":0.0,"enemies":"2 Louse","floor":5.0,"turns":1.0},{"damage":18.0,"enemies":"Looter","floor":7.0,"turns":3.0},{"damage":3.0,"enemies":"Lagavulin","floor":10.0,"turns":2.0},{"damage":3.0,"enemies":"Large Slime","floor":12.0,"turns":3.0},{"damage":20.0,"enemies":"Exordium Wildlife","floor":13.0,"turns":3.0},{"damage":9.0,"enemies":"3 Louse","floor":14.0,"turns":2.0},{"damage":14.0,"enemies":"The Guardian","floor":16.0,"turns":6.0},{"damage":19.0,"enemies":"2 Thieves","floor":18.0,"turns":3.0},{"damage":8.0,"enemies":"Chosen","floor":20.0,"turns":3.0},{"damage":9.0,"enemies":"Masked Bandits","floor":22.0,"turns":2.0},{"damage":15.0,"enemies":"Snake Plant","floor":24.0,"turns":2.0},{"damage":3.0,"enemies":"Snecko","floor":29.0,"turns":2.0},{"damage":29.0,"enemies":"Champ","floor":33.0,"turns":4.0},{"damage":34.0,"enemies":"3 Darklings","floor":35.0,"turns":7.0},{"damage":6.0,"enemies":"Orb Walker","floor":36.0,"turns":1.0},{"damage":3.0,"enemies":"Sphere and 2 Shapes","floor":38.0,"turns":3.0},{"damage":22.0,"enemies":"Jaw Worm Horde","floor":39.0,"turns":2.0},{"damage":3.0,"enemies":"Reptomancer","floor":40.0,"turns":2.0},{"damage":6,"enemies":"Giant Head","floor":44,"turns":2},{"damage":25,"enemies":"Nemesis","floor":47,"turns":3},{"damage":12,"enemies":"3 Darklings","floor":48,"turns":3},{"damage":9,"enemies":"Awakened One","floor":50,"turns":5}],"seed_played":"4590375306018255814","potions_obtained":[{"floor":5.0,"key":"GamblersBrew"},{"floor":12.0,"key":"Regen Potion"},{"floor":14.0,"key":"AttackPotion"},{"floor":22.0,"key":"EntropicBrew"},{"floor":29.0,"key":"AttackPotion"},{"floor":33.0,"key":"LiquidMemories"},{"floor":36.0,"key":"FearPotion"},{"floor":39.0,"key":"SteroidPotion"},{"floor":48,"key":"Weak Potion"}],"is_trial":false,"path_per_floor":["M","M","?","$","M","R","M","R","T","E","R","M","M","M","R","B",null,"M","?","M","$","?","R","M","R","T","?","R","M","T","$","R","B",null,"M","M","$","M","M","E","R","$","T","E","$","R","E","M","R","B",null],"character_chosen":"THE_MANIAC","items_purchased":["maniac:UndyingDesire","maniac:GlassScratch","MerchantsRug","Ancient Potion","Happy Flower","DuplicationPotion"],"campfire_rested":4,"item_purchase_floors":[4,21,31,31,37,45],"current_hp_per_floor":[80,80,72,72,72,72,54,54,54,51,51,50,32,25,25,28,80,61,61,55,55,48,48,35,35,35,35,35,34,34,34,58,31,80,46,42,42,41,21,20,44,44,44,40,40,64,39,27,51,42],"gold":43,"neow_bonus":"THREE_ENEMY_KILL","is_daily":false,"chose_seed":false,"campfire_upgraded":7,"win_rate":0.0,"timestamp":1613402185,"path_taken":["M","M","?","$","M","R","M","R","T","E","R","M","M","?","R","BOSS","M","?","M","$","?","R","M","R","T","?","R","M","?","?","R","BOSS","M","M","$","M","M","E","R","$","T","E","$","R","E","M","R","BOSS"],"items_purchased_type":["Card","Card","Relic","Potion","Relic","Potion"],"build_version":"2020-12-22","purchased_purges":3,"victory":true,"max_hp_per_floor":[80,80,80,80,80,80,80,80,80,80,80,80,80,80,80,80,80,80,80,80,80,80,80,80,80,80,80,80,80,80,80,80,80,80,80,80,80,80,80,80,80,80,80,80,80,80,80,80,80,80],"card_choices":[{"not_picked":["maniac:UndyingDesire","maniac:ListenToNone"],"picked":"maniac:Confront","floor":1.0},{"not_picked":["maniac:WardAndDefend","maniac:MortalSteel"],"picked":"maniac:DashForward","floor":2.0},{"not_picked":["maniac:Intimidate","maniac:Confront"],"picked":"maniac:Deal","floor":5.0},{"not_picked":["maniac:Intimidate","maniac:PanickyParry"],"picked":"maniac:UndyingDesire","floor":7.0},{"not_picked":["maniac:ExceedEnchantment","maniac:DashForward"],"picked":"maniac:FoilArmor","floor":10.0},{"not_picked":["maniac:UntravelledPath","maniac:ShiftingShadows"],"picked":"maniac:Refine","floor":12.0},{"not_picked":["maniac:SpectralKnives","maniac:PerceiveDanger","maniac:DashForward"],"picked":"SKIP","floor":13.0},{"not_picked":["maniac:ArmToTheTeeth","maniac:DashForward"],"picked":"maniac:Simulacrum","floor":14.0},{"not_picked":["maniac:RallyToMe","maniac:Simulacrum"],"picked":"maniac:UnseenTerror","floor":16.0},{"not_picked":["maniac:DashForward","maniac:WitnessTrueSorcery","maniac:UntravelledPath"],"picked":"SKIP","floor":18.0},{"not_picked":["maniac:FindAShortcut","maniac:BladeArtist","maniac:Intimidate"],"picked":"SKIP","floor":20.0},{"not_picked":["maniac:DashForward","maniac:FindAShortcut"],"picked":"maniac:Blastwave+1","floor":22.0},{"not_picked":["maniac:UntravelledPath+1","maniac:BladeShoot+1","maniac:WitnessTrueSorcery"],"picked":"SKIP","floor":24.0},{"not_picked":["maniac:LootBarrage+1","maniac:Deal","maniac:Intimidate"],"picked":"SKIP","floor":29.0},{"not_picked":["maniac:RallyToMe","maniac:TwistedEddies"],"picked":"maniac:Collecting","floor":33.0},{"not_picked":["maniac:BladeEnd+1","maniac:SpectralFlash"],"picked":"maniac:HammerStrike+1","floor":35.0},{"not_picked":["maniac:ObscuredAttack","maniac:ColdHeart","maniac:Refine+1"],"picked":"SKIP","floor":36.0},{"not_picked":["maniac:ObscuredAttack","maniac:ColdHeart","maniac:Refine+1"],"picked":"SKIP","floor":36.0},{"not_picked":["maniac:BladesInCloak+1","maniac:SpectralKnives","maniac:ShiftingShadows"],"picked":"SKIP","floor":38.0},{"not_picked":["maniac:BladesInCloak+1","maniac:SpectralKnives"],"picked":"maniac:ShiftingShadows","floor":38.0},{"not_picked":["maniac:AllOutAttack","maniac:Confront","maniac:ShelteringEdge"],"picked":"SKIP","floor":39.0},{"not_picked":["maniac:TorturousScreams","maniac:ListenToNone","maniac:FindAShortcut"],"picked":"SKIP","floor":40.0},{"not_picked":["maniac:WitnessTrueSorcery","maniac:BladeShoot+1","maniac:ListenToNone"],"picked":"SKIP","floor":44},{"not_picked":["maniac:FindAShortcut","maniac:ListenToNone+1","maniac:LootBarrage+1"],"picked":"SKIP","floor":47},{"not_picked":["maniac:WitnessTrueSorcery+1","maniac:Refine","maniac:MeleeStrike+1"],"picked":"SKIP","floor":48}],"player_experience":375669,"relics_obtained":[{"floor":9.0,"key":"Potion Belt"},{"floor":10.0,"key":"Blood Vial"},{"floor":22.0,"key":"Red Mask"},{"floor":26.0,"key":"Mercury Hourglass"},{"floor":30.0,"key":"Du-Vu Doll"},{"floor":40.0,"key":"Lantern"},{"floor":44,"key":"maniac:SmartDetector"},{"floor":47,"key":"Bottled Flame"}],"event_choices":[{"damage_healed":0.0,"max_hp_gain":0.0,"max_hp_loss":0.0,"gold_gain":75.0,"event_name":"FaceTrader","player_choice":"Touch","floor":3.0,"gold_loss":0.0,"damage_taken":8.0},{"damage_healed":0.0,"max_hp_gain":0.0,"max_hp_loss":0.0,"gold_gain":0.0,"event_name":"The Library","player_choice":"Read","floor":19.0,"gold_loss":0.0,"damage_taken":0.0,"cards_obtained":["maniac:Intimidate"]},{"damage_healed":0.0,"max_hp_gain":0.0,"max_hp_loss":0.0,"gold_gain":0.0,"event_name":"Masked Bandits","player_choice":"Fought Bandits","floor":22.0,"gold_loss":0.0,"damage_taken":0.0},{"damage_healed":0.0,"max_hp_gain":0.0,"max_hp_loss":0.0,"gold_gain":0.0,"event_name":"The Mausoleum","player_choice":"Opened","floor":27.0,"gold_loss":0.0,"damage_taken":0.0,"relics_obtained":["Kunai"]}],"is_beta":false,"boss_relics":[{"not_picked":["Velvet Choker","Runic Pyramid"],"picked":"Snecko Eye"},{"not_picked":["Sozu","Calling Bell"],"picked":"Cursed Key"}],"items_purged_floors":[4,21,42],"is_endless":false,"potions_floor_spawned":[5,12,14,22,29,33,36,39,48],"ascension_level":0}}