{"host":"la4578xgyusbaxfx","time":1613360917,"event":{"mods":["Act Like it!","BaseMod","Conspire","Custom Start","Gensokyo","Hallownest","Jorbs\u0027s Wanderer Trilogy","Lobotomy","LobotomyExtend","Minty Spire (QoL Compilation)","MostiFishMod","Reliquary","Replay The Spire","Spicy Shops","StSLib","The Jungle","Uncapped","Warlord Emblem","[GremlinLeader]The Maniac","noobMod","≤–¡Ù÷ÆŒÔ"],"gold_per_floor":[109,123,135,147,117,117,151,162,162,190,190,98684,98699,98715,98715,98812,98812,98832,98832,96773,96784,96794,96829,96829,96841,96443,96456,96456,96476,96517,96537,96555,96555,96093,96108,95640,95680,95745,95745,95886,95886,95926,95965,95991,95991,96041,96041,96106,96106,96106,96132,96173,96173,95708,95708,95708,95835,95835,95871,95871,95711,95769,95464,95486,95518,95594,95621,95621,95267,95315,94765,94765,94887,94887,94903,94775,94775,94369,94319,94319,94389,94389,94445,94103,94134,94184,94234,94283,94283,94422,94422,94469,94469],"floor_reached":69,"language":"ZHS","playtime":9674,"items_purged":["WarlordEmblem:Defend_DK","WarlordEmblem:Defend_DK","WarlordEmblem:RuneStrike","Injury","WarlordEmblem:RuneStrike","WarlordEmblem:Defend_DK","WarlordEmblem:RuneStrike","Writhe","WarlordEmblem:RuneStrike+1","WarlordEmblem:UltimateCold","WarlordEmblem:DeathGateway","WarlordEmblem:RealmStorm","WarlordEmblem:RuneInspire"],"score":1867,"play_id":"4425868e-6b90-4236-a1ed-b648fb0e3f98","local_time":"20210215114837","daily_mods":["DeadlyEvents"],"is_ascension_mode":false,"campfire_choices":[{"floor":6.0,"key":"REST"},{"data":"WarlordEmblem:WrathOfSindragosa","floor":15.0,"key":"SMITH"},{"data":"WarlordEmblem:DeathWither","floor":24.0,"key":"SMITH"},{"data":"WarlordEmblem:RuneRegen","floor":15.0,"key":"SMITH"},{"data":"WarlordEmblem:LichkingWraith","floor":23.0,"key":"SMITH"},{"data":"WarlordEmblem:RuneBurn","floor":25.0,"key":"SMITH"},{"data":"WarlordEmblem:RuneMelter","floor":44.0,"key":"SMITH"},{"data":"Gensokyo:EightFeetTall","floor":49.0,"key":"SMITH"},{"data":"WarlordEmblem:RuneMultiplex","floor":57.0,"key":"SMITH"},{"data":"WarlordEmblem:HungeringCold","floor":59.0,"key":"SMITH"},{"data":"WarlordEmblem:BloodMask+1","floor":66.0,"key":"PURGE"}],"circlet_count":0,"master_deck":["WarlordEmblem:RuneDefend","WarlordEmblem:RuneHeavyStrike","WarlordEmblem:CurseStrike+1","WarlordEmblem:WrathOfSindragosa+1","WarlordEmblem:CondemnStrike","WarlordEmblem:RuneBurn+1","WarlordEmblem:RuneRegen","WarlordEmblem:DeathContract","WarlordEmblem:CurseBlade","WarlordEmblem:SwordWave","WarlordEmblem:RuneRegen+1","WarlordEmblem:RuneRecover","WarlordEmblem:RuneMelter","WarlordEmblem:DeathWither+1","WarlordEmblem:EvilPower","WarlordEmblem:BoneShield","WarlordEmblem:Hanging","WarlordEmblem:RuneMelter+1","WarlordEmblem:BloodBoiling","WarlordEmblem:DeathShake","WarlordEmblem:LichkingWraith+1","WarlordEmblem:DiseaseCloud","WarlordEmblem:RuneIndex+1","WarlordEmblem:HeartOfDeath+1","WarlordEmblem:RealmStorm+1","WarlordEmblem:BlackCommand","WarlordEmblem:RealmRider","WarlordEmblem:DarkSimulation+1","WarlordEmblem:BloodSacrifice","WarlordEmblem:HungeringCold+1","WarlordEmblem:RuneMultiplex+1","WarlordEmblem:RuneInspire","Gensokyo:EightFeetTall+1","WarlordEmblem:FrozenTouch","WarlordEmblem:UndeadWill","WarlordEmblem:BloodStrike","WarlordEmblem:HeartOfDeath"],"relics":["WarlordEmblem:RuneSword","WarlordEmblem:BloodRealm","replay:Trail_Library","ice","DaveBox","maniac:BrokenHorn","Whetstone","reliquary:SilkGlove","TheAbacus","conspire:DeflatedDodgeball","StrikeDummy","Garlic","ReplayTheSpireMod:Shallot","WarlordEmblem:MagicRuneSword","BirthdayGift-Tetrahedron","WarlordEmblem:MantleKazakus","Replay:WaspNest","Pantograph","Snack Pack","ice","SynthV:TestCard","LetterFromLob","Membership Card","reliquary:FerryPass","Bloody Idol","Quantum Egg","TungstenRod","WarlordEmblem:MantleCaireseth","WarlordEmblem:BadgeProtect","Bottled Flame","WarlordEmblem:SmileMask","WarlordEmblem:BrokenMantle","Replay:Bandana","Strawberry","PlaceholderMod:DeVermisMysteriis","CaptainsWheel","MostiFishMod:Haymaker","Iron Hammer","Oddly Smooth Stone","Empty Cage","Gensokyo:PortableGap","Enchiridion","Counterbalance","reliquary:SharkskinSheath","Blue Doll","conspire:TopHat","Nunchaku","Paper Crane","Medical Kit","WarlordEmblem:DKHelm","WarlordEmblem:OldTorch","reliquary:RosewoodLute","Toolbox","OrangePellets","reliquary:Buckler","WarlordEmblem:MantleReynold","HollowDreamFlower","Replay:Ringing Soul","reliquary:Knoch","Snecko Heart","WarlordEmblem:IceRealm"],"acts_visited":["Exordium","TheCity","TheCity","Gensokyo:Gensokyo","Gensokyo:Gensokyoer","Gensokyo:Gensokyoest"],"potions_floor_usage":[],"damage_taken":[{"damage":8.0,"enemies":"Small Slimes","floor":1.0,"turns":4.0},{"damage":11.0,"enemies":"Jaw Worm","floor":2.0,"turns":3.0},{"damage":7.0,"enemies":"2 Louse","floor":3.0,"turns":3.0},{"damage":31.0,"enemies":"Exordium Thugs","floor":4.0,"turns":5.0},{"damage":1.0,"enemies":"Looter","floor":5.0,"turns":4.0},{"damage":41.0,"enemies":"3 Sentries","floor":7.0,"turns":11.0},{"damage":10.0,"enemies":"Lots of Slimes","floor":8.0,"turns":5.0},{"damage":27.0,"enemies":"Lagavulin","floor":10.0,"turns":6.0},{"damage":0.0,"enemies":"Large Slime","floor":13.0,"turns":3.0},{"damage":0.0,"enemies":"3 Louse","floor":14.0,"turns":2.0},{"damage":17.0,"enemies":"Fading Forest","floor":16.0,"turns":11.0},{"damage":15.0,"enemies":"Spheric Guardian","floor":18.0,"turns":5.0},{"damage":5.0,"enemies":"Shell Parasite","floor":21.0,"turns":3.0},{"damage":6.0,"enemies":"Snake Plant","floor":22.0,"turns":2.0},{"damage":8.0,"enemies":"Gremlin Leader","floor":23.0,"turns":5.0},{"damage":0.0,"enemies":"Jaw Worm","floor":1.0,"turns":1.0},{"damage":0.0,"enemies":"2 Louse","floor":3.0,"turns":1.0},{"damage":2.0,"enemies":"Cultist","floor":5.0,"turns":2.0},{"damage":6.0,"enemies":"Lagavulin","floor":6.0,"turns":4.0},{"damage":2.0,"enemies":"2 Fungi Beasts","floor":7.0,"turns":2.0},{"damage":2.0,"enemies":"3 Louse","floor":8.0,"turns":2.0},{"damage":0.0,"enemies":"Exordium Wildlife","floor":11.0,"turns":2.0},{"damage":0.0,"enemies":"Looter","floor":13.0,"turns":2.0},{"damage":2.0,"enemies":"3 Sentries","floor":14.0,"turns":3.0},{"damage":11.0,"enemies":"Hexaghost","floor":16.0,"turns":5.0},{"damage":0.0,"enemies":"Shell Parasite","floor":18.0,"turns":1.0},{"damage":0.0,"enemies":"Spheric Guardian","floor":19.0,"turns":3.0},{"damage":6.0,"enemies":"Centurion and Healer","floor":20.0,"turns":6.0},{"damage":0.0,"enemies":"3 Cultists","floor":22.0,"turns":4.0},{"damage":0.0,"enemies":"conspire:Head Lice","floor":24.0,"turns":4.0},{"damage":1.0,"enemies":"Snecko","floor":27.0,"turns":6.0},{"damage":5.0,"enemies":"Snake Plant","floor":28.0,"turns":3.0},{"damage":0.0,"enemies":"Collector","floor":33.0,"turns":7.0},{"damage":0.0,"enemies":"Gensokyo:Python","floor":35.0,"turns":1.0},{"damage":0.0,"enemies":"Gensokyo:Mamizou","floor":38.0,"turns":6.0},{"damage":8.0,"enemies":"Gensokyo:Gryphon","floor":40.0,"turns":3.0},{"damage":0.0,"enemies":"Gensokyo:2_Kodama","floor":41.0,"turns":3.0},{"damage":0.0,"enemies":"Gensokyo:Cirno","floor":42.0,"turns":4.0},{"damage":0.0,"enemies":"Gensokyo:5_Fairies","floor":47.0,"turns":3.0},{"damage":0.0,"enemies":"Gensokyo:Yukari","floor":50.0,"turns":6.0},{"damage":17.0,"enemies":"Gensokyo:AngelMirror","floor":52.0,"turns":3.0},{"damage":0.0,"enemies":"Gensokyo:3_Dogs","floor":58.0,"turns":2.0},{"damage":35.0,"enemies":"Gensokyo:Tenshi","floor":60.0,"turns":3.0},{"damage":32.0,"enemies":"Gensokyo:Slime_Group","floor":62.0,"turns":4.0},{"damage":4.0,"enemies":"Gensokyo:Koishi","floor":63.0,"turns":5.0},{"damage":2.0,"enemies":"Gensokyo:Reisen","floor":64.0,"turns":5.0},{"damage":9.0,"enemies":"conspire:MimicChest","floor":65.0,"turns":5.0},{"damage":0.0,"enemies":"Gensokyo:Eiki","floor":67.0,"turns":8.0},{"damage":0.0,"enemies":"Gensokyo:3_Boulders","floor":69.0,"turns":4.0}],"seed_played":"2859474361658939632","potions_obtained":[{"floor":4.0,"key":"Ancient Potion"},{"floor":8.0,"key":"conspire:TimeTravelPotion"},{"floor":14.0,"key":"Strength Potion"},{"floor":33.0,"key":"FairyPotion"},{"floor":50.0,"key":"PlaceholderMod:PlaceholderPotion"}],"is_trial":true,"path_per_floor":["M","M","M","M","M","R","E","M","T","E","?","$","M","M","R","B",null,"M","?","$","M","M","E","R","E","M","$","M","?","M","E","M","M","T","$","M","$","M","E","R","B",null,"M","M","M","?","M","R","E","R","T","M","M","?","$","?","R","B",null,"M","?","?","E","$","M","M","E","T","R","COS","M","$","R","B",null,"M","COS","?","$","?","R","M","R","E","$","M","E","E","?","R","B",null,"M"],"character_chosen":"DeathKnight","items_purchased":["WarlordEmblem:DeathContract","TheAbacus","conspire:DeflatedDodgeball","StrikeDummy","Garlic","ReplayTheSpireMod:Shallot","WarlordEmblem:BloodMask","WarlordEmblem:MagicRuneSword","BirthdayGift-Tetrahedron","WarlordEmblem:MantleKazakus","Replay:WaspNest","Pantograph","Membership Card","reliquary:FerryPass","WarlordEmblem:BoneShield","WarlordEmblem:Hanging","WarlordEmblem:MantleCaireseth","WarlordEmblem:BadgeProtect","Bottled Flame","WarlordEmblem:SmileMask","WarlordEmblem:BrokenMantle","Replay:Bandana","Strawberry","WarlordEmblem:DiseaseCloud","Iron Hammer","Oddly Smooth Stone","Counterbalance","Blue Doll","conspire:TopHat","Nunchaku","Paper Crane","Medical Kit","WarlordEmblem:OldTorch","reliquary:RosewoodLute","Toolbox","OrangePellets","reliquary:Buckler"],"campfire_rested":1,"item_purchase_floors":[12,12,12,12,12,12,12,20,20,20,20,20,2,2,2,2,10,10,10,10,12,12,12,12,30,30,39,48,48,48,48,48,55,55,55,61,61],"current_hp_per_floor":[72,61,54,23,22,46,80,70,70,43,70,70,72,72,72,65,83,76,76,76,81,75,76,76,85,85,85,85,85,87,85,85,85,85,85,92,95,95,95,96,96,96,96,97,97,98,98,99,99,99,100,95,95,95,95,100,100,100,100,90,90,87,87,87,87,88,88,85,85,85,85,85,86,86,82,82,82,82,89,89,93,93,93,93,80,90,94,95,95,98,98,98,98],"gold":94469,"neow_bonus":"","is_daily":false,"chose_seed":false,"campfire_upgraded":9,"win_rate":0.0,"timestamp":1613360917,"path_taken":["M","M","M","M","M","R","E","M","T","E","?","$","M","M","R","BOSS","M","?","$","M","M","E","R","E","M","$","M","?","M","E","M","?","T","?","?","$","M","?","R","BOSS","M","M","M","?","M","R","E","R","T","M","M","?","$","?","R","BOSS","M","?","?","?","$","?","M","E","T","R","COS","M","?","R","BOSS","M","COS","?","$","?","R","?","R","E","$","M","E","?","?","R","BOSS","M"],"items_purchased_type":["Card","Relic","Relic","Relic","Relic","Relic","Card","Relic","Relic","Relic","Relic","Relic","Relic","Relic","Card","Card","Relic","Relic","Relic","Relic","Relic","Relic","Relic","Card","Relic","Relic","Relic","Relic","Relic","Relic","Relic","Relic","Relic","Relic","Relic","Relic","Relic"],"build_version":"2020-12-22","purchased_purges":13,"victory":false,"max_hp_per_floor":[80,80,80,80,80,80,81,81,81,81,81,81,82,82,82,83,83,83,83,83,84,84,84,84,85,85,85,85,86,87,87,88,88,88,88,95,95,95,95,96,96,96,96,97,97,98,98,99,99,99,100,100,100,100,100,100,100,100,100,90,90,87,87,87,87,88,88,85,85,85,85,85,86,86,86,86,86,86,93,93,93,93,93,93,93,93,94,95,95,98,98,98,98],"card_choices":[{"not_picked":["WarlordEmblem:RuneRecast","WarlordEmblem:DeathStrike"],"picked":"WarlordEmblem:CurseStrike","floor":1.0},{"not_picked":["WarlordEmblem:RuneMelter","WarlordEmblem:VoidDefend"],"picked":"WarlordEmblem:WrathOfSindragosa","floor":2.0},{"not_picked":["WarlordEmblem:RuneBlade","WarlordEmblem:RuneDiffer"],"picked":"WarlordEmblem:DeathGateway","floor":3.0},{"not_picked":["WarlordEmblem:RuneFocus","WarlordEmblem:WinterHorn"],"picked":"WarlordEmblem:Infect","floor":4.0},{"not_picked":["WarlordEmblem:BodyStrike","WarlordEmblem:RuneRecast","WarlordEmblem:DeathGateway"],"picked":"SKIP","floor":5.0},{"not_picked":["WarlordEmblem:ForceDeflexion","WarlordEmblem:Potential"],"picked":"WarlordEmblem:CondemnStrike","floor":7.0},{"not_picked":["WarlordEmblem:FrostbiteStrike","WarlordEmblem:Withstand"],"picked":"WarlordEmblem:DeathStrike","floor":8.0},{"not_picked":["WarlordEmblem:Execute","WarlordEmblem:EvilWorm"],"picked":"WarlordEmblem:RuneBurn","floor":10.0},{"not_picked":["WarlordEmblem:WinterHorn","WarlordEmblem:RuneExplode","WarlordEmblem:RuneFocus"],"picked":"SKIP","floor":13.0},{"not_picked":["WarlordEmblem:ForceDeflexion","WarlordEmblem:WinterHorn"],"picked":"WarlordEmblem:RuneInspire","floor":14.0},{"not_picked":["WarlordEmblem:Hanging","WarlordEmblem:FrozenHeart"],"picked":"WarlordEmblem:CurseBlade","floor":16.0},{"not_picked":["WarlordEmblem:Infect","WarlordEmblem:EvilStrike"],"picked":"WarlordEmblem:SwordWave","floor":18.0},{"not_picked":["WarlordEmblem:EvilSee+1","WarlordEmblem:BoneShield"],"picked":"WarlordEmblem:RuneRecover","floor":21.0},{"not_picked":["WarlordEmblem:RuneRecast","WarlordEmblem:SwordWave"],"picked":"WarlordEmblem:RuneMelter","floor":22.0},{"not_picked":["WarlordEmblem:Withstand","WarlordEmblem:RuneDiffer+1"],"picked":"WarlordEmblem:DeathWither","floor":23.0},{"not_picked":["WarlordEmblem:VoidStrike","WarlordEmblem:FrostbiteStrike"],"picked":"WarlordEmblem:EvilPower","floor":1.0},{"not_picked":["WarlordEmblem:BloodSacrifice","WarlordEmblem:SevereWinter","WarlordEmblem:HeartStrike","WarlordEmblem:CurseStrike","WarlordEmblem:VoidStrike"],"picked":"SKIP","floor":3.0},{"not_picked":["WarlordEmblem:VoidDefend","WarlordEmblem:RuneRecover","WarlordEmblem:Withstand","WarlordEmblem:DeathStrike"],"picked":"WarlordEmblem:RuneMelter","floor":5.0},{"not_picked":["WarlordEmblem:DeathCoil","WarlordEmblem:BlackCommand","WarlordEmblem:RuneFocus","WarlordEmblem:EvilPower"],"picked":"WarlordEmblem:BloodBoiling","floor":6.0},{"not_picked":["WarlordEmblem:BoneShield","WarlordEmblem:DeathStrike","WarlordEmblem:Infect","WarlordEmblem:WinterHorn","WarlordEmblem:ForceDeflexion"],"picked":"SKIP","floor":7.0},{"not_picked":["WarlordEmblem:BodyStrike","WarlordEmblem:Withstand","WarlordEmblem:RuneMelter","WarlordEmblem:SevereWinter"],"picked":"WarlordEmblem:DeathShake","floor":8.0},{"not_picked":["WarlordEmblem:DeathStrike","WarlordEmblem:VoidDefend","WarlordEmblem:BodyStrike","WarlordEmblem:Execute"],"picked":"WarlordEmblem:LichkingWraith","floor":11.0},{"not_picked":["WarlordEmblem:BloodMask","WarlordEmblem:RuneFocus","WarlordEmblem:Execute","WarlordEmblem:DeathGateway"],"picked":"WarlordEmblem:UltimateCold","floor":13.0},{"not_picked":["WarlordEmblem:DeathGateway","WarlordEmblem:HeartStrike","WarlordEmblem:RuneRecover","WarlordEmblem:CurseStrike"],"picked":"WarlordEmblem:RuneIndex","floor":14.0},{"not_picked":["WarlordEmblem:BloodBoiling","WarlordEmblem:RuneMultiplex","WarlordEmblem:CondemnStrike","WarlordEmblem:FrozenTouch"],"picked":"WarlordEmblem:HeartOfDeath","floor":16.0},{"not_picked":["WarlordEmblem:ForceDeflexion","WarlordEmblem:Execute","WarlordEmblem:Annihilation","WarlordEmblem:DeathStrike"],"picked":"WarlordEmblem:RealmStorm+1","floor":18.0},{"not_picked":["WarlordEmblem:HeartStrike","WarlordEmblem:RuneBlade+1","WarlordEmblem:RuneRegen","WarlordEmblem:VoidStrike+1"],"picked":"WarlordEmblem:BlackCommand","floor":19.0},{"not_picked":["WarlordEmblem:NoLightShield","WarlordEmblem:FrostbiteStrike","WarlordEmblem:BodyStrike","WarlordEmblem:VoidDefend"],"picked":"WarlordEmblem:RealmRider","floor":20.0},{"not_picked":["WarlordEmblem:CurseStrike","WarlordEmblem:RuneFocus","WarlordEmblem:FrozenDeath","WarlordEmblem:DeathStrike","WarlordEmblem:BodyStrike"],"picked":"SKIP","floor":22.0},{"not_picked":["WarlordEmblem:RuneBlade","WarlordEmblem:FrozenDeath","WarlordEmblem:RuneFocus+1","WarlordEmblem:WillOfTheNecropolis"],"picked":"WarlordEmblem:DarkSimulation+1","floor":24.0},{"not_picked":["WarlordEmblem:Withstand+1","WarlordEmblem:RuneRecast","WarlordEmblem:CurseStrike","WarlordEmblem:RuneDiffer","WarlordEmblem:FrozenWill+1"],"picked":"SKIP","floor":27.0},{"not_picked":["WarlordEmblem:DarkSimulation+1","WarlordEmblem:Annihilation+1","WarlordEmblem:WindStrike","WarlordEmblem:RuneIndex"],"picked":"WarlordEmblem:RealmStorm","floor":28.0},{"not_picked":["WarlordEmblem:EvilEager","WarlordEmblem:FrozenTouch","WarlordEmblem:RunePerfusion","WarlordEmblem:RealmRider"],"picked":"WarlordEmblem:HungeringCold","floor":33.0},{"not_picked":["WarlordEmblem:EvilSee","WarlordEmblem:Infect","WarlordEmblem:DeathCoil","WarlordEmblem:FrostbiteStrike","WarlordEmblem:BloodSacrifice"],"picked":"SKIP","floor":35.0},{"not_picked":["WarlordEmblem:RuneInspire","WarlordEmblem:WillOfTheNecropolis","WarlordEmblem:RuneRegen","WarlordEmblem:VoidDefend","WarlordEmblem:RuneBlade"],"picked":"SKIP","floor":38.0},{"not_picked":["WarlordEmblem:Infect","WarlordEmblem:RealmRider","WarlordEmblem:DeathCoil","WarlordEmblem:FrozenWill","WarlordEmblem:RuneBlade"],"picked":"SKIP","floor":40.0},{"not_picked":["WarlordEmblem:BodyStrike","WarlordEmblem:AntiMagicShield","WarlordEmblem:FrozenChain","WarlordEmblem:Infect","WarlordEmblem:BoneShield"],"picked":"SKIP","floor":41.0},{"not_picked":["WarlordEmblem:EvilWorm","WarlordEmblem:VoidDefend","WarlordEmblem:UltimateCold","WarlordEmblem:Hanging"],"picked":"WarlordEmblem:RuneMultiplex","floor":42.0},{"not_picked":["WarlordEmblem:EvilWorm","WarlordEmblem:FrozenWill","WarlordEmblem:RuneRecast","WarlordEmblem:DeathStrike","WarlordEmblem:DeathGateway"],"picked":"SKIP","floor":47.0},{"not_picked":["WarlordEmblem:LichkingWraith","WarlordEmblem:CurseBlade","WarlordEmblem:RealmRider","WarlordEmblem:Hanging"],"picked":"WarlordEmblem:FrozenTouch","floor":50.0},{"not_picked":["WarlordEmblem:Execute","WarlordEmblem:CurseStrike+1","WarlordEmblem:VoidStrike","WarlordEmblem:SevereWinter+1","WarlordEmblem:DeathContract"],"picked":"SKIP","floor":52.0},{"not_picked":["WarlordEmblem:RuneRecast+1","WarlordEmblem:CurseStrike","WarlordEmblem:BloodBoiling","WarlordEmblem:VoidDefend+1"],"picked":"WarlordEmblem:UndeadWill","floor":58.0},{"not_picked":["WarlordEmblem:BloodMask","WarlordEmblem:LichBody+1","WarlordEmblem:EvilSee+1","WarlordEmblem:RuneRecover+1","WarlordEmblem:Execute+1"],"picked":"SKIP","floor":60.0},{"not_picked":["WarlordEmblem:RealmStorm+1","WarlordEmblem:BloodMask","WarlordEmblem:RuneFocus","WarlordEmblem:DeathContract"],"picked":"WarlordEmblem:BloodStrike","floor":62.0},{"not_picked":["WarlordEmblem:Execute","WarlordEmblem:CondemnStrike","WarlordEmblem:WindStrike","WarlordEmblem:CurseStrike","WarlordEmblem:RuneBlade"],"picked":"SKIP","floor":63.0},{"not_picked":["WarlordEmblem:VoidDefend+1","WarlordEmblem:RuneRecover+1","WarlordEmblem:SevereWinter","WarlordEmblem:DeathCoil+1","WarlordEmblem:FrozenDeath"],"picked":"SKIP","floor":64.0},{"not_picked":["WarlordEmblem:FrozenHeart","WarlordEmblem:CondemnStrike","WarlordEmblem:RunePerfusion","WarlordEmblem:HungeringCold"],"picked":"WarlordEmblem:HeartOfDeath","floor":67.0},{"not_picked":["WarlordEmblem:HeartStrike+1","WarlordEmblem:Execute","WarlordEmblem:FrozenDeath+1","WarlordEmblem:WinterHorn","WarlordEmblem:BloodStrike"],"picked":"SKIP","floor":69}],"player_experience":243938,"relics_obtained":[{"floor":1.0,"key":"LetterFromLob"},{"floor":7.0,"key":"Whetstone"},{"floor":10.0,"key":"reliquary:SilkGlove"},{"floor":23.0,"key":"Snack Pack"},{"floor":1.0,"key":"SynthV:TestCard"},{"floor":1.0,"key":"LetterFromLob"},{"floor":6.0,"key":"Quantum Egg"},{"floor":9.0,"key":"TungstenRod"},{"floor":14.0,"key":"PlaceholderMod:DeVermisMysteriis"},{"floor":24.0,"key":"CaptainsWheel"},{"floor":26.0,"key":"MostiFishMod:Haymaker"},{"floor":43.0,"key":"reliquary:SharkskinSheath"},{"floor":65.0,"key":"Replay:Ringing Soul"}],"event_choices":[{"damage_healed":27.0,"max_hp_gain":0.0,"max_hp_loss":0.0,"gold_gain":0.0,"event_name":"Big Fish","player_choice":"Banana","floor":11.0,"gold_loss":0.0,"damage_taken":0.0},{"damage_healed":0.0,"max_hp_gain":0.0,"max_hp_loss":0.0,"gold_gain":0.0,"event_name":"The Library","player_choice":"Read","floor":19.0,"gold_loss":0.0,"damage_taken":0.0,"cards_obtained":["WarlordEmblem:RuneRegen"]},{"damage_healed":0.0,"max_hp_gain":0.0,"max_hp_loss":0.0,"gold_gain":0.0,"event_name":"Golden Idol","player_choice":"Take Wound","floor":4.0,"gold_loss":0.0,"damage_taken":0.0,"relics_obtained":["Golden Idol"],"cards_obtained":["Injury"]},{"damage_healed":0.0,"max_hp_gain":0.0,"max_hp_loss":0.0,"gold_gain":0.0,"event_name":"Forgotten Altar","player_choice":"Gave Idol","floor":29.0,"relics_lost":["Golden Idol"],"gold_loss":0.0,"damage_taken":0.0,"relics_obtained":["Bloody Idol"]},{"damage_healed":0.0,"max_hp_gain":0.0,"max_hp_loss":0.0,"gold_gain":0.0,"event_name":"Vampires","player_choice":"Ignored","floor":31.0,"gold_loss":0.0,"damage_taken":0.0}],"is_beta":false,"boss_relics":[{"not_picked":["GreenFoldingFan","conspire:RoyalGoblet","reliquary:KinkedSpring"]},{"not_picked":["JellyFishMachine","Replay:Bronze Core","ExusiaiGun"]},{"not_picked":["reliquary:RedPaperclip","Philosopher\u0027s Stone"],"picked":"Empty Cage"},{"not_picked":["WarlordEmblem:SaveLoadDisk","Black Star"],"picked":"WarlordEmblem:DKHelm"},{"not_picked":["Replay:Drink Me","Replay:Fungal Core"],"picked":"Snecko Heart"}],"items_purged_floors":[12,20,2,10,10,12,12,30,30,39,48,55,61],"is_endless":true,"potions_floor_spawned":[3,4,8,14,16,18,21,3,6,11,14,16,19,24,27,33,35,41,42,50,52,58,62,64,65],"killed_by":"Gensokyo:3_Boulders","ascension_level":0}}