{"host":"oq9vgnvl0fi8z8ha","time":1613404807,"event":{"mods":["BaseMod","Block Reminder","ChefMod","Curses Come First","Evolution","Fox Events","Highlight Path","Minty Spire (QoL Compilation)","Relic Stats","Smile Girya","StSLib","The Bug Knight","The Runesmith","Treasure Hunter","Unceasing Turn Reminder"],"gold_per_floor":[62,62,62,62,78,106,106,137,137,137,154,174,200,200,200,295,295,311,311,326,326,40,40,40,60,107,107,107,107,107],"floor_reached":29,"language":"ENG","playtime":1354,"items_purged":["Pain"],"score":300,"play_id":"4c17b1ff-ebf8-42ce-95c0-04fb0159fde4","local_time":"20210215090007","is_ascension_mode":true,"campfire_choices":[{"floor":7,"key":"RECALL"},{"floor":10,"key":"REST"},{"floor":15,"key":"REST"},{"data":"Feed","floor":23,"key":"SMITH"},{"data":"Uppercut","floor":28,"key":"SMITH"}],"circlet_count":0,"master_deck":["Wild Strike","Strike_R","Strike_R","Strike_R","Defend_R","Defend_R","Defend_R","Defend_R","Bash","Metamorphosis","Rage","TH:CursedSword","Uppercut+1","Anger","TH:BikiniMail","Berserk","TH:TreasureMap","Immolate","TH:CursedSword","Anger","Dropkick","Cleave","TH:ArmorSpikes","Evolve","Clumsy","Infernal Blade","TH:DeckOfManyThings","Feed+1","Clothesline+1","Flash of Steel","Ghostly Armor","Battle Trance","Inflame","TH:CursedSword"],"relics":["Burning Blood","EVO:Axolotl","Runesmith:Nanobots","Akabeko","Dream Catcher","Darkstone Periapt","Sozu","WarpedTongs","Lantern","Regal Pillow"],"acts_visited":["Exordium","TheCity"],"potions_floor_usage":[13,16,16],"damage_taken":[{"damage":1,"enemies":"Cultist","floor":1,"turns":3},{"damage":3,"enemies":"Jaw Worm","floor":5,"turns":3},{"damage":35,"enemies":"3 Sentries","floor":6,"turns":8},{"damage":18,"enemies":"Gremlin Nob","floor":8,"turns":3},{"damage":0,"enemies":"Small Slimes","floor":11,"turns":1},{"damage":10,"enemies":"Red Slaver","floor":12,"turns":2},{"damage":24,"enemies":"Lagavulin","floor":13,"turns":5},{"damage":83,"enemies":"Hexaghost","floor":16,"turns":11},{"damage":6,"enemies":"3 Byrds","floor":18,"turns":3},{"damage":9,"enemies":"Shell Parasite","floor":20,"turns":3},{"damage":35,"enemies":"Shelled Parasite and Fungi","floor":25,"turns":3},{"damage":76,"enemies":"Slavers","floor":29,"turns":5}],"seed_played":"1546755839487918936","potions_obtained":[{"floor":5,"key":"ElixirPotion"},{"floor":8,"key":"Fire Potion"},{"floor":11,"key":"BlessingOfTheForge"}],"is_trial":false,"path_per_floor":["M","?","T","?","M","E","R","E","T","R","M","M","E","?","R","B",null,"M","?","M","?","$","R","$","M","T","?","R","E"],"character_chosen":"IRONCLAD","items_purchased":["Lantern","Battle Trance"],"campfire_rested":2,"item_purchase_floors":[22,22],"current_hp_per_floor":[80,80,80,80,80,51,51,39,39,63,69,65,47,60,87,10,93,96,96,96,102,102,102,102,73,73,73,73,0,0],"gold":107,"neow_bonus":"RANDOM_COLORLESS_2","is_daily":false,"chose_seed":false,"campfire_upgraded":2,"win_rate":0.0,"timestamp":1613404807,"path_taken":["M","?","?","?","?","E","R","E","T","R","M","M","E","?","R","BOSS","M","?","?","?","$","R","?","M","T","?","R","E"],"items_purchased_type":["Relic","Card"],"build_version":"2020-12-22","purchased_purges":1,"victory":false,"max_hp_per_floor":[80,80,80,80,80,80,80,80,80,80,80,80,80,93,93,93,93,96,96,99,105,105,105,105,105,105,105,105,105,105],"relic_stats":{"Darkstone Periapt":12,"Sozu":1,"Dream Catcher":2,"Regal Pillow":0,"counters":[12,50],"obtain_stats":[{"Darkstone Periapt":13,"Sozu":17,"Runesmith:Nanobots":6,"Dream Catcher":9,"Lantern":22,"Regal Pillow":26,"EVO:Axolotl":0,"Burning Blood":0,"Akabeko":8,"WarpedTongs":21},{"Darkstone Periapt":7,"Sozu":8,"Runesmith:Nanobots":3,"Dream Catcher":4,"Lantern":10,"Regal Pillow":11,"EVO:Axolotl":0,"Burning Blood":0,"Akabeko":4,"WarpedTongs":10},{"Darkstone Periapt":25,"Sozu":36,"Runesmith:Nanobots":14,"Dream Catcher":17,"Lantern":42,"Regal Pillow":45,"EVO:Axolotl":0,"Burning Blood":0,"Akabeko":17,"WarpedTongs":42}],"Burning Blood":58,"WarpedTongs":[8]},"card_choices":[{"not_picked":["TH:PixieDust","TH:EnergyPotion"],"picked":"Metamorphosis","floor":0},{"not_picked":["Perfected Strike","Anger"],"picked":"Rage","floor":1},{"not_picked":["TH:TreasureMap"],"picked":"TH:CursedSword","floor":3},{"not_picked":["Thunderclap","Sever Soul"],"picked":"Anger","floor":5},{"not_picked":["TH:EnergyPotion"],"picked":"TH:BikiniMail","floor":6},{"not_picked":["Sword Boomerang","Searing Blow"],"picked":"Berserk","floor":6},{"not_picked":["TH:ArmorSpikes"],"picked":"TH:TreasureMap","floor":8},{"not_picked":["Warcry","Rampage"],"picked":"Immolate","floor":8},{"not_picked":["TH:DeckOfManyThings"],"picked":"TH:CursedSword","floor":9},{"not_picked":["Hemokinesis","Body Slam"],"picked":"Anger","floor":10},{"not_picked":["Pummel","Shockwave"],"picked":"Dropkick","floor":11},{"not_picked":["Burning Pact","Clash"],"picked":"Cleave","floor":12},{"not_picked":["TH:ElvenBoots"],"picked":"TH:ArmorSpikes","floor":13},{"not_picked":["Double Tap","Anger"],"picked":"Evolve","floor":13},{"not_picked":["Evolve","Havoc"],"picked":"Infernal Blade","floor":15},{"not_picked":["TH:Mimic"],"picked":"TH:DeckOfManyThings","floor":16},{"not_picked":["Corruption","Fiend Fire"],"picked":"Feed","floor":16},{"not_picked":["Body Slam+1","Seeing Red"],"picked":"Clothesline+1","floor":18},{"not_picked":["Whirlwind","Heavy Blade"],"picked":"Ghostly Armor","floor":20},{"not_picked":["Sword Boomerang+1","Body Slam+1"],"picked":"Inflame","floor":25},{"not_picked":["TH:DeckOfManyThings"],"picked":"TH:CursedSword","floor":26}],"player_experience":217584,"relics_obtained":[{"floor":6,"key":"Runesmith:Nanobots"},{"floor":8,"key":"Akabeko"},{"floor":9,"key":"Dream Catcher"},{"floor":13,"key":"Darkstone Periapt"},{"floor":26,"key":"Regal Pillow"}],"event_choices":[{"damage_healed":0,"gold_gain":0,"player_choice":"Leave","damage_taken":0,"max_hp_gain":0,"max_hp_loss":0,"event_name":"The Cleric","floor":2,"gold_loss":0},{"damage_healed":0,"gold_gain":0,"cards_transformed":["Strike_R"],"player_choice":"Transformed","damage_taken":0,"max_hp_gain":0,"max_hp_loss":0,"event_name":"Transmorgrifier","floor":4,"gold_loss":0,"cards_obtained":["Uppercut"]},{"damage_healed":0,"gold_gain":0,"player_choice":"1 cards matched","damage_taken":0,"max_hp_gain":0,"max_hp_loss":0,"event_name":"Match and Keep!","floor":19,"gold_loss":0,"cards_obtained":["Flash of Steel"]},{"damage_healed":0,"gold_gain":0,"player_choice":"Rummage","damage_taken":0,"relics_obtained":["WarpedTongs"],"max_hp_gain":0,"max_hp_loss":0,"event_name":"Accursed Blacksmith","floor":21,"gold_loss":0,"cards_obtained":["Pain"]},{"damage_healed":0,"gold_gain":0,"player_choice":"Ignored","damage_taken":0,"max_hp_gain":0,"max_hp_loss":0,"event_name":"Ghosts","floor":27,"gold_loss":0}],"is_beta":false,"boss_relics":[{"not_picked":["Busted Crown","Coffee Dripper"],"picked":"Sozu"}],"items_purged_floors":[22],"is_endless":false,"potions_floor_spawned":[5,8,11,18],"killed_by":"Slavers","ascension_level":3}}