{"host":"wz9xchfsxwfj1bs2","time":1613402690,"event":{"mods":["BaseMod","Minty Spire (QoL Compilation)","Quick Restart","StSLib"],"gold_per_floor":[119,119,144,154,41,41,76,0,72,85,85,102,114,114,114,217,217,236,256,355,375,13,46,46,72,72,172,172,192,210,45,45,142,142,155,206,206,206,219,254,273,303,303,303,322,352,352,384,384,384,384,384,46,77,77],"floor_reached":56,"language":"ZHS","playtime":5683,"items_purged":["Strike_B","Defend_B","Defend_B"],"score":1546,"play_id":"c87118de-4549-40fb-aaf1-b299d53e7b07","local_time":"20210215232450","is_ascension_mode":true,"campfire_choices":[{"data":"Recycle","floor":6.0,"key":"SMITH"},{"data":"Zap","floor":11.0,"key":"SMITH"},{"floor":15.0,"key":"RECALL"},{"data":"Dualcast","floor":24.0,"key":"SMITH"},{"data":"Rainbow","floor":32.0,"key":"SMITH"},{"data":"Seek","floor":47.0,"key":"SMITH"},{"data":"Impatience","floor":49.0,"key":"SMITH"},{"data":"Skim","floor":52.0,"key":"SMITH"}],"circlet_count":0,"master_deck":["Defend_B+1","Defend_B","Zap+1","Dualcast+1","Self Repair","Recycle+1","Static Discharge","FTL","Ball Lightning","Skim+1","Force Field","Turbo","Storm+1","Biased Cognition","Conserve Battery+1","Streamline+1","Undo","Biased Cognition","Core Surge+1","Rebound+1","Rainbow+1","Defragment","Seek+1","Chill+1","Loop","Apotheosis+1","Impatience+1","Finesse","Double Energy+1","White Noise","Double Energy","Panache"],"relics":["Cracked Core","NeowsBlessing","PreservedInsect","StoneCalendar","Question Card","Coffee Dripper","Membership Card","Bag of Preparation","Incense Burner","Sundial","Dead Branch","White Beast Statue","Lizard Tail","Empty Cage","FossilizedHelix","War Paint","Vajra","Pantograph","Darkstone Periapt","Boot","Whetstone","Strawberry","HandDrill","Pen Nib"],"acts_visited":["Exordium","TheCity","TheBeyond","TheEnding"],"potions_floor_usage":[55,55,55],"damage_taken":[{"damage":0.0,"enemies":"2 Louse","floor":1.0,"turns":1.0},{"damage":0.0,"enemies":"Jaw Worm","floor":4.0,"turns":1.0},{"damage":0.0,"enemies":"3 Sentries","floor":7.0,"turns":1.0},{"damage":1.0,"enemies":"Cultist","floor":10.0,"turns":3.0},{"damage":18.0,"enemies":"3 Louse","floor":12.0,"turns":3.0},{"damage":9.0,"enemies":"Exordium Wildlife","floor":13.0,"turns":4.0},{"damage":28.0,"enemies":"Hexaghost","floor":16.0,"turns":8.0},{"damage":7.0,"enemies":"3 Byrds","floor":18.0,"turns":4.0},{"damage":6.0,"enemies":"Shell Parasite","floor":19.0,"turns":4.0},{"damage":21.0,"enemies":"Snake Plant","floor":21.0,"turns":4.0},{"damage":0.0,"enemies":"Gremlin Leader","floor":23.0,"turns":5.0},{"damage":10.0,"enemies":"Colosseum Slavers","floor":27.0,"turns":3.0},{"damage":0.0,"enemies":"Colosseum Nobs","floor":27.0,"turns":2.0},{"damage":0.0,"enemies":"Snecko","floor":29.0,"turns":3.0},{"damage":8.0,"enemies":"Chosen and Byrds","floor":30.0,"turns":5.0},{"damage":12.0,"enemies":"Collector","floor":33.0,"turns":6.0},{"damage":0.0,"enemies":"3 Shapes","floor":35.0,"turns":3.0},{"damage":0.0,"enemies":"2 Orb Walkers","floor":36.0,"turns":3.0},{"damage":0.0,"enemies":"Orb Walker","floor":39.0,"turns":3.0},{"damage":0.0,"enemies":"Nemesis","floor":40.0,"turns":5.0},{"damage":0.0,"enemies":"Spire Growth","floor":41.0,"turns":3.0},{"damage":9.0,"enemies":"Reptomancer","floor":42.0,"turns":4.0},{"damage":0.0,"enemies":"Transient","floor":45.0,"turns":5.0},{"damage":15.0,"enemies":"Nemesis","floor":46.0,"turns":5.0},{"damage":0.0,"enemies":"Giant Head","floor":48.0,"turns":6.0},{"damage":0.0,"enemies":"Donu and Deca","floor":50.0,"turns":8.0},{"damage":0.0,"enemies":"Shield and Spear","floor":54.0,"turns":3.0},{"damage":8,"enemies":"The Heart","floor":55,"turns":5}],"seed_played":"2234439717254978192","potions_obtained":[{"floor":4.0,"key":"Swift Potion"},{"floor":7.0,"key":"Weak Potion"},{"floor":13.0,"key":"SpeedPotion"},{"floor":16.0,"key":"SneckoOil"},{"floor":18.0,"key":"CultistPotion"},{"floor":21.0,"key":"SpeedPotion"},{"floor":27.0,"key":"PotionOfCapacity"},{"floor":33.0,"key":"Energy Potion"},{"floor":36.0,"key":"AttackPotion"},{"floor":45.0,"key":"GamblersBrew"}],"is_trial":false,"path_per_floor":["M","?","T","M","$","R","E","$","T","M","R","M","M","?","R","B",null,"M","M","?","M","$","E","R","T","T","?","?","M","M","$","R","B",null,"M","?","?","?","M","E","M","E","T","T","M","E","R","E","R","B",null,"R","$","E","B",null],"character_chosen":"DEFECT","items_purchased":["FTL","Skim","Membership Card","Bag of Preparation","Biased Cognition","Defragment","Lizard Tail","Strawberry","HandDrill","Double Energy","Panache"],"campfire_rested":0,"item_purchase_floors":[5,8,22,22,22,31,31,53,53,53,53],"current_hp_per_floor":[75,75,75,75,75,75,75,75,75,75,75,64,62,62,62,41,75,75,75,75,61,61,68,68,68,68,72,72,72,64,64,64,59,75,75,75,71,61,68,71,71,69,69,69,71,66,66,71,71,71,71,71,78,78,78],"gold":77,"neow_bonus":"THREE_ENEMY_KILL","is_daily":false,"chose_seed":false,"campfire_upgraded":7,"win_rate":0.0,"timestamp":1613402690,"path_taken":["M","?","?","M","?","R","E","?","T","M","R","?","M","?","R","BOSS","M","?","?","M","$","E","R","?","T","?","?","?","M","?","R","BOSS","BOSS","M","?","?","?","M","E","M","E","T","?","M","E","R","E","R","BOSS","R","$","E","BOSS"],"items_purchased_type":["Card","Card","Relic","Relic","Card","Card","Relic","Relic","Relic","Card","Card"],"build_version":"2020-12-22","purchased_purges":3,"victory":true,"max_hp_per_floor":[75,75,75,75,75,75,75,75,75,75,75,75,75,75,75,75,75,75,75,75,75,75,75,75,75,75,75,75,75,75,75,75,75,75,75,75,71,71,71,71,71,71,71,71,71,71,71,71,71,71,71,71,78,78,78],"card_choices":[{"not_picked":["Barrage","Rebound"],"picked":"Self Repair","floor":1.0},{"not_picked":["Tempest","Stack"],"picked":"Static Discharge","floor":4.0},{"not_picked":["Turbo","Thunder Strike"],"picked":"Ball Lightning","floor":7.0},{"not_picked":["Redo","Steam","Gash"],"picked":"Force Field","floor":10.0},{"not_picked":["Leap","Compile Driver","Streamline"],"picked":"Turbo","floor":12.0},{"not_picked":["Leap","Steam","Gash"],"picked":"Storm","floor":13.0},{"not_picked":["Multi-Cast","Thunder Strike","Amplify"],"picked":"Biased Cognition","floor":16.0},{"not_picked":["Turbo+1","Gash","Barrage"],"picked":"Conserve Battery+1","floor":18.0},{"not_picked":["Melter","Gash","Barrage"],"picked":"Streamline+1","floor":19.0},{"not_picked":["Barrage","Redo","Leap"],"picked":"Undo","floor":21.0},{"not_picked":["Turbo","Sweeping Beam","Conserve Battery"],"picked":"Core Surge","floor":23.0},{"not_picked":["Redo","Go for the Eyes+1","Gash"],"picked":"Rebound","floor":27.0},{"not_picked":["Cold Snap","Go for the Eyes","Sweeping Beam+1","Stack"],"picked":"SKIP","floor":29.0},{"not_picked":["Sweeping Beam","Steam Power+1","Redo"],"picked":"Rainbow","floor":30.0},{"not_picked":["Creative AI","Hyperbeam","Rainbow"],"picked":"Seek","floor":33.0},{"not_picked":["Gash+1","White Noise","Steam Power+1"],"picked":"Chill+1","floor":35.0},{"not_picked":["Streamline","Gash","Cold Snap+1"],"picked":"Loop","floor":36.0},{"not_picked":["Discovery","Panacea","Enlightenment"],"picked":"Apotheosis","floor":38.0},{"not_picked":["Enlightenment","Flash of Steel","Panacea"],"picked":"Impatience","floor":38.0},{"not_picked":["Discovery","Flash of Steel","Secret Weapon"],"picked":"Finesse","floor":38.0},{"not_picked":["Rebound+1","Sweeping Beam+1","Cold Snap","Beam Cell"],"picked":"SKIP","floor":39.0},{"not_picked":["Recycle","Genetic Algorithm+1","Leap+1","Stack+1"],"picked":"SKIP","floor":40.0},{"not_picked":["Multi-Cast","Rip and Tear+1","Ball Lightning+1","Rebound+1"],"picked":"SKIP","floor":41.0},{"not_picked":["Doom and Gloom+1","Double Energy","Redo","Sweeping Beam"],"picked":"SKIP","floor":42.0},{"not_picked":["Beam Cell+1","Ball Lightning+1","Coolheaded"],"picked":"Double Energy+1","floor":45.0},{"not_picked":["Cold Snap","Hyperbeam","Beam Cell+1"],"picked":"White Noise","floor":46.0},{"not_picked":["Conserve Battery+1","BootSequence+1","FTL","Aggregate+1"],"picked":"SKIP","floor":48.0},{"not_picked":["Go for the Eyes+1","Consume","Core Surge","Tempest+1"],"picked":"SKIP","floor":54.0}],"player_experience":133993,"relics_obtained":[{"floor":3.0,"key":"PreservedInsect"},{"floor":7.0,"key":"StoneCalendar"},{"floor":9.0,"key":"Question Card"},{"floor":23.0,"key":"Incense Burner"},{"floor":26.0,"key":"Sundial"},{"floor":27.0,"key":"Dead Branch"},{"floor":27.0,"key":"White Beast Statue"},{"floor":36.0,"key":"FossilizedHelix"},{"floor":40.0,"key":"War Paint"},{"floor":42.0,"key":"Vajra"},{"floor":43.0,"key":"Pantograph"},{"floor":44.0,"key":"Darkstone Periapt"},{"floor":46.0,"key":"Boot"},{"floor":48.0,"key":"Whetstone"},{"floor":54.0,"key":"Pen Nib"}],"event_choices":[{"damage_healed":0.0,"max_hp_gain":0.0,"max_hp_loss":0.0,"gold_gain":0.0,"cards_transformed":["Strike_B"],"event_name":"Living Wall","player_choice":"Change","floor":2.0,"gold_loss":0.0,"damage_taken":0.0,"cards_obtained":["Recycle"]},{"damage_healed":0.0,"max_hp_gain":0.0,"max_hp_loss":0.0,"gold_gain":0.0,"event_name":"Upgrade Shrine","player_choice":"Upgraded","floor":14.0,"gold_loss":0.0,"damage_taken":0.0,"cards_upgraded":["Storm"]},{"damage_healed":0.0,"max_hp_gain":0.0,"max_hp_loss":0.0,"gold_gain":99.0,"event_name":"Nest","player_choice":"Stole From Cult","floor":20.0,"gold_loss":0.0,"damage_taken":0.0},{"damage_healed":0.0,"max_hp_gain":0.0,"max_hp_loss":0.0,"gold_gain":0.0,"event_name":"Colosseum","player_choice":"Fight","floor":27.0,"gold_loss":0.0,"damage_taken":0.0},{"damage_healed":0.0,"max_hp_gain":0.0,"max_hp_loss":0.0,"gold_gain":0.0,"event_name":"Colosseum","player_choice":"Fought Nobs","floor":27.0,"gold_loss":0.0,"damage_taken":0.0},{"damage_healed":0.0,"max_hp_gain":0.0,"max_hp_loss":0.0,"gold_gain":0.0,"event_name":"The Mausoleum","player_choice":"Ignored","floor":28.0,"gold_loss":0.0,"damage_taken":0.0},{"damage_healed":0.0,"max_hp_gain":0.0,"max_hp_loss":0.0,"gold_gain":0.0,"event_name":"Mysterious Sphere","player_choice":"Fight","floor":36.0,"gold_loss":0.0,"damage_taken":0.0},{"damage_healed":0.0,"max_hp_gain":0.0,"max_hp_loss":4.0,"gold_gain":0.0,"event_name":"Winding Halls","player_choice":"Max HP","floor":37.0,"gold_loss":0.0,"damage_taken":0.0},{"damage_healed":0.0,"max_hp_gain":0.0,"max_hp_loss":0.0,"gold_gain":0.0,"event_name":"SensoryStone","player_choice":"Memory 3","floor":38.0,"gold_loss":0.0,"damage_taken":10.0}],"is_beta":false,"boss_relics":[{"not_picked":["Nuclear Battery","Calling Bell"],"picked":"Coffee Dripper"},{"not_picked":["Fusion Hammer","Sozu"],"picked":"Empty Cage"}],"items_purged_floors":[5,22,53],"is_endless":false,"potions_floor_spawned":[4,7,13,16,18,21,27,29,30,33,35,36,39,40,41,42,45,46,48,54],"ascension_level":2}}