{"host":"s41rn2jhghpwfrvz","time":1613429672,"event":{"mods":["BaseMod","Minty Spire (QoL Compilation)","Quick Restart","Relic Stats","SuperFastMode"],"gold_per_floor":[113,126,141,152,152,183,217,217,217,235,235,255,272,299,299,377,377,387,387,143,43,61,86,86,113,193,211,246,274,274,274,274,351,351,362,362,376,326,360,392,392,418,418,447,125,156,167,179,179,179,179,179,179,41,69,69],"floor_reached":57,"language":"ENG","playtime":1503,"items_purged":["Deflect","Cloak And Dagger","Go for the Eyes","Consecrate"],"score":3471,"play_id":"ac80f10b-402a-4ff0-8fe9-15de306a0cdf","local_time":"20210216005432","daily_mods":["SealedDeck","Diverse","DeadlyEvents"],"is_ascension_mode":true,"campfire_choices":[{"data":"Beam Cell","floor":8.0,"key":"SMITH"},{"data":"Predator","floor":11.0,"key":"SMITH"},{"data":"Burning Pact","floor":15.0,"key":"SMITH"},{"floor":24.0,"key":"REST"},{"data":"Devotion","floor":30.0,"key":"SMITH"},{"floor":32.0,"key":"RECALL"},{"data":"Berserk","floor":49.0,"key":"SMITH"},{"data":"Gash","floor":53.0,"key":"SMITH"}],"circlet_count":0,"master_deck":["AscendersBane","Protect","Predator+1","Beam Cell+1","Prostrate+1","Gash+1","Burning Pact+1","Devotion+1","TalkToTheHand+1","Conclude+1","Berserk+1","Backflip+1","Backflip+1","Evolve+1"],"relics":["Black Blood","Molten Egg 2","StoneCalendar","Champion Belt","Mummified Hand","Black Star","PreservedInsect","Bag of Marbles","Centennial Puzzle","Sundial","Ice Cream","Tiny Chest","Ginger","Smiling Mask","Du-Vu Doll","Bronze Scales","Gambling Chip","Omamori","Eternal Feather","The Courier","Bag of Preparation","Potion Belt","Calipers","Ornamental Fan","Turnip","Frozen Egg 2","TheAbacus","Paper Frog","Kunai"],"acts_visited":["Exordium","TheCity","TheBeyond","TheEnding"],"potions_floor_usage":[56],"damage_taken":[{"damage":0.0,"enemies":"Cultist","floor":1.0,"turns":2.0},{"damage":8.0,"enemies":"Jaw Worm","floor":2.0,"turns":2.0},{"damage":8.0,"enemies":"2 Louse","floor":3.0,"turns":2.0},{"damage":3.0,"enemies":"Blue Slaver","floor":4.0,"turns":3.0},{"damage":32.0,"enemies":"3 Sentries","floor":6.0,"turns":8.0},{"damage":12.0,"enemies":"Gremlin Nob","floor":7.0,"turns":4.0},{"damage":8.0,"enemies":"Looter","floor":10.0,"turns":2.0},{"damage":2.0,"enemies":"Red Slaver","floor":12.0,"turns":2.0},{"damage":0.0,"enemies":"3 Louse","floor":13.0,"turns":2.0},{"damage":3.0,"enemies":"3 Sentries","floor":14.0,"turns":7.0},{"damage":2.0,"enemies":"Hexaghost","floor":16.0,"turns":7.0},{"damage":19.0,"enemies":"Spheric Guardian","floor":18.0,"turns":4.0},{"damage":0.0,"enemies":"Chosen","floor":22.0,"turns":3.0},{"damage":27.0,"enemies":"Gremlin Leader","floor":23.0,"turns":4.0},{"damage":5.0,"enemies":"Book of Stabbing","floor":25.0,"turns":3.0},{"damage":11.0,"enemies":"Sentry and Sphere","floor":27.0,"turns":3.0},{"damage":13.0,"enemies":"Slavers","floor":28.0,"turns":3.0},{"damage":8.0,"enemies":"Gremlin Leader","floor":29.0,"turns":3.0},{"damage":0.0,"enemies":"Champ","floor":33.0,"turns":5.0},{"damage":8.0,"enemies":"3 Shapes","floor":35.0,"turns":3.0},{"damage":25.0,"enemies":"3 Darklings","floor":37.0,"turns":3.0},{"damage":49.0,"enemies":"Reptomancer","floor":39.0,"turns":3.0},{"damage":0.0,"enemies":"Nemesis","floor":40.0,"turns":3.0},{"damage":6.0,"enemies":"Reptomancer","floor":42.0,"turns":2.0},{"damage":0.0,"enemies":"Giant Head","floor":44.0,"turns":3.0},{"damage":0.0,"enemies":"Nemesis","floor":46.0,"turns":3.0},{"damage":7.0,"enemies":"4 Shapes","floor":47.0,"turns":2.0},{"damage":0.0,"enemies":"Maw","floor":48.0,"turns":2.0},{"damage":0.0,"enemies":"Donu and Deca","floor":50.0,"turns":3.0},{"damage":3.0,"enemies":"Time Eater","floor":51.0,"turns":4.0},{"damage":11.0,"enemies":"Shield and Spear","floor":55.0,"turns":3.0},{"damage":21,"enemies":"The Heart","floor":56,"turns":6}],"seed_played":"-3181013449307634467","potions_obtained":[{"floor":2.0,"key":"AttackPotion"},{"floor":10.0,"key":"SkillPotion"},{"floor":22.0,"key":"Fire Potion"},{"floor":28.0,"key":"FearPotion"},{"floor":29.0,"key":"Regen Potion"},{"floor":39.0,"key":"Energy Potion"},{"floor":48.0,"key":"SpeedPotion"}],"is_trial":true,"path_per_floor":["M","M","M","M","?","E","E","R","T","M","R","M","M","E","R","B",null,"M","?","$","$","M","E","R","E","T","M","E","E","R","?","R","B",null,"M","?","M","$","E","E","T","E","T","E","$","E","M","M","R","B","B",null,"R","$","E","B",null],"character_chosen":"IRONCLAD","items_purchased":["PreservedInsect","Turnip","TheAbacus"],"campfire_rested":1,"item_purchase_floors":[20,45,54],"current_hp_per_floor":[74,72,70,73,73,47,41,41,41,39,39,43,49,52,52,56,70,57,36,36,36,42,21,45,46,46,41,34,32,32,32,32,52,73,77,77,64,64,27,39,39,45,45,57,57,69,74,80,80,80,80,80,80,80,80,71],"gold":69,"neow_bonus":"","is_daily":false,"chose_seed":false,"campfire_upgraded":6,"win_rate":0.0,"timestamp":1613429672,"path_taken":["M","?","M","M","?","E","?","R","T","?","R","M","?","E","R","BOSS","M","?","?","$","M","E","R","E","T","?","?","E","R","?","R","BOSS","M","?","M","$","?","E","?","E","T","E","?","?","?","M","R","BOSS","BOSS","R","$","E","BOSS"],"items_purchased_type":["Relic","Relic","Relic"],"build_version":"2020-12-22","purchased_purges":4,"victory":true,"max_hp_per_floor":[75,75,75,75,75,75,75,75,75,75,75,75,75,75,75,75,75,75,80,80,80,80,80,80,80,80,80,80,80,80,80,80,80,80,80,80,80,80,80,80,80,80,80,80,80,80,80,80,80,80,80,80,80,80,80,80],"relic_stats":{"counters":[32,109],"Black Blood":242,"StoneCalendar":[19],"Eternal Feather":0,"PreservedInsect":604,"Bag of Preparation":[16],"Ginger":[9],"Smiling Mask":145,"Centennial Puzzle":[36],"TheAbacus":[168],"Mummified Hand":[50],"Sundial":[60],"Ornamental Fan":[120],"Bronze Scales":[160],"Gambling Chip":[6],"Tiny Chest":1,"Turnip":[7],"Black Star":10,"Champion Belt":[110],"Kunai":[8],"obtain_stats":[{"Ice Cream":25,"Calipers":44,"Black Blood":34,"StoneCalendar":7,"Bag of Preparation":42,"Ginger":29,"Smiling Mask":29,"Burning Blood":0,"Centennial Puzzle":23,"TheAbacus":54,"Mummified Hand":14,"Sundial":25,"Gambling Chip":40,"Tiny Chest":28,"Kunai":55,"Paper Frog":55,"Potion Belt":43,"Eternal Feather":41,"PreservedInsect":20,"The Courier":42,"Omamori":40,"Frozen Egg 2":46,"Du-Vu Doll":39,"Ornamental Fan":44,"Bronze Scales":39,"Molten Egg 2":6,"Turnip":45,"Black Star":17,"Bag of Marbles":23,"Champion Belt":9},{"Ice Cream":15,"Calipers":25,"Black Blood":19,"StoneCalendar":6,"Bag of Preparation":24,"Ginger":18,"Smiling Mask":18,"Burning Blood":0,"Centennial Puzzle":14,"TheAbacus":30,"Mummified Hand":10,"Sundial":15,"Gambling Chip":23,"Tiny Chest":17,"Kunai":31,"Paper Frog":31,"Potion Belt":24,"Eternal Feather":23,"PreservedInsect":12,"The Courier":24,"Omamori":23,"Frozen Egg 2":26,"Du-Vu Doll":22,"Ornamental Fan":25,"Bronze Scales":22,"Molten Egg 2":5,"Turnip":25,"Black Star":11,"Bag of Marbles":14,"Champion Belt":6},{"Ice Cream":55,"Calipers":86,"Black Blood":69,"StoneCalendar":21,"Bag of Preparation":83,"Ginger":64,"Smiling Mask":64,"Burning Blood":0,"Centennial Puzzle":52,"TheAbacus":100,"Mummified Hand":34,"Sundial":55,"Gambling Chip":81,"Tiny Chest":61,"Kunai":103,"Paper Frog":103,"Potion Belt":83,"Eternal Feather":81,"PreservedInsect":45,"The Courier":83,"Omamori":81,"Frozen Egg 2":89,"Du-Vu Doll":78,"Ornamental Fan":86,"Bronze Scales":78,"Molten Egg 2":17,"Turnip":86,"Black Star":41,"Bag of Marbles":52,"Champion Belt":21}]},"card_choices":[{"not_picked":["Metallicize","Weave","Dodge and Roll"],"picked":"SKIP","floor":1.0},{"not_picked":["Heavy Blade","Chaos","Noxious Fumes"],"picked":"SKIP","floor":2.0},{"not_picked":["Dodge and Roll","EmptyMind","BowlingBash"],"picked":"SKIP","floor":3.0},{"not_picked":["FlurryOfBlows","Dash","EmptyBody"],"picked":"SKIP","floor":4.0},{"not_picked":["Ball Lightning+1","SashWhip+1","FearNoEvil+1"],"picked":"SKIP","floor":6.0},{"not_picked":["Dagger Throw+1","Heatsinks","Bane+1"],"picked":"SKIP","floor":7.0},{"not_picked":["Hologram","LikeWater"],"picked":"Burning Pact","floor":10.0},{"not_picked":["EmptyBody","Rebound+1","Flex"],"picked":"SKIP","floor":12.0},{"not_picked":["Predator+1","BowlingBash+1","Perfected Strike+1"],"picked":"SKIP","floor":13.0},{"not_picked":["SashWhip+1","Lockon+1","Crippling Poison"],"picked":"SKIP","floor":14.0},{"not_picked":["Corpse Explosion","DevaForm"],"picked":"Devotion","floor":16.0},{"not_picked":["Sword Boomerang+1","Dodge and Roll"],"picked":"TalkToTheHand+1","floor":18.0},{"not_picked":["Protect","Ball Lightning+1","Flex"],"picked":"SKIP","floor":22.0},{"not_picked":["Cold Snap+1","Poisoned Stab+1","Reaper+1"],"picked":"SKIP","floor":23.0},{"not_picked":["WheelKick+1","Coolheaded","Wild Strike+1"],"picked":"SKIP","floor":25.0},{"not_picked":["Twin Strike+1","Go for the Eyes+1","Blade Dance"],"picked":"SKIP","floor":27.0},{"not_picked":["Cold Snap+1","Armaments","Stack"],"picked":"SKIP","floor":28.0},{"not_picked":["Pummel+1","Infinite Blades","FlyingSleeves+1"],"picked":"SKIP","floor":29.0},{"not_picked":["Phantasmal Killer","Thunder Strike+1"],"picked":"Berserk","floor":33.0},{"not_picked":["Body Slam+1","Conserve Battery"],"picked":"Backflip+1","floor":35.0},{"not_picked":["Streamline+1","Hemokinesis+1","Warcry"],"picked":"SKIP","floor":37.0},{"not_picked":["Defragment","Meditate+1","Infernal Blade"],"picked":"SKIP","floor":39.0},{"not_picked":["FlyingSleeves+1","Turbo"],"picked":"Evolve+1","floor":40.0},{"not_picked":["Deflect","Biased Cognition","Wild Strike+1"],"picked":"SKIP","floor":42.0},{"not_picked":["Leg Sweep","Terror+1","Leap"],"picked":"SKIP","floor":44.0},{"not_picked":["Auto Shields+1","Perfected Strike+1","Dodge and Roll"],"picked":"SKIP","floor":46.0},{"not_picked":["Outmaneuver","Doppelganger","Quick Slash+1"],"picked":"SKIP","floor":47.0},{"not_picked":["Dagger Throw+1","Endless Agony+1","Blade Dance"],"picked":"SKIP","floor":48.0},{"not_picked":["Slice+1","Heavy Blade+1","Hologram"],"picked":"SKIP","floor":55.0}],"player_experience":1922230,"relics_obtained":[{"floor":6.0,"key":"Molten Egg 2"},{"floor":7.0,"key":"StoneCalendar"},{"floor":9.0,"key":"Champion Belt"},{"floor":14.0,"key":"Mummified Hand"},{"floor":23.0,"key":"Bag of Marbles"},{"floor":23.0,"key":"Centennial Puzzle"},{"floor":25.0,"key":"Sundial"},{"floor":25.0,"key":"Ice Cream"},{"floor":28.0,"key":"Tiny Chest"},{"floor":29.0,"key":"Ginger"},{"floor":29.0,"key":"Smiling Mask"},{"floor":39.0,"key":"Du-Vu Doll"},{"floor":39.0,"key":"Bronze Scales"},{"floor":40.0,"key":"Gambling Chip"},{"floor":40.0,"key":"Omamori"},{"floor":41.0,"key":"Eternal Feather"},{"floor":42.0,"key":"The Courier"},{"floor":42.0,"key":"Bag of Preparation"},{"floor":43.0,"key":"Potion Belt"},{"floor":44.0,"key":"Calipers"},{"floor":44.0,"key":"Ornamental Fan"},{"floor":46.0,"key":"Frozen Egg 2"},{"floor":55.0,"key":"Paper Frog"},{"floor":55.0,"key":"Kunai"}],"event_choices":[{"damage_healed":0.0,"max_hp_gain":0.0,"max_hp_loss":0.0,"gold_gain":0.0,"event_name":"Accursed Blacksmith","player_choice":"Forge","floor":5.0,"gold_loss":0.0,"damage_taken":0.0,"cards_upgraded":["Prostrate"]},{"damage_healed":0.0,"max_hp_gain":5.0,"max_hp_loss":0.0,"gold_gain":0.0,"event_name":"Forgotten Altar","player_choice":"Shed Blood","floor":19.0,"gold_loss":0.0,"damage_taken":26.0},{"damage_healed":0.0,"max_hp_gain":0.0,"max_hp_loss":0.0,"gold_gain":0.0,"cards_transformed":["Flying Knee"],"event_name":"Transmorgrifier","player_choice":"Transformed","floor":31.0,"gold_loss":0.0,"damage_taken":0.0,"cards_obtained":["Conclude"]},{"damage_healed":0.0,"max_hp_gain":0.0,"max_hp_loss":0.0,"gold_gain":0.0,"event_name":"Duplicator","player_choice":"Copied","floor":36.0,"gold_loss":0.0,"damage_taken":0.0,"cards_obtained":["Backflip"]}],"is_beta":false,"boss_relics":[{"not_picked":["Tiny House","Busted Crown"],"picked":"Black Star"},{"not_picked":["Sozu","Coffee Dripper"],"picked":"Black Blood"}],"items_purged_floors":[20,21,38,45],"is_endless":false,"potions_floor_spawned":[2,10,13,14,22,27,28,29,39,40,48],"ascension_level":20}}