{"host":"t1puqh5lxz8sp6fn","time":1613376707,"event":{"mods":["AchievementEnabler","BaseMod","Colored Powertips","Minty Spire (QoL Compilation)","Rare Cards Sparkle","Relic Stats","StSLib"],"gold_per_floor":[109,120,131,281,297,331,331,204,204,220,295,626,213,230,230,308,308,327,327,327],"floor_reached":19,"playtime":887,"items_purged":["Doubt"],"score":313,"play_id":"e88bfc4d-6703-4999-acbb-5114d8c3edf0","local_time":"20210215051147","is_ascension_mode":true,"campfire_choices":[{"floor":7,"key":"REST"},{"floor":15,"key":"REST"}],"circlet_count":0,"master_deck":["AscendersBane","Strike_B","Strike_B","Strike_B","Strike_B","Defend_B","Defend_B","Defend_B","Defend_B","Zap","Dualcast","Panacea","Undo","Glacier","Compile Driver","Sweeping Beam","Rainbow","Turbo","Rebound","Defragment","Chill","Machine Learning","Cold Snap"],"relics":["Cracked Core","Boot","Mummified Hand","Old Coin","Potion Belt","Black Star"],"acts_visited":["Exordium","TheCity"],"potions_floor_usage":[6,10,12,16,16],"damage_taken":[{"damage":13.0,"enemies":"2 Louse","floor":1.0,"turns":3.0},{"damage":0.0,"enemies":"Small Slimes","floor":2.0,"turns":3.0},{"damage":4.0,"enemies":"Cultist","floor":3.0,"turns":5.0},{"damage":2.0,"enemies":"Blue Slaver","floor":5.0,"turns":6.0},{"damage":42,"enemies":"Lagavulin","floor":6,"turns":8},{"damage":1,"enemies":"Looter","floor":10,"turns":4},{"damage":5,"enemies":"3 Sentries","floor":12,"turns":7},{"damage":0,"enemies":"Exordium Thugs","floor":14,"turns":4},{"damage":27,"enemies":"The Guardian","floor":16,"turns":19},{"damage":22,"enemies":"Chosen","floor":18,"turns":6},{"damage":40,"enemies":"Shell Parasite","floor":19,"turns":4}],"seed_played":"-7764405091468490045","potions_obtained":[{"floor":2.0,"key":"Explosive Potion"},{"floor":5.0,"key":"Fruit Juice"},{"floor":14,"key":"FairyPotion"},{"floor":18,"key":"DuplicationPotion"}],"is_trial":false,"path_per_floor":["M","M","M","?","M","E","R","$","T","M","?","E","$","M","R","B",null,"M","M"],"character_chosen":"DEFECT","items_purchased":["AttackPotion","Defragment","Chill","Potion Belt","DistilledChaos","DuplicationPotion"],"campfire_rested":2,"item_purchase_floors":[8,13,13,13,13,13],"current_hp_per_floor":[51,51,47,47,45,8,30,30,30,29,18,13,13,13,35,8,59,37,0,0],"gold":327,"neow_bonus":"RANDOM_COLORLESS","is_daily":false,"chose_seed":false,"campfire_upgraded":0,"win_rate":0.0,"timestamp":1613376707,"path_taken":["M","M","M","?","M","E","R","$","T","M","?","E","$","M","R","BOSS","M","M"],"items_purchased_type":["Potion","Card","Card","Relic","Potion","Potion"],"build_version":"2020-12-13","purchased_purges":1,"victory":false,"max_hp_per_floor":[71,71,71,71,71,76,76,76,76,76,76,76,76,76,76,76,76,76,76,76],"relic_stats":{"counters":[11,69],"Mummified Hand":[6],"Black Star":0,"Boot":[5],"obtain_stats":[{"Potion Belt":13,"Mummified Hand":9,"Black Star":17,"Cracked Core":0,"Boot":6,"Old Coin":12},{"Potion Belt":7,"Mummified Hand":5,"Black Star":9,"Cracked Core":0,"Boot":5,"Old Coin":7},{"Potion Belt":36,"Mummified Hand":25,"Black Star":59,"Cracked Core":0,"Boot":25,"Old Coin":36}]},"card_choices":[{"not_picked":["Purity","Finesse"],"picked":"Panacea","floor":0.0},{"not_picked":["Turbo","Loop"],"picked":"Undo","floor":1.0},{"not_picked":["Double Energy","Stack"],"picked":"Glacier","floor":2.0},{"not_picked":["Hologram","Gash"],"picked":"Compile Driver","floor":3.0},{"not_picked":["Compile Driver","Coolheaded"],"picked":"Sweeping Beam","floor":5.0},{"not_picked":["Gash","Self Repair"],"picked":"Rainbow","floor":6},{"not_picked":["Darkness","Hologram"],"picked":"Turbo","floor":10},{"not_picked":["Sunder","Auto Shields"],"picked":"Rebound","floor":12},{"not_picked":["Stack","Compile Driver","Hologram"],"picked":"SKIP","floor":14},{"not_picked":["All For One","Hyperbeam"],"picked":"Machine Learning","floor":16},{"not_picked":["Rebound","Fusion"],"picked":"Cold Snap","floor":18}],"player_experience":528671,"relics_obtained":[{"floor":6,"key":"Boot"},{"floor":9,"key":"Mummified Hand"},{"floor":12,"key":"Old Coin"}],"event_choices":[{"damage_healed":0.0,"max_hp_gain":0.0,"max_hp_loss":0.0,"gold_gain":150.0,"event_name":"Liars Game","player_choice":"AGREE","floor":4.0,"gold_loss":0.0,"damage_taken":0.0,"cards_obtained":["Doubt"]},{"damage_healed":0,"gold_gain":75,"player_choice":"Gather Gold","damage_taken":11,"max_hp_gain":0,"max_hp_loss":0,"event_name":"World of Goop","floor":11,"gold_loss":0}],"is_beta":false,"boss_relics":[{"not_picked":["SlaversCollar","Runic Dome"],"picked":"Black Star"}],"items_purged_floors":[8],"is_endless":false,"potions_floor_spawned":[2,5,14,18],"killed_by":"Shell Parasite","ascension_level":15}}