{"host":"xobdcpbm4ckypiai","time":1613385734,"event":{"mods":["BaseMod","Downfall","Minty Spire (QoL Compilation)","StSLib"],"gold_per_floor":[99,119,131,131,143,143,167,77,91,125,135,20,50,69,80,184,184,84,84,103,253,268,107,134,156,56,76,76,76,102,128,146,247,247,147,164,164,214,57,57,80,80,95,95,122,133,133,162,175,175,175,207,21,21,21,21,21],"floor_reached":55,"language":"ZHS","playtime":5590,"items_purged":["hexamod:Strike","hexamod:Strike","hexamod:PhantomFireball","hexamod:SixthSeal"],"score":834,"play_id":"009d30ee-e6f3-4f94-8db9-72bc224b23a3","local_time":"20210215184214","is_ascension_mode":false,"campfire_choices":[{"floor":1.0,"key":"RECALL"},{"data":"hexamod:HeatShield","floor":18.0,"key":"SMITH"},{"data":"hexamod:PhantomCloak","floor":26.0,"key":"SMITH"},{"floor":28.0,"key":"REST"},{"data":"hexamod:VolcanoVisage","floor":35.0,"key":"SMITH"},{"data":"hexamod:Sear","floor":40.0,"key":"PURGE"},{"data":"hexamod:Strike+1","floor":44.0,"key":"PURGE"},{"data":"hexamod:Defend","floor":47.0,"key":"PURGE"},{"data":"expansioncontent:StudyTheSpire","floor":54,"key":"SMITH"}],"circlet_count":0,"master_deck":["hexamod:Strike+1","hexamod:Defend+1","hexamod:Defend+1","hexamod:Defend+1","hexamod:Float+1","hexamod:SoulSteal+1","hexamod:RadiantFlame+1","hexamod:EmpoweredFlame+1","Flash of Steel+1","hexamod:TurnItUp+1","hexamod:WildfireWeapon+1","hexamod:RainOfEmbers+1","hexamod:SpectersWail+1","hexamod:StepThrough+1","hexamod:HeatShield+1","hexamod:PhantomCloak+1","hexamod:FirstSeal","hexamod:GhostOfSpireFuture+1","hexamod:ChargedBarrage+1","hexamod:VolcanoVisage+1","hexamod:Hexaguard+1","hexamod:RetreatToShadows","hexamod:HeatShield+1","hexamod:Hexaguard+1","hexamod:GhostflameBarrier+1","expansioncontent:StudyTheSpire+1"],"relics":["hexamod:SpiritBrand","Runic Pyramid","downfall:HeartBlessingRed","Membership Card","Whetstone","downfall:HeartBlessingGreen","downfall:RedIOU","hexamod:TheBrokenSeal","Letter Opener","Velvet Choker","downfall:HeartBlessingBlue","Peace Pipe","ClockworkSouvenir","Bag of Marbles","Bottled Tornado","MealTicket","Toy Ornithopter","Ornamental Fan"],"acts_visited":["Exordium","TheCity","TheBeyond","TheEnding"],"potions_floor_usage":[],"damage_taken":[{"damage":0.0,"enemies":"Cultist","floor":2.0,"turns":3.0},{"damage":1.0,"enemies":"Jaw Worm","floor":3.0,"turns":3.0},{"damage":0.0,"enemies":"2 Louse","floor":5.0,"turns":3.0},{"damage":0.0,"enemies":"downfall:FleeingMerchant","floor":8.0,"turns":4.0},{"damage":3.0,"enemies":"Red Slaver","floor":9.0,"turns":3.0},{"damage":18.0,"enemies":"3 Sentries","floor":10.0,"turns":8.0},{"damage":6.0,"enemies":"Exordium Wildlife","floor":11.0,"turns":3.0},{"damage":10.0,"enemies":"downfall:FleeingMerchant","floor":12.0,"turns":4.0},{"damage":13.0,"enemies":"Gremlin Nob","floor":13.0,"turns":4.0},{"damage":5.0,"enemies":"Exordium Thugs","floor":14.0,"turns":3.0},{"damage":0.0,"enemies":"downfall:LooterAlt","floor":15.0,"turns":3.0},{"damage":18.0,"enemies":"IC_STATUS_ARCHETYPE","floor":16.0,"turns":6.0},{"damage":9.0,"enemies":"downfall:LooterAlt2","floor":20.0,"turns":3.0},{"damage":15.0,"enemies":"3 Byrds","floor":22.0,"turns":5.0},{"damage":20.0,"enemies":"downfall:FleeingMerchant","floor":23.0,"turns":4.0},{"damage":19.0,"enemies":"Centurion and Healer","floor":25.0,"turns":7.0},{"damage":11.0,"enemies":"Snake Plant","floor":27.0,"turns":7.0},{"damage":43.0,"enemies":"Shelled Parasite and Fungi","floor":30.0,"turns":9.0},{"damage":0.0,"enemies":"Gremlin Leader","floor":31.0,"turns":6.0},{"damage":15.0,"enemies":"Centurion and Healer","floor":32.0,"turns":7.0},{"damage":53.0,"enemies":"WA_ARCHETYPE_CALM","floor":33.0,"turns":10.0},{"damage":13.0,"enemies":"Orb Walker","floor":36.0,"turns":3.0},{"damage":13.0,"enemies":"Orb Walker","floor":38.0,"turns":5.0},{"damage":6.0,"enemies":"downfall:FleeingMerchant","floor":39.0,"turns":4.0},{"damage":15.0,"enemies":"3 Shapes","floor":43.0,"turns":5.0},{"damage":9.0,"enemies":"Reptomancer","floor":45.0,"turns":7.0},{"damage":19.0,"enemies":"Transient","floor":46.0,"turns":5.0},{"damage":18.0,"enemies":"Nemesis","floor":48.0,"turns":7.0},{"damage":2.0,"enemies":"3 Darklings","floor":49.0,"turns":5.0},{"damage":6.0,"enemies":"DF_ARCHETYPE_ORBS","floor":50.0,"turns":7.0},{"damage":42,"enemies":"downfall:CharBossMerchant","floor":52,"turns":10},{"damage":6,"enemies":"downfall:NeowBoss","floor":55,"turns":10}],"seed_played":"-2380200984697723741","potions_obtained":[{"floor":2.0,"key":"DistilledChaos"},{"floor":10.0,"key":"DuplicationPotion"},{"floor":11.0,"key":"Weak Potion"},{"floor":13.0,"key":"PowerPotion"},{"floor":14.0,"key":"Ancient Potion"},{"floor":15.0,"key":"DistilledChaos"},{"floor":16.0,"key":"Ancient Potion"},{"floor":20.0,"key":"Dexterity Potion"},{"floor":22.0,"key":"Fire Potion"},{"floor":23.0,"key":"FearPotion"},{"floor":25.0,"key":"Energy Potion"},{"floor":27.0,"key":"Slimebound:ThreeZeroPotion"},{"floor":27.0,"key":"LiquidMemories"},{"floor":36.0,"key":"EntropicBrew"},{"floor":38.0,"key":"SpeedPotion"},{"floor":49.0,"key":"Fire Potion"}],"is_trial":false,"path_per_floor":["R","M","M","?","M","?","T","$","M","E","M","$","E","M","M","B",null,"R","?","M","?","M","$","T","M","R","M","R","?","M","E","M","B",null,"R","M","?","?","$","R","T","T","M","R","E","M","R","E","M","B",null,"E","$","R","B"],"character_chosen":"THE_SPIRIT","items_purchased":["Membership Card","ClockworkSouvenir","expansioncontent:StudyTheSpire","Energy Potion"],"campfire_rested":1,"item_purchase_floors":[23,39,53,53],"current_hp_per_floor":[77,77,76,76,76,76,76,76,73,55,49,39,26,21,21,3,77,77,77,68,68,60,40,40,28,28,24,47,47,84,87,79,33,87,97,84,84,78,79,79,79,79,71,71,69,50,50,39,44,58,97,62,77,77,71,71,71],"gold":21,"neow_bonus":"TEN_PERCENT_HP_BONUS","is_daily":false,"chose_seed":false,"campfire_upgraded":4,"win_rate":0.0,"timestamp":1613385734,"path_taken":["R","M","M","?","M","?","T","$","M","E","?","$","E","M","M","BOSS","R","?","?","?","M","?","T","M","R","M","R","?","M","E","M","BOSS","R","M","?","?","?","R","T","?","M","R","E","?","R","E","M","BOSS","E","$","R","BOSS"],"items_purchased_type":["Relic","Relic","Card","Potion"],"build_version":"2020-12-22","purchased_purges":4,"victory":false,"max_hp_per_floor":[77,77,77,77,77,77,77,77,77,77,77,77,77,77,77,77,77,77,77,77,77,77,77,77,77,77,77,77,77,87,87,87,87,87,97,97,97,97,97,97,97,97,97,97,97,97,97,97,97,97,97,97,97,97,97,97,97],"card_choices":[{"not_picked":["hexamod:RadiantFlame","hexamod:HauntingEcho"],"picked":"hexamod:SoulSteal","floor":2.0},{"not_picked":["hexamod:PhantomCloak","hexamod:Rewind"],"picked":"hexamod:RadiantFlame","floor":3.0},{"not_picked":["hexamod:Firestarter","hexamod:SwordOfDarkness"],"picked":"hexamod:EmpoweredFlame","floor":5.0},{"not_picked":["hexamod:Haunt","hexamod:Incineration"],"picked":"hexamod:WildfireWeapon","floor":8.0},{"not_picked":["hexamod:NightmareStrike","hexamod:SpectersWail"],"picked":"hexamod:RainOfEmbers","floor":9.0},{"not_picked":["hexamod:SwordOfDarkness","hexamod:FastForward"],"picked":"hexamod:SpectersWail","floor":10.0},{"not_picked":["hexamod:NightmareStrike","hexamod:GhostOfSpireFuture","hexamod:GhostLash"],"picked":"SKIP","floor":11.0},{"not_picked":["hexamod:BurningTouch","hexamod:RainOfEmbers"],"picked":"hexamod:FourthSeal","floor":12.0},{"not_picked":["hexamod:ChargedBarrage","hexamod:GhostShield"],"picked":"hexamod:StepThrough","floor":13.0},{"not_picked":["hexamod:ThermalTransfer","hexamod:InspiringFlames","hexamod:HauntingEcho"],"picked":"SKIP","floor":14.0},{"not_picked":["hexamod:SpectersWail","hexamod:GhostOfSpireFuture"],"picked":"hexamod:HeatShield","floor":15.0},{"not_picked":["hexamod:TimeOfNeed","hexamod:TimeWarp"],"picked":"hexamod:FifthSeal","floor":16.0},{"not_picked":["hexamod:AdvancingGuard+1","hexamod:DynamicBlow"],"picked":"hexamod:FirstSeal","floor":20.0},{"not_picked":["hexamod:RainOfEmbers","hexamod:NightmareGuise"],"picked":"hexamod:SecondSeal","floor":22.0},{"not_picked":["hexamod:ThirdSeal","hexamod:FirstSeal"],"picked":"hexamod:SixthSeal","floor":23.0},{"not_picked":["hexamod:SecondSeal","hexamod:FirstSeal"],"picked":"hexamod:SixthSeal","floor":23.0},{"not_picked":["hexamod:ShieldOfDarkness","hexamod:RetreatToShadows","hexamod:GhostOfSpirePresent"],"picked":"SKIP","floor":23.0},{"not_picked":["hexamod:Again","hexamod:InspiringFlames+1"],"picked":"hexamod:PhantomCloak","floor":25.0},{"not_picked":["hexamod:SixthSeal","hexamod:FirstSeal"],"picked":"hexamod:ThirdSeal","floor":27.0},{"not_picked":["hexamod:BacktrackSmack","hexamod:InspiringFlames","hexamod:AdvancingGuard"],"picked":"SKIP","floor":27.0},{"not_picked":["hexamod:FourthSeal","hexamod:ThirdSeal"],"picked":"hexamod:FirstSeal","floor":30.0},{"not_picked":["hexamod:AdvancingGuard","hexamod:HauntingEcho"],"picked":"hexamod:GhostOfSpireFuture+1","floor":30.0},{"not_picked":["hexamod:GhostShield","hexamod:BurningTouch","hexamod:GhostLash+1"],"picked":"SKIP","floor":31.0},{"not_picked":["hexamod:GhostOfSpireFuture","hexamod:ThirdSeal"],"picked":"hexamod:ChargedBarrage+1","floor":32.0},{"not_picked":["hexamod:UnleashSpirits","hexamod:TurnItUp"],"picked":"hexamod:VolcanoVisage","floor":33.0},{"not_picked":["hexamod:ShieldOfDarkness","hexamod:DynamicBlow"],"picked":"hexamod:Hexaguard+1","floor":36.0},{"not_picked":["hexamod:PhantomFireball+1","hexamod:UnleashSpirits"],"picked":"hexamod:RetreatToShadows","floor":39.0},{"not_picked":["hexamod:HeatMetal","hexamod:NightmareGuise"],"picked":"hexamod:HeatShield+1","floor":43.0},{"not_picked":["hexamod:HeatMetal","hexamod:GhostShield+1"],"picked":"hexamod:Hexaguard+1","floor":45.0},{"not_picked":["hexamod:GhostOfSpireFuture","hexamod:SpectersWail+1","hexamod:UnleashSpirits"],"picked":"SKIP","floor":46.0},{"not_picked":["hexamod:HauntingEcho+1","hexamod:HeatMetal+1"],"picked":"hexamod:GhostflameBarrier","floor":48.0},{"not_picked":["hexamod:Incineration+1","hexamod:Firestarter","hexamod:InspiringFlames+1"],"picked":"SKIP","floor":49.0},{"not_picked":["hexamod:Rewind","hexamod:GhostLash+1","hexamod:FastForward"],"picked":"SKIP","floor":52}],"player_experience":119598,"relics_obtained":[{"floor":10.0,"key":"Gremlin Horn"},{"floor":13.0,"key":"Vajra"},{"floor":24.0,"key":"Whetstone"},{"floor":31.0,"key":"Letter Opener"},{"floor":38.0,"key":"Peace Pipe"},{"floor":41.0,"key":"Bag of Marbles"},{"floor":42.0,"key":"Bottled Tornado"},{"floor":45.0,"key":"MealTicket"},{"floor":48.0,"key":"Toy Ornithopter"},{"floor":52,"key":"Ornamental Fan"}],"event_choices":[],"is_beta":false,"boss_relics":[{"not_picked":["Busted Crown","Fusion Hammer"],"picked":"Runic Pyramid"},{"not_picked":["Tiny House","SlaversCollar"],"picked":"Velvet Choker"}],"items_purged_floors":[8,12,39,53],"is_endless":false,"potions_floor_spawned":[2,10,11,14,20,27,30,36,38,49],"killed_by":"downfall:NeowBoss","ascension_level":0}}