{"host":"09c1j7k0szn5tpd7","time":1613403985,"event":{"mods":["BaseMod","Googly Eyes","Hubris","Infinite Spire","Minty Spire (QoL Compilation)","Replay The Spire","StSLib","??????REMEMod"],"gold_per_floor":[116,28,28,87,108,108,143,143,143,143,182,198,231,249,249,378,378,391,391,19,38,38,38,79,79,106,106,25,25,64,64,64,192,192,211,544,591,603,621,648,658,688,733,766,783,783,783,683,683,683,683,683,36,100,166],"floor_reached":56,"language":"ENG","playtime":7476,"items_purged":["Strike_B","Strike_B","hubris:Greed"],"score":1984,"play_id":"14f81e37-85de-4603-a713-8cfa49f4a82a","local_time":"20210215154625","is_ascension_mode":true,"campfire_choices":[{"data":"Specialist","floor":6,"key":"SMITH"},{"data":"Zap","floor":8,"key":"SMITH"},{"data":"Dualcast","floor":10,"key":"SMITH"},{"floor":15,"key":"REST"},{"data":"Panic Button","floor":23,"key":"SMITH"},{"floor":27,"key":"REST"},{"data":"Barrage","floor":29,"key":"SMITH"},{"floor":32,"key":"REST"},{"floor":47,"key":"REST"},{"floor":49,"key":"RECALL"},{"data":"Storm","floor":52,"key":"SMITH"}],"circlet_count":0,"master_deck":["AscendersBane","Strike_B","Strike_B","Defend_B","Defend_B+1","Defend_B","Defend_B","Barrage+1","Specialist+1","FIFO Queue","Time Bomb","Glacier+1","Glacier","Tempest","Melter","Ball Lightning","Electrodynamics","Panic Button+1","Glacier","infinitespire:Starlight","ReplayTheSpireMod:Calculation Training","Storm+1","Thunder Strike","hubris:PowerSurge+1","Capacitor","hubris:PowerSurge+1","hubris:NaturalOne","Pot Of Greed","Pot Of Greed","Pot Of Greed","ReplayRNGCard","Compile Driver"],"relics":["Cracked Core","REME_ComplimentaryCards","NeowsBlessing","Replay:WaspNest","infinitespire:EmpoweringShard","Mercury Hourglass","War Paint","hubris:OldNail","Replay:Bronze Core","Emotion Chip","Geode","DataDisk","hubris:Icosahedron","Replay:Mystery Machine","Replay:Kaleidoscope","REME_PuzzleBoxRelic","Bird Faced Urn","REME_ChargedStone","Thread and Needle","infinitespire:BottledMercury","Grinning Jar","hubris:SlimyHat","Chemical X","REME_ArchaeologicalTools","Bag of Marbles","Incense Burner"],"acts_visited":["Exordium","TheCity","TheBeyond","TheEnding"],"potions_floor_usage":[11,18,33,37,40,44,50,50,55],"damage_taken":[{"damage":0.0,"enemies":"Jaw Worm","floor":1.0,"turns":1.0},{"damage":0,"enemies":"2 Louse","floor":5,"turns":1},{"damage":0,"enemies":"Lagavulin","floor":7,"turns":1},{"damage":16,"enemies":"3 Sentries","floor":11,"turns":5},{"damage":7,"enemies":"Small Slimes","floor":12,"turns":3},{"damage":0,"enemies":"Gremlin Nob","floor":13,"turns":3},{"damage":5,"enemies":"Red Slaver","floor":14,"turns":2},{"damage":18,"enemies":"The Guardian","floor":16,"turns":8},{"damage":10,"enemies":"2 Thieves","floor":18,"turns":3},{"damage":0,"enemies":"Spheric Guardian","floor":21,"turns":1},{"damage":16,"enemies":"Book of Stabbing","floor":24,"turns":5},{"damage":23,"enemies":"Gremlin Leader","floor":30,"turns":5},{"damage":29,"enemies":"Automaton","floor":33,"turns":11},{"damage":0,"enemies":"3 Shapes","floor":35,"turns":1},{"damage":8,"enemies":"2 Orb Walkers","floor":37,"turns":4},{"damage":0,"enemies":"3 Darklings","floor":38,"turns":3},{"damage":23,"enemies":"Transient","floor":39,"turns":5},{"damage":8,"enemies":"Nemesis","floor":40,"turns":7},{"damage":21,"enemies":"Spire Growth","floor":41,"turns":4},{"damage":9,"enemies":"R_Hoarder","floor":42,"turns":6},{"damage":32,"enemies":"Reptomancer","floor":44,"turns":4},{"damage":0,"enemies":"Writhing Mass","floor":45,"turns":4},{"damage":62,"enemies":"infinitespire:MassOfShapes","floor":50,"turns":7},{"damage":8,"enemies":"Shield and Spear","floor":54,"turns":2},{"damage":19,"enemies":"The Heart","floor":55,"turns":3}],"seed_played":"-5769111647787535005","potions_obtained":[{"floor":4,"key":"LiquidMemories"},{"floor":5,"key":"Adrenaline Potion"},{"floor":13,"key":"Strength Potion"},{"floor":24,"key":"LiquidBronze"},{"floor":35,"key":"Block Potion"},{"floor":38,"key":"LiquidBronze"},{"floor":41,"key":"Fire Potion"},{"floor":45,"key":"FearPotion"},{"floor":54,"key":"REME_GoldPotion"}],"is_trial":false,"path_per_floor":["M","$","?","?","M","R","E","R","T","R","E","M","E","M","R","B",null,"M","T","$","M","?","R","E","AVR","T","R","$","R","E","?","R","B",null,"M","?","?","M","M","E","M","E","T","E","M","?","R","NS","R","B",null,"R","$","E","B",null],"character_chosen":"DEFECT","items_purchased":["Specialist","Geode","DataDisk","ReplayTheSpireMod:Calculation Training","Chemical X","REME_ArchaeologicalTools","Bag of Marbles"],"campfire_rested":4,"item_purchase_floors":[2,20,20,28,53,53,53],"current_hp_per_floor":[68,68,68,68,68,68,68,68,68,68,52,45,45,40,60,42,62,52,52,52,52,52,52,36,36,36,56,56,56,43,31,53,71,73,74,74,70,74,53,67,66,65,65,47,55,55,78,78,78,20,64,64,64,66,53],"gold":166,"neow_bonus":"THREE_ENEMY_KILL","is_daily":false,"chose_seed":false,"campfire_upgraded":6,"win_rate":0.0,"timestamp":1613403985,"path_taken":["M","$","?","?","M","R","E","R","T","R","E","M","E","M","R","BOSS","M","?","$","M","?","R","E","AVR","T","R","?","R","E","?","R","BOSS","M","?","?","M","M","E","M","E","T","E","M","?","R","NS","R","BOSS","R","$","E","BOSS"],"items_purchased_type":["Card","Relic","Relic","Card","Relic","Relic","Relic"],"build_version":"2020-12-22","purchased_purges":3,"victory":true,"max_hp_per_floor":[75,75,69,69,69,69,69,69,69,69,69,69,69,69,69,69,69,69,69,69,69,69,69,69,69,69,69,69,69,69,74,74,74,74,74,74,74,74,74,74,76,76,76,78,78,78,78,78,78,78,78,78,78,78,78],"card_choices":[{"not_picked":["Gash","Sweeping Beam"],"picked":"Barrage","floor":1.0},{"not_picked":["Stack","Beam Cell"],"picked":"FIFO Queue","floor":4},{"not_picked":["Streamline","Hello World"],"picked":"Time Bomb","floor":5},{"not_picked":["BasicCrystalCard","Leap"],"picked":"Glacier","floor":7},{"not_picked":["Leap","Beam Cell"],"picked":"Tempest","floor":11},{"not_picked":["Coolheaded","Self Repair"],"picked":"Melter","floor":12},{"not_picked":["BasicCrystalCard","REME_Compress","ReplayTheSpireMod:System Scan"],"picked":"SKIP","floor":13},{"not_picked":["Heatsinks","ReplayGash"],"picked":"Ball Lightning","floor":14},{"not_picked":["Biased Cognition","Machine Learning"],"picked":"Electrodynamics","floor":16},{"not_picked":["Redo","Steam"],"picked":"Panic Button","floor":18},{"not_picked":["REME_DataAnalysis","Recycle"],"picked":"Glacier","floor":21},{"not_picked":["Redo","Beam Cell","Gash"],"picked":"SKIP","floor":24},{"not_picked":["Streamline","Turbo"],"picked":"Storm","floor":30},{"not_picked":["ReplayTheSpireMod:Omega Cannon","Meteor Strike"],"picked":"Thunder Strike","floor":33},{"not_picked":["Sweeping Beam","ReplayTheSpireMod:GoodbyeWorld","REME_Whirling"],"picked":"SKIP","floor":35},{"not_picked":["Panic Button","Compile Driver"],"picked":"hubris:PowerSurge+1","floor":37},{"not_picked":["Self Repair+1","Streamline"],"picked":"Capacitor","floor":38},{"not_picked":["Redo","Hologram","BasicCrystalCard"],"picked":"SKIP","floor":39},{"not_picked":["FTL+1","Coolheaded"],"picked":"hubris:PowerSurge+1","floor":40},{"not_picked":["Recycle","Rip and Tear+1","Go for the Eyes"],"picked":"SKIP","floor":41},{"not_picked":["Defragment","Streamline","Stack+1"],"picked":"SKIP","floor":42},{"not_picked":["Scrape+1","Steam+1"],"picked":"ReplayRNGCard","floor":44},{"not_picked":["ReplayTheSpireMod:Repulse","FIFO Queue+1","Ball Lightning"],"picked":"SKIP","floor":45},{"not_picked":["Multi-Cast","Loop"],"picked":"Compile Driver","floor":54}],"player_experience":992784,"relics_obtained":[{"floor":4,"key":"Replay:WaspNest"},{"floor":7,"key":"infinitespire:EmpoweringShard"},{"floor":9,"key":"Mercury Hourglass"},{"floor":11,"key":"War Paint"},{"floor":13,"key":"hubris:OldNail"},{"floor":19,"key":"Emotion Chip"},{"floor":24,"key":"Replay:Mystery Machine"},{"floor":26,"key":"REME_PuzzleBoxRelic"},{"floor":30,"key":"Bird Faced Urn"},{"floor":37,"key":"Thread and Needle"},{"floor":40,"key":"infinitespire:BottledMercury"},{"floor":42,"key":"Grinning Jar"},{"floor":44,"key":"hubris:SlimyHat"},{"floor":54,"key":"Incense Burner"}],"event_choices":[{"damage_healed":0,"gold_gain":0,"player_choice":"Lose Max HP","damage_taken":0,"relics_obtained":["Golden Idol"],"max_hp_gain":0,"max_hp_loss":6,"event_name":"Golden Idol","floor":3,"gold_loss":0},{"damage_healed":0,"gold_gain":0,"player_choice":"Shed Blood","damage_taken":17,"max_hp_gain":5,"max_hp_loss":0,"event_name":"Forgotten Altar","floor":31,"gold_loss":0},{"damage_healed":0,"gold_gain":333,"player_choice":"Gave Idol","damage_taken":0,"max_hp_gain":0,"max_hp_loss":0,"event_name":"The Moai Head","floor":36,"relics_lost":["Golden Idol"],"gold_loss":0},{"damage_healed":0,"gold_gain":0,"player_choice":"Fight","damage_taken":0,"max_hp_gain":0,"max_hp_loss":0,"event_name":"Mysterious Sphere","floor":37,"gold_loss":0},{"damage_healed":0,"gold_gain":0,"player_choice":"Ignored","damage_taken":0,"max_hp_gain":0,"max_hp_loss":0,"event_name":"Tomb of Lord Red Mask","floor":46,"gold_loss":0}],"is_beta":false,"boss_relics":[{"not_picked":["Velvet Choker","SacredBark"],"picked":"Replay:Bronze Core"},{"not_picked":["ChewingGum","Painkiller Herb"],"picked":"REME_ChargedStone"}],"items_purged_floors":[20,25,53],"is_endless":false,"potions_floor_spawned":[5,7,13,24,35,38,39,41,45,54],"ascension_level":12}}