{"host":"bq4pt811tk9yrmjl","time":1613416173,"event":{"mods":["AchievementEnabler","BaseMod","Colored Map","Colored Powertips","Defuse TimeMaze Blight","Hermit","Minty Spire (QoL Compilation)","Smile Girya","StSLib","SuperFastMode"],"gold_per_floor":[112,287,287,302,377,377,410,410,410,423,423,450,21,38,38,136,136,152,152,152,166,186,186,219,237,290,290,290,290,290,290,290,290,290,300,310,310,162,178,178,178,198,222,238,238,257,7,7,7,7,7,7,7,7,7],"floor_reached":54,"language":"ENG","playtime":939,"items_purged":[],"score":721,"play_id":"efa9506f-387c-48f4-8c8d-338632c947d2","local_time":"20210215170933","is_ascension_mode":true,"campfire_choices":[{"data":"Bash","floor":6.0,"key":"SMITH"},{"data":"Twin Strike","floor":8.0,"key":"SMITH"},{"data":"Anger","floor":15.0,"key":"SMITH"},{"data":"Juggernaut","floor":23.0,"key":"SMITH"},{"data":"Armaments","floor":27.0,"key":"SMITH"},{"floor":29.0,"key":"RECALL"},{"floor":32.0,"key":"REST"},{"data":"Metallicize","floor":41,"key":"SMITH"},{"data":"Rage","floor":49,"key":"SMITH"},{"data":"Iron Wave","floor":52,"key":"SMITH"}],"circlet_count":0,"master_deck":["Strike_R","Strike_R","Strike_R","Strike_R","Strike_R","Defend_R","Defend_R","Defend_R","Bash+1","Iron Wave+1","Iron Wave","Twin Strike+1","Anger+1","Rage+1","Metallicize+1","Juggernaut+1","Iron Wave","Disarm+1","Iron Wave+1","Armaments+1","Twin Strike+1"],"relics":["Burning Blood","NeowsBlessing","Incense Burner","Calipers","Juzu Bracelet","Ornamental Fan","Mark of Pain","Shuriken","Vajra","Akabeko","MealTicket","Strawberry","Mummified Hand"],"acts_visited":["Exordium","TheCity","TheBeyond","TheEnding"],"potions_floor_usage":[39,50,54,54],"damage_taken":[{"damage":0.0,"enemies":"Jaw Worm","floor":1.0,"turns":1.0},{"damage":0.0,"enemies":"Small Slimes","floor":4.0,"turns":1.0},{"damage":0.0,"enemies":"Gremlin Nob","floor":7.0,"turns":1.0},{"damage":0.0,"enemies":"2 Louse","floor":10.0,"turns":2.0},{"damage":12.0,"enemies":"3 Sentries","floor":12.0,"turns":5.0},{"damage":0.0,"enemies":"2 Fungi Beasts","floor":14.0,"turns":3.0},{"damage":24.0,"enemies":"Slime Boss","floor":16.0,"turns":16.0},{"damage":11.0,"enemies":"Spheric Guardian","floor":18.0,"turns":4.0},{"damage":32.0,"enemies":"3 Byrds","floor":21.0,"turns":4.0},{"damage":11.0,"enemies":"3 Cultists","floor":22.0,"turns":5.0},{"damage":9.0,"enemies":"Gremlin Leader","floor":24.0,"turns":7.0},{"damage":0.0,"enemies":"Snake Plant","floor":25.0,"turns":4.0},{"damage":3.0,"enemies":"Collector","floor":33.0,"turns":10.0},{"damage":15.0,"enemies":"3 Darklings","floor":35.0,"turns":6.0},{"damage":2.0,"enemies":"3 Shapes","floor":36.0,"turns":6.0},{"damage":7,"enemies":"Sphere and 2 Shapes","floor":39,"turns":4},{"damage":4,"enemies":"Jaw Worm Horde","floor":42,"turns":5},{"damage":21,"enemies":"Writhing Mass","floor":44,"turns":5},{"damage":12,"enemies":"Spire Growth","floor":46,"turns":5},{"damage":47,"enemies":"Time Eater","floor":50,"turns":13},{"damage":82,"enemies":"Shield and Spear","floor":54,"turns":6}],"seed_played":"8822493448940980457","potions_obtained":[{"floor":7.0,"key":"PowerPotion"},{"floor":14.0,"key":"Fruit Juice"},{"floor":16.0,"key":"PowerPotion"},{"floor":21.0,"key":"Swift Potion"},{"floor":22.0,"key":"BlessingOfTheForge"},{"floor":24.0,"key":"Dexterity Potion"},{"floor":36.0,"key":"SkillPotion"},{"floor":40,"key":"SpeedPotion"},{"floor":40,"key":"LiquidBronze"},{"floor":40,"key":"LiquidMemories"}],"is_trial":false,"path_per_floor":["M","?","?","M","?","R","E","R","T","M","?","E","$","M","R","B",null,"M","?","$","M","M","R","E","M","T","R","?","R","$","?","R","B",null,"M","M","?","$","M","?","R","M","T","M","$","M","$","?","R","B",null,"R","$","E"],"character_chosen":"IRONCLAD","items_purchased":["Juzu Bracelet","Ornamental Fan","Rage","MealTicket","Mummified Hand"],"campfire_rested":1,"item_purchase_floors":[13,13,13,38,47],"current_hp_per_floor":[80,80,80,80,69,69,75,75,75,80,85,79,79,90,90,72,90,85,85,85,59,54,54,51,57,57,57,57,57,57,57,84,87,90,81,85,85,85,84,84,84,86,93,78,93,87,97,92,92,51,92,92,92,10,10],"gold":7,"neow_bonus":"THREE_ENEMY_KILL","is_daily":false,"chose_seed":false,"campfire_upgraded":8,"win_rate":0.0,"timestamp":1613416173,"path_taken":["M","?","?","M","?","R","E","R","T","M","?","E","?","M","R","BOSS","M","?","$","M","M","R","E","M","T","R","?","R","?","?","R","BOSS","M","M","?","$","M","?","R","M","T","M","$","M","?","?","R","BOSS","R","$","E"],"items_purchased_type":["Relic","Relic","Card","Relic","Relic"],"build_version":"2020-12-22","purchased_purges":0,"victory":false,"max_hp_per_floor":[80,80,80,80,80,80,80,80,80,80,85,85,85,90,90,90,90,90,90,90,90,90,90,90,90,90,90,90,90,90,90,90,90,90,90,90,90,90,90,90,90,90,97,97,97,97,97,92,92,92,92,92,92,92,92],"card_choices":[{"not_picked":["Clash","True Grit"],"picked":"Iron Wave","floor":1.0},{"not_picked":["Thunderclap","Infernal Blade"],"picked":"Iron Wave","floor":4.0},{"not_picked":["Impervious","Battle Trance"],"picked":"Twin Strike","floor":7.0},{"not_picked":["Warcry","Thunderclap"],"picked":"Anger","floor":10.0},{"not_picked":["Searing Blow","Power Through","Heavy Blade"],"picked":"SKIP","floor":12.0},{"not_picked":["Blood for Blood","Twin Strike"],"picked":"Metallicize","floor":14.0},{"not_picked":["Berserk","Bludgeon"],"picked":"Juggernaut","floor":16.0},{"not_picked":["Dual Wield","Perfected Strike"],"picked":"Iron Wave","floor":18.0},{"not_picked":["Sword Boomerang+1","Iron Wave"],"picked":"Disarm+1","floor":21.0},{"not_picked":["Warcry","Burning Pact","Searing Blow"],"picked":"SKIP","floor":22.0},{"not_picked":["Warcry","Wild Strike+1"],"picked":"Iron Wave+1","floor":24.0},{"not_picked":["Headbutt","Thunderclap"],"picked":"Armaments","floor":25.0},{"not_picked":["Uppercut","Burning Pact"],"picked":"Twin Strike+1","floor":35.0},{"not_picked":["Headbutt+1","Sever Soul+1","Power Through"],"picked":"SKIP","floor":36.0},{"not_picked":["Perfected Strike+1","Anger","Dropkick+1"],"picked":"SKIP","floor":39},{"not_picked":["Reckless Charge+1","Twin Strike","Thunderclap+1"],"picked":"SKIP","floor":42},{"not_picked":["True Grit","Clash","Perfected Strike+1"],"picked":"SKIP","floor":44},{"not_picked":["Power Through+1","Shrug It Off","Burning Pact+1"],"picked":"SKIP","floor":46}],"player_experience":307658,"relics_obtained":[{"floor":7.0,"key":"Incense Burner"},{"floor":12.0,"key":"Calipers"},{"floor":24.0,"key":"Vajra"},{"floor":26.0,"key":"Akabeko"},{"floor":43,"key":"Strawberry"}],"event_choices":[{"damage_healed":0.0,"max_hp_gain":0.0,"max_hp_loss":0.0,"gold_gain":175.0,"event_name":"Liars Game","player_choice":"AGREE","floor":2.0,"gold_loss":0.0,"damage_taken":0.0,"cards_obtained":["Doubt"]},{"cards_removed":["Doubt"],"damage_healed":0.0,"max_hp_gain":0.0,"max_hp_loss":0.0,"gold_gain":0.0,"event_name":"Living Wall","player_choice":"Forget","floor":3.0,"gold_loss":0.0,"damage_taken":0.0},{"damage_healed":0.0,"max_hp_gain":0.0,"max_hp_loss":0.0,"gold_gain":75.0,"event_name":"World of Goop","player_choice":"Gather Gold","floor":5.0,"gold_loss":0.0,"damage_taken":11.0},{"damage_healed":0.0,"max_hp_gain":5.0,"max_hp_loss":0.0,"gold_gain":0.0,"event_name":"Big Fish","player_choice":"Donut","floor":11.0,"gold_loss":0.0,"damage_taken":0.0},{"damage_healed":0.0,"max_hp_gain":0.0,"max_hp_loss":0.0,"gold_gain":0.0,"event_name":"The Mausoleum","player_choice":"Opened","floor":19.0,"gold_loss":0.0,"damage_taken":0.0,"relics_obtained":["Shuriken"]},{"damage_healed":0.0,"max_hp_gain":0.0,"max_hp_loss":0.0,"gold_gain":0.0,"event_name":"Beggar","player_choice":"Ignored","floor":28.0,"gold_loss":0.0,"damage_taken":0.0},{"damage_healed":0.0,"max_hp_gain":0.0,"max_hp_loss":0.0,"gold_gain":0.0,"event_name":"Transmorgrifier","player_choice":"Ignored","floor":31.0,"gold_loss":0.0,"damage_taken":0.0},{"cards_removed":["Defend_R"],"damage_healed":0.0,"max_hp_gain":0.0,"max_hp_loss":0.0,"gold_gain":0.0,"event_name":"Falling","player_choice":"Removed Skill","floor":37.0,"gold_loss":0.0,"damage_taken":0.0},{"damage_healed":0,"gold_gain":0,"player_choice":"Got Potions","damage_taken":0,"max_hp_gain":0,"max_hp_loss":0,"event_name":"Lab","floor":40,"gold_loss":0},{"damage_healed":0,"gold_gain":0,"player_choice":"Max HP","damage_taken":0,"max_hp_gain":0,"max_hp_loss":5,"event_name":"Winding Halls","floor":48,"gold_loss":0}],"is_beta":false,"boss_relics":[{"not_picked":["Runic Cube","Black Blood"],"picked":"Mark of Pain"},{"not_picked":["Fusion Hammer","Runic Pyramid","Snecko Eye"]}],"items_purged_floors":[],"is_endless":false,"potions_floor_spawned":[7,14,16,21,22,24,36,46],"killed_by":"Shield and Spear","ascension_level":1}}