{"host":"ljmxc81w1zg7qdd2","time":1613427818,"event":{"mods":["BaseMod","BetterRewards","Colored Map","Hubris","Minty Spire (QoL Compilation)","Replay The Spire","Shop Mod","StSLib","The Animator","The Construct","The Cursed","The Necromancer","The Servant 0.9.4","UnlockEverythingMod"],"gold_per_floor":[117,129,140,158,3,3,3,3,3,3,3,3,20,33,308,405,405,425,436,436,455,465,493,493,114,137,146,146,46,72,97,97,203,203,215,90,155,164,164,206,206,206,206],"floor_reached":42,"language":"ENG","playtime":1352,"items_purged":["Regret","Strike_R","Strike_R"],"score":611,"play_id":"035ca9d4-e92d-4180-8ed8-5cd5dae4e129","local_time":"20210215142338","is_ascension_mode":false,"campfire_choices":[{"data":"Flex","floor":6,"key":"SMITH"},{"data":"Flex","floor":8,"key":"SMITH"},{"data":"True Grit","floor":11,"key":"SMITH"},{"floor":28,"key":"REST"},{"floor":32,"key":"DIG"},{"data":"Heavy Blade","floor":41,"key":"SMITH"}],"circlet_count":0,"master_deck":["Strike_R","Strike_R+1","Strike_R","Defend_R","Defend_R","Defend_R","Defend_R","Bash","Flex+1","Run Through","Flex+1","Warcry","True Grit+1","Brutality","Spot Weakness+1","Thunderclap","Twin Strike+1","Reaper+1","Decay","Heavy Blade+1","Disarm+1","Feed","Purity","Flex"],"relics":["Burning Blood","Sling","Replay:Mystery Machine","InkBottle","Painkiller Herb","Shuriken","hubris:Icosahedron","Toolbox","Happy Flower","CeramicFish","ReplayTheSpireMod:Spearhead","ReplayTheSpireMod:DimensionalGlitch","Pen Nib","Whetstone","HornCleat","Paper Frog"],"acts_visited":["Exordium","TheCity","TheBeyond"],"potions_floor_usage":[16,23,23,30,40,40],"damage_taken":[{"damage":8,"enemies":"Cultist","floor":1,"turns":5},{"damage":12,"enemies":"Small Slimes","floor":2,"turns":3},{"damage":6,"enemies":"2 Louse","floor":3,"turns":3},{"damage":12,"enemies":"Blue Slaver","floor":4,"turns":3},{"damage":0,"enemies":"Exordium Wildlife","floor":13,"turns":3},{"damage":0,"enemies":"Red Slaver","floor":14,"turns":2},{"damage":69,"enemies":"Slime Boss","floor":16,"turns":13},{"damage":22,"enemies":"Spheric Guardian","floor":18,"turns":4},{"damage":20,"enemies":"Chosen","floor":19,"turns":6},{"damage":31,"enemies":"Snake Plant","floor":21,"turns":4},{"damage":36,"enemies":"3 Cultists","floor":22,"turns":5},{"damage":34,"enemies":"Slavers","floor":23,"turns":5},{"damage":18,"enemies":"Centurion and Healer","floor":30,"turns":4},{"damage":0,"enemies":"Snecko","floor":31,"turns":2},{"damage":44,"enemies":"Pondfish","floor":33,"turns":9},{"damage":34,"enemies":"3 Shapes","floor":35,"turns":4},{"damage":38,"enemies":"Giant Head","floor":40,"turns":7},{"damage":25,"enemies":"Nemesis","floor":42,"turns":5}],"seed_played":"4029248778555101236","potions_obtained":[{"floor":1,"key":"AttackPotion"},{"floor":2,"key":"ColorlessPotion"},{"floor":14,"key":"Weak Potion"},{"floor":16,"key":"Regen Potion"},{"floor":21,"key":"FairyPotion"},{"floor":22,"key":"Languid Potion"},{"floor":23,"key":"Block Potion"},{"floor":31,"key":"BloodPotion"},{"floor":35,"key":"Ancient Potion"},{"floor":37,"key":"Fruit Juice"}],"is_trial":false,"path_per_floor":["M","M","M","M","$","R","?","R","T","?","R","$","M","M","R_BF","B",null,"?","?","?","?","?","E","?","T","T","?","T","T","?","?","T","B",null,"?","T","?","?","T","E","T","E"],"character_chosen":"IRONCLAD","items_purchased":["Sling","Toolbox","Happy Flower","Whetstone","HornCleat"],"campfire_rested":1,"item_purchase_floors":[5,25,25,39,39],"current_hp_per_floor":[86,80,80,74,74,74,74,74,74,74,74,74,80,86,86,23,88,72,58,58,33,31,17,17,17,17,17,43,43,31,53,53,21,88,64,64,64,64,38,27,27,2,2],"gold":206,"neow_bonus":"TEN_PERCENT_HP_BONUS","is_daily":false,"chose_seed":false,"campfire_upgraded":4,"win_rate":0.0,"timestamp":1613427818,"path_taken":["M","?","M","?","$","R","?","R","T","?","R","?","M","M","R_BF","BOSS","?","?","?","?","?","E","?","T","T","?","T","T","?","?","T","BOSS","?","T","?","?","?","E","T","E"],"items_purchased_type":["Relic","Relic","Relic","Relic","Relic"],"build_version":"2020-12-22","purchased_purges":3,"victory":false,"max_hp_per_floor":[88,88,88,88,88,88,88,88,88,88,88,88,88,88,88,88,88,88,88,88,88,88,88,88,88,88,88,88,88,88,88,88,88,88,91,91,91,91,91,96,96,96,96],"card_choices":[{"not_picked":["Run Through","Twin Strike"],"picked":"Flex","floor":1},{"not_picked":["Massacre","Combust"],"picked":"Run Through","floor":2},{"not_picked":["Pommel Strike","Rage"],"picked":"Flex","floor":3},{"not_picked":["Headbutt","hubris:StunningStrike"],"picked":"Warcry","floor":4},{"not_picked":["Anger","Warcry","Twin Strike"],"picked":"SKIP","floor":13},{"not_picked":["Clothesline","ReplayTheSpireMod:Strike From Hell","hubris:ReadiedAction"],"picked":"SKIP","floor":14},{"not_picked":["Demonic Infusion","Bludgeon"],"picked":"Brutality","floor":16},{"not_picked":["Pommel Strike","Armaments+1"],"picked":"Spot Weakness+1","floor":18},{"not_picked":["Warcry","Iron Wave"],"picked":"Thunderclap","floor":19},{"not_picked":["Infernal Blade","Uppercut","hubris:ReadiedAction"],"picked":"SKIP","floor":21},{"not_picked":["Shrug It Off","Life Link+1"],"picked":"Twin Strike+1","floor":22},{"not_picked":["Pommel Strike","Body Slam"],"picked":"Reaper","floor":23},{"not_picked":["Body Slam+1","Defy Death+1"],"picked":"Heavy Blade","floor":30},{"not_picked":["Iron Wave+1","Havoc"],"picked":"Disarm+1","floor":31},{"not_picked":["Replay:Many Hands","Immolate"],"picked":"Feed","floor":33},{"not_picked":["Abandon+1","Pommel Strike","Uppercut"],"picked":"SKIP","floor":35},{"not_picked":["ReplayTheSpireMod:Trickstab","Panacea"],"picked":"Purity","floor":38},{"not_picked":["Perfected Strike","Combust+1"],"picked":"Flex","floor":40}],"player_experience":111179,"relics_obtained":[{"floor":9,"key":"InkBottle"},{"floor":23,"key":"Shuriken"},{"floor":26,"key":"CeramicFish"},{"floor":32,"key":"ReplayTheSpireMod:Spearhead"},{"floor":37,"key":"Pen Nib"},{"floor":40,"key":"Paper Frog"}],"event_choices":[{"damage_healed":0,"gold_gain":0,"player_choice":"Searched \u00272\u0027 times","damage_taken":0,"relics_obtained":["Replay:Mystery Machine"],"max_hp_gain":0,"max_hp_loss":0,"event_name":"Dead Adventurer","floor":7,"gold_loss":0},{"damage_healed":0,"gold_gain":275,"player_choice":"Desecrate","damage_taken":0,"max_hp_gain":0,"max_hp_loss":0,"event_name":"Golden Shrine","floor":15,"gold_loss":0,"cards_obtained":["Regret"]},{"damage_healed":0,"gold_gain":0,"player_choice":"Ignored","damage_taken":0,"max_hp_gain":0,"max_hp_loss":0,"event_name":"Vampires","floor":20,"gold_loss":0},{"damage_healed":0,"gold_gain":0,"player_choice":"Smashed Altar","damage_taken":0,"max_hp_gain":0,"max_hp_loss":0,"event_name":"Forgotten Altar","floor":27,"gold_loss":0,"cards_obtained":["Decay"]},{"damage_healed":0,"gold_gain":0,"player_choice":"Memory 1","damage_taken":0,"max_hp_gain":0,"max_hp_loss":0,"event_name":"SensoryStone","floor":38,"gold_loss":0}],"is_beta":false,"boss_relics":[{"not_picked":["Tiny House","hubris:CrackedHourglass"],"picked":"Painkiller Herb"},{"not_picked":["Replay:Bronze Core","Pandora\u0027s Box"],"picked":"ReplayTheSpireMod:DimensionalGlitch"}],"items_purged_floors":[25,29,36],"is_endless":false,"potions_floor_spawned":[1,2,14,16,21,22,23,31,35],"killed_by":"Nemesis","ascension_level":0}}