{"host":"a3wpq7kyokchzawk","time":1613391738,"event":{"mods":["BaseMod","Colored Map","Highlight Path","Minty Spire (QoL Compilation)","Permanent Neow","Potion Indicator Mod","Relic Stats","Weighted Paths"],"gold_per_floor":[109,120,131,96,107,107,127,192,192,217,231,231,260,278,278,349,349,361,394,319,119,138,138,163,163,187,187,34,59,70,152,152,229,229,247,247,296,307,1306,1306,1337,1075,1100,1100,1117,472,485,511,511,511,511],"floor_reached":50,"language":"ENG","playtime":5705,"items_purged":["Strike_G","Quick Slash"],"score":1396,"play_id":"c1aa3c78-e503-4a73-82ec-6d61c5567a5a","local_time":"20210215102218","is_ascension_mode":true,"campfire_choices":[{"data":"Blade Dance","floor":6.0,"key":"SMITH"},{"floor":12.0,"key":"REST"},{"data":"Terror","floor":15.0,"key":"SMITH"},{"data":"Phantasmal Killer","floor":23.0,"key":"SMITH"},{"data":"Calculated Gamble","floor":25.0,"key":"SMITH"},{"data":"Neutralize","floor":27.0,"key":"SMITH"},{"data":"Tactician","floor":32.0,"key":"SMITH"},{"data":"Burst","floor":40.0,"key":"SMITH"},{"data":"Adrenaline","floor":44.0,"key":"SMITH"},{"floor":49.0,"key":"RECALL"}],"circlet_count":0,"master_deck":["AscendersBane","Survivor","Neutralize+1","Blade Dance+1","Dagger Spray","Dagger Throw","PiercingWail","Noxious Fumes","Accuracy","Footwork","Terror+1","Backstab","Phantasmal Killer+1","Tactician+1","Accuracy","Calculated Gamble+1","Crippling Poison","PiercingWail+1","Footwork","Corpse Explosion","Adrenaline+1","Burst+1","Dagger Spray","Expertise","Outmaneuver","Infinite Blades","Footwork","Leg Sweep","Dodge and Roll","Blur","Dodge and Roll+1","Backflip","Eviscerate+1","Accuracy","Acrobatics","Cloak And Dagger"],"relics":["Ring of the Snake","CaptainsWheel","Shuriken","Pantograph","Mercury Hourglass","MealTicket","Coffee Dripper","Red Mask","Omamori","Pen Nib","PreservedInsect","Letter Opener","Pandora\u0027s Box","The Specimen","Molten Egg 2","Boot","Anchor","Medical Kit","Thread and Needle","Gremlin Horn"],"acts_visited":["Exordium","TheCity","TheBeyond"],"potions_floor_usage":[],"damage_taken":[{"damage":4.0,"enemies":"2 Louse","floor":1.0,"turns":5.0},{"damage":7.0,"enemies":"Jaw Worm","floor":2.0,"turns":3.0},{"damage":0.0,"enemies":"Cultist","floor":3.0,"turns":3.0},{"damage":1.0,"enemies":"Blue Slaver","floor":5.0,"turns":5.0},{"damage":5.0,"enemies":"Red Slaver","floor":7.0,"turns":5.0},{"damage":22.0,"enemies":"Gremlin Nob","floor":8.0,"turns":5.0},{"damage":11.0,"enemies":"3 Sentries","floor":10.0,"turns":6.0},{"damage":0.0,"enemies":"3 Louse","floor":11.0,"turns":2.0},{"damage":0.0,"enemies":"Lagavulin","floor":13.0,"turns":4.0},{"damage":0.0,"enemies":"Blue Slaver","floor":14.0,"turns":2.0},{"damage":0.0,"enemies":"Hexaghost","floor":16.0,"turns":6.0},{"damage":5.0,"enemies":"Chosen","floor":18.0,"turns":5.0},{"damage":0.0,"enemies":"Masked Bandits","floor":19.0,"turns":2.0},{"damage":1.0,"enemies":"2 Thieves","floor":22.0,"turns":4.0},{"damage":24.0,"enemies":"Slavers","floor":24.0,"turns":5.0},{"damage":10.0,"enemies":"Gremlin Leader","floor":29.0,"turns":4.0},{"damage":5.0,"enemies":"3 Cultists","floor":30.0,"turns":4.0},{"damage":23.0,"enemies":"Collector","floor":33.0,"turns":5.0},{"damage":0.0,"enemies":"3 Darklings","floor":35.0,"turns":1.0},{"damage":20.0,"enemies":"2 Orb Walkers","floor":37.0,"turns":4.0},{"damage":0.0,"enemies":"3 Shapes","floor":38.0,"turns":1.0},{"damage":14.0,"enemies":"Reptomancer","floor":41.0,"turns":5.0},{"damage":8.0,"enemies":"Writhing Mass","floor":45.0,"turns":8.0},{"damage":0.0,"enemies":"Spire Growth","floor":47.0,"turns":4.0},{"damage":0.0,"enemies":"Giant Head","floor":48.0,"turns":5.0},{"damage":125,"enemies":"Time Eater","floor":50,"turns":12}],"seed_played":"-7881932518082777832","potions_obtained":[{"floor":1.0,"key":"Weak Potion"},{"floor":5.0,"key":"ColorlessPotion"},{"floor":10.0,"key":"DuplicationPotion"},{"floor":14.0,"key":"FairyPotion"},{"floor":19.0,"key":"Ancient Potion"},{"floor":33.0,"key":"ColorlessPotion"},{"floor":37.0,"key":"Weak Potion"},{"floor":41.0,"key":"SpeedPotion"}],"is_trial":false,"path_per_floor":["M","M","M","?","M","R","M","?","T","E","M","R","E","M","R","B",null,"M","?","?","$","M","R","E","R","T","R","$","E","M","T","R","B",null,"M","$","?","M","?","R","E","$","T","R","M","$","M","E","R","B"],"character_chosen":"THE_SILENT","items_purchased":["Accuracy","Omamori","Crippling Poison","Boot","Medical Kit","Thread and Needle","Eviscerate+1","Accuracy"],"campfire_rested":1,"item_purchase_floors":[21,21,28,42,46,46,46,46],"current_hp_per_floor":[40,33,33,49,48,48,43,21,21,10,10,29,29,29,29,54,63,58,58,58,66,65,65,41,41,41,41,56,46,41,41,41,43,60,60,66,46,46,46,46,32,47,47,47,39,54,54,54,54,0,0],"gold":511,"neow_bonus":"ONE_RARE_RELIC","is_daily":false,"chose_seed":false,"campfire_upgraded":8,"win_rate":0.0,"timestamp":1613391738,"path_taken":["M","M","M","?","M","R","M","?","T","E","M","R","E","M","R","BOSS","M","?","?","$","M","R","E","R","T","R","$","E","M","?","R","BOSS","M","$","?","M","?","R","E","?","T","R","M","$","M","E","R","BOSS"],"items_purchased_type":["Card","Relic","Card","Relic","Relic","Relic","Card","Card"],"build_version":"2020-12-22","purchased_purges":2,"victory":false,"max_hp_per_floor":[66,66,66,66,66,66,66,66,66,66,66,66,66,66,66,66,66,66,66,66,66,66,66,66,66,66,66,66,66,66,66,66,66,66,66,66,66,66,66,66,66,66,66,66,66,66,66,66,66,66,66],"relic_stats":{"Gremlin Horn":[0,0],"counters":[26,115],"Pen Nib":[12],"PreservedInsect":189,"Letter Opener":[161],"Boot":[9],"Medical Kit":[0],"Mercury Hourglass":[364],"Shuriken":[51],"Pantograph":62,"MealTicket":59,"Pandora\u0027s Box":["Adrenaline","Burst","Dagger Spray","Expertise","Quick Slash","Outmaneuver","Infinite Blades","Footwork"],"obtain_stats":[{"The Specimen":37,"Gremlin Horn":48,"Thread and Needle":46,"Pen Nib":24,"PreservedInsect":29,"Omamori":21,"Letter Opener":31,"Boot":42,"Medical Kit":46,"Mercury Hourglass":10,"CaptainsWheel":0,"Anchor":43,"Shuriken":8,"Pantograph":9,"MealTicket":13,"Pandora\u0027s Box":34,"Molten Egg 2":41,"Coffee Dripper":17,"Red Mask":19,"Ring of the Snake":0},{"The Specimen":20,"Gremlin Horn":25,"Thread and Needle":23,"Pen Nib":15,"PreservedInsect":16,"Omamori":13,"Letter Opener":17,"Boot":22,"Medical Kit":23,"Mercury Hourglass":7,"CaptainsWheel":0,"Anchor":22,"Shuriken":6,"Pantograph":6,"MealTicket":9,"Pandora\u0027s Box":18,"Molten Egg 2":22,"Coffee Dripper":11,"Red Mask":13,"Ring of the Snake":0},{"The Specimen":80,"Gremlin Horn":103,"Thread and Needle":94,"Pen Nib":62,"PreservedInsect":66,"Omamori":53,"Letter Opener":70,"Boot":86,"Medical Kit":94,"Mercury Hourglass":32,"CaptainsWheel":0,"Anchor":86,"Shuriken":26,"Pantograph":26,"MealTicket":38,"Pandora\u0027s Box":75,"Molten Egg 2":86,"Coffee Dripper":46,"Red Mask":53,"Ring of the Snake":0}],"Ring of the Snake":[52]},"card_choices":[{"not_picked":["Backflip","Underhanded Strike"],"picked":"Blade Dance","floor":1.0},{"not_picked":["Flying Knee","Doppelganger"],"picked":"Dagger Spray","floor":2.0},{"not_picked":["Slice","Poisoned Stab"],"picked":"Dagger Throw","floor":3.0},{"not_picked":["Sucker Punch","Quick Slash","Dagger Spray"],"picked":"SKIP","floor":5.0},{"not_picked":["Blur","Heel Hook"],"picked":"PiercingWail","floor":7.0},{"not_picked":["Dagger Spray","PiercingWail"],"picked":"Noxious Fumes","floor":8.0},{"not_picked":["Phantasmal Killer","Heel Hook"],"picked":"Accuracy","floor":10.0},{"not_picked":["Crippling Poison","Deflect"],"picked":"Footwork","floor":11.0},{"not_picked":["Reflex","Flying Knee"],"picked":"Terror","floor":13.0},{"not_picked":["Flying Knee","Backflip"],"picked":"Backstab","floor":14.0},{"not_picked":["Die Die Die","Burst"],"picked":"Phantasmal Killer","floor":16.0},{"not_picked":["Backstab","Choke","Dagger Throw"],"picked":"SKIP","floor":18.0},{"not_picked":["Bane","Dagger Spray"],"picked":"Tactician","floor":19.0},{"not_picked":["Catalyst","Expertise","Poisoned Stab"],"picked":"SKIP","floor":22.0},{"not_picked":["Finisher","Deadly Poison"],"picked":"Calculated Gamble","floor":24.0},{"not_picked":["Concentrate","Setup"],"picked":"PiercingWail+1","floor":29.0},{"not_picked":["Finisher","Slice"],"picked":"Footwork","floor":30.0},{"not_picked":["Venomology","Doppelganger"],"picked":"Corpse Explosion","floor":33.0},{"not_picked":["Quick Slash","Blur"],"picked":"Leg Sweep","floor":35.0},{"not_picked":["Cloak And Dagger","Prepared"],"picked":"Dodge and Roll","floor":37.0},{"not_picked":["Dash","Quick Slash+1"],"picked":"Blur","floor":38.0},{"not_picked":["Well Laid Plans+1","Accuracy"],"picked":"Dodge and Roll+1","floor":41.0},{"not_picked":["Deadly Poison+1","Underhanded Strike+1"],"picked":"Backflip","floor":45.0},{"not_picked":["Riddle With Holes+1","Dagger Throw+1"],"picked":"Acrobatics","floor":47.0},{"not_picked":["Slice+1","Dash+1"],"picked":"Cloak And Dagger","floor":48.0}],"player_experience":2726084,"relics_obtained":[{"floor":8.0,"key":"Shuriken"},{"floor":9.0,"key":"Pantograph"},{"floor":10.0,"key":"Mercury Hourglass"},{"floor":13.0,"key":"MealTicket"},{"floor":19.0,"key":"Red Mask"},{"floor":24.0,"key":"Pen Nib"},{"floor":29.0,"key":"PreservedInsect"},{"floor":31.0,"key":"Letter Opener"},{"floor":37.0,"key":"The Specimen"},{"floor":41.0,"key":"Molten Egg 2"},{"floor":43.0,"key":"Anchor"},{"floor":48.0,"key":"Gremlin Horn"}],"event_choices":[{"damage_healed":16.0,"max_hp_gain":0.0,"max_hp_loss":0.0,"gold_gain":0.0,"event_name":"The Cleric","player_choice":"Healed","floor":4.0,"gold_loss":35.0,"damage_taken":0.0},{"damage_healed":0.0,"max_hp_gain":0.0,"max_hp_loss":0.0,"gold_gain":0.0,"event_name":"Dead Adventurer","player_choice":"Searched \u00271\u0027 times","floor":8.0,"gold_loss":0.0,"damage_taken":0.0},{"damage_healed":0.0,"max_hp_gain":0.0,"max_hp_loss":0.0,"gold_gain":0.0,"event_name":"Masked Bandits","player_choice":"Fought Bandits","floor":19.0,"gold_loss":0.0,"damage_taken":0.0},{"cards_removed":["Strike_G"],"damage_healed":0.0,"max_hp_gain":0.0,"max_hp_loss":0.0,"gold_gain":0.0,"event_name":"Beggar","player_choice":"Gave Gold","floor":20.0,"gold_loss":75.0,"damage_taken":0.0},{"damage_healed":0.0,"max_hp_gain":0.0,"max_hp_loss":0.0,"gold_gain":0.0,"event_name":"Mysterious Sphere","player_choice":"Fight","floor":37.0,"gold_loss":0.0,"damage_taken":0.0},{"damage_healed":0.0,"max_hp_gain":0.0,"max_hp_loss":0.0,"gold_gain":999.0,"event_name":"MindBloom","player_choice":"Gold","floor":39.0,"gold_loss":0.0,"damage_taken":0.0,"cards_obtained":["Normality","Normality"]}],"is_beta":false,"boss_relics":[{"not_picked":["Sozu","Busted Crown"],"picked":"Coffee Dripper"},{"not_picked":["Empty Cage","Ring of the Serpent"],"picked":"Pandora\u0027s Box"}],"items_purged_floors":[28,42],"is_endless":false,"potions_floor_spawned":[1,5,10,14,16,18,19,30,33,37,41,45],"killed_by":"Time Eater","ascension_level":20}}