{"host":"e2ju6k0wppswbhbd","time":1613416573,"event":{"mods":["BaseMod","Minty Spire (QoL Compilation)","Rare Cards Sparkle","StSLib"],"gold_per_floor":[113,63,14,29,29,29,61,77,102,121,121,134,145,145,145,242,242,262,262,187,200,218,218,218,231,255,288,288,304,323,323,323],"floor_reached":31,"language":"FRA","playtime":3153,"items_purged":[],"score":259,"play_id":"f6d8d30b-7935-4f94-ac27-17e0e06b7abf","local_time":"20210215201613","is_ascension_mode":false,"campfire_choices":[{"floor":6,"key":"RECALL"},{"data":"Barrage","floor":11,"key":"SMITH"},{"data":"Chaos","floor":15,"key":"SMITH"},{"data":"Reinforced Body","floor":23,"key":"SMITH"},{"floor":28,"key":"REST"}],"circlet_count":0,"master_deck":["Strike_B","Strike_B","Defend_B","Defend_B","Defend_B","Zap+1","Dualcast","Redo","Coolheaded","Genetic Algorithm","Reinforced Body+1","Barrage+1","Ball Lightning","Chaos+1","Self Repair","Reboot","Leap+1","Darkness+1","Lockon","Compile Driver","Go for the Eyes","Auto Shields"],"relics":["Cracked Core","Bag of Preparation","Omamori","Symbiotic Virus","Black Star","Shuriken","Centennial Puzzle","Strawberry"],"acts_visited":["Exordium","TheCity"],"potions_floor_usage":[16,22,25,27,30,30],"damage_taken":[{"damage":3,"enemies":"Small Slimes","floor":1,"turns":3},{"damage":1,"enemies":"Jaw Worm","floor":4,"turns":3},{"damage":25,"enemies":"3 Sentries","floor":7,"turns":12},{"damage":0,"enemies":"2 Louse","floor":8,"turns":2},{"damage":0,"enemies":"Exordium Wildlife","floor":10,"turns":3},{"damage":0,"enemies":"Blue Slaver","floor":12,"turns":3},{"damage":0,"enemies":"Looter","floor":13,"turns":2},{"damage":6,"enemies":"The Guardian","floor":16,"turns":12},{"damage":0,"enemies":"Spheric Guardian","floor":18,"turns":3},{"damage":0,"enemies":"Shell Parasite","floor":21,"turns":5},{"damage":1,"enemies":"Snecko","floor":22,"turns":4},{"damage":17,"enemies":"Snake Plant","floor":25,"turns":3},{"damage":35,"enemies":"Slavers","floor":27,"turns":6},{"damage":6,"enemies":"Shelled Parasite and Fungi","floor":29,"turns":8},{"damage":11,"enemies":"3 Cultists","floor":30,"turns":4},{"damage":90,"enemies":"Gremlin Leader","floor":31,"turns":11}],"seed_played":"277305287134400751","potions_obtained":[{"floor":7,"key":"Weak Potion"},{"floor":13,"key":"Strength Potion"},{"floor":16,"key":"Explosive Potion"},{"floor":21,"key":"FocusPotion"},{"floor":27,"key":"PowerPotion"},{"floor":29,"key":"PotionOfCapacity"},{"floor":30,"key":"FairyPotion"}],"is_trial":false,"path_per_floor":["M","?","$","M","?","R","E","M","T","M","R","M","M","T","R","B",null,"M","?","?","M","M","R","?","M","T","E","R","M","M","E"],"character_chosen":"DEFECT","items_purchased":["Coolheaded"],"campfire_rested":1,"item_purchase_floors":[3],"current_hp_per_floor":[72,72,72,71,71,71,46,46,46,46,46,46,46,46,46,47,75,75,75,75,75,75,75,75,65,65,37,61,55,51,0,0],"gold":323,"neow_bonus":"UPGRADE_CARD","is_daily":false,"chose_seed":false,"campfire_upgraded":3,"win_rate":0.0,"timestamp":1613416573,"path_taken":["M","?","$","M","?","R","E","M","T","M","R","M","M","?","R","BOSS","M","?","?","M","M","R","?","M","T","E","R","M","M","E"],"items_purchased_type":["Card"],"build_version":"2020-12-22","purchased_purges":0,"victory":false,"max_hp_per_floor":[75,75,75,75,75,75,75,75,75,75,75,75,75,75,75,75,75,75,75,75,75,75,75,75,75,75,82,82,82,82,82,82],"card_choices":[{"not_picked":["Turbo","Defragment"],"picked":"Redo","floor":1},{"not_picked":["Gash","Turbo"],"picked":"Genetic Algorithm","floor":4},{"not_picked":["Conserve Battery","Beam Cell"],"picked":"Reinforced Body","floor":7},{"not_picked":["Skim","Coolheaded"],"picked":"Barrage","floor":8},{"not_picked":["Streamline","Melter"],"picked":"Ball Lightning","floor":10},{"not_picked":["FTL","Lockon"],"picked":"Chaos","floor":12},{"not_picked":["Blizzard","White Noise"],"picked":"Self Repair","floor":13},{"not_picked":["Creative AI","Buffer"],"picked":"Reboot","floor":16},{"not_picked":["Doom and Gloom+1","Loop"],"picked":"Leap+1","floor":18},{"not_picked":["FTL","Beam Cell+1"],"picked":"Darkness+1","floor":21},{"not_picked":["Stack","Reinforced Body"],"picked":"Lockon","floor":22},{"not_picked":["Ball Lightning","Creative AI","Barrage"],"picked":"SKIP","floor":25},{"not_picked":["Leap","Reboot"],"picked":"Compile Driver","floor":27},{"not_picked":["Consume","Stack"],"picked":"Go for the Eyes","floor":29},{"not_picked":["Steam","Ball Lightning"],"picked":"Auto Shields","floor":30}],"player_experience":2861474,"relics_obtained":[{"floor":7,"key":"Bag of Preparation"},{"floor":9,"key":"Omamori"},{"floor":14,"key":"Symbiotic Virus"},{"floor":27,"key":"Centennial Puzzle"},{"floor":27,"key":"Strawberry"}],"event_choices":[{"cards_removed":["Strike_B"],"damage_healed":0,"gold_gain":0,"player_choice":"Card Removal","damage_taken":0,"max_hp_gain":0,"max_hp_loss":0,"event_name":"The Cleric","floor":2,"gold_loss":50},{"cards_removed":["Defend_B"],"damage_healed":0,"gold_gain":0,"player_choice":"Forget","damage_taken":0,"max_hp_gain":0,"max_hp_loss":0,"event_name":"Living Wall","floor":5,"gold_loss":0},{"damage_healed":0,"gold_gain":0,"player_choice":"Opened","damage_taken":0,"relics_obtained":["Shuriken"],"max_hp_gain":0,"max_hp_loss":0,"event_name":"The Mausoleum","floor":19,"gold_loss":0},{"cards_removed":["Strike_B"],"damage_healed":0,"gold_gain":0,"player_choice":"Gave Gold","damage_taken":0,"max_hp_gain":0,"max_hp_loss":0,"event_name":"Beggar","floor":20,"gold_loss":75},{"damage_healed":0,"gold_gain":0,"player_choice":"Ignored","damage_taken":0,"max_hp_gain":0,"max_hp_loss":0,"event_name":"Vampires","floor":24,"gold_loss":0}],"is_beta":false,"boss_relics":[{"not_picked":["Velvet Choker","Snecko Eye"],"picked":"Black Star"}],"items_purged_floors":[],"is_endless":false,"potions_floor_spawned":[7,13,16,21,27,29,30],"killed_by":"Gremlin Leader","ascension_level":0}}