{"host":"qrt7o4dq2qslzw13","time":1613410304,"event":{"mods":["AchievementEnabler","BaseMod","Colored Map","Colored Powertips","Minty Spire (QoL Compilation)","Quick Restart","StSLib","SuperFastMode"],"gold_per_floor":[110,110,21,21,38,70,85,85,85,85,101,111,131,147,147,219,219,230,248,173,185,100,100,118,132,132,150,169,169,183,197,197,273,273,286,286,286],"floor_reached":36,"language":"ENG","playtime":1212,"items_purged":[],"score":848,"play_id":"ffb15d61-1091-4207-a496-48ec6621467c","local_time":"20210215123144","is_ascension_mode":true,"campfire_choices":[{"data":"Bash","floor":8.0,"key":"SMITH"},{"data":"Dropkick","floor":10.0,"key":"SMITH"},{"data":"Corruption","floor":15.0,"key":"SMITH"},{"data":"Whirlwind","floor":23.0,"key":"SMITH"},{"floor":29.0,"key":"REST"},{"floor":32,"key":"REST"}],"circlet_count":0,"master_deck":["AscendersBane","Strike_R","Strike_R","Defend_R","Defend_R","Defend_R","Defend_R","Bash+1","Pommel Strike","Regret","Fire Breathing","Pummel","Shrug It Off","Pummel","Dropkick+1","Whirlwind+1","Flame Barrier","Corruption+1","Twin Strike","Feed","Rampage","Inflame","Armaments","Battle Trance","Feel No Pain+1","Second Wind","Seeing Red+1","Carnage","Reaper","Entrench"],"relics":["Burning Blood","NeowsBlessing","Dead Branch","Peace Pipe","StrikeDummy","Cursed Key","PreservedInsect","CaptainsWheel","Empty Cage"],"acts_visited":["Exordium","TheCity","TheBeyond"],"potions_floor_usage":[33],"damage_taken":[{"damage":0.0,"enemies":"2 Louse","floor":1.0,"turns":1.0},{"damage":0.0,"enemies":"Cultist","floor":5.0,"turns":1.0},{"damage":0.0,"enemies":"3 Sentries","floor":6.0,"turns":1.0},{"damage":6.0,"enemies":"Small Slimes","floor":7.0,"turns":3.0},{"damage":16.0,"enemies":"Exordium Wildlife","floor":11.0,"turns":2.0},{"damage":6.0,"enemies":"Blue Slaver","floor":12.0,"turns":3.0},{"damage":8.0,"enemies":"Looter","floor":13.0,"turns":2.0},{"damage":17.0,"enemies":"Large Slime","floor":14.0,"turns":3.0},{"damage":12.0,"enemies":"Hexaghost","floor":16.0,"turns":5.0},{"damage":4.0,"enemies":"3 Byrds","floor":18.0,"turns":4.0},{"damage":19.0,"enemies":"2 Thieves","floor":19.0,"turns":5.0},{"damage":24.0,"enemies":"Sentry and Sphere","floor":21.0,"turns":4.0},{"damage":23.0,"enemies":"Shelled Parasite and Fungi","floor":24.0,"turns":3.0},{"damage":6.0,"enemies":"Centurion and Healer","floor":25.0,"turns":4.0},{"damage":4.0,"enemies":"Snecko","floor":27.0,"turns":4.0},{"damage":5.0,"enemies":"3 Cultists","floor":28.0,"turns":5.0},{"damage":18.0,"enemies":"Centurion and Healer","floor":30.0,"turns":4.0},{"damage":14,"enemies":"Snake Plant","floor":31,"turns":5},{"damage":27,"enemies":"Automaton","floor":33,"turns":7},{"damage":28,"enemies":"3 Darklings","floor":35,"turns":7},{"damage":54,"enemies":"2 Orb Walkers","floor":36,"turns":5}],"seed_played":"6035226427469954907","potions_obtained":[{"floor":7.0,"key":"Dexterity Potion"},{"floor":11.0,"key":"Energy Potion"},{"floor":16.0,"key":"BlessingOfTheForge"},{"floor":21.0,"key":"SteroidPotion"},{"floor":27.0,"key":"Weak Potion"},{"floor":31,"key":"ElixirPotion"}],"is_trial":false,"path_per_floor":["M","?","$","?","M","E","M","R","T","R","M","M","M","M","R","B",null,"M","M","?","M","?","R","M","M","T","M","M","R","M","M","R","B",null,"M","?"],"character_chosen":"IRONCLAD","items_purchased":["Fire Breathing"],"campfire_rested":2,"item_purchase_floors":[3],"current_hp_per_floor":[74,74,74,74,75,75,75,75,75,75,65,65,63,52,52,46,68,73,60,60,42,42,42,25,25,25,27,31,55,46,38,63,42,74,62,8,8],"gold":286,"neow_bonus":"THREE_ENEMY_KILL","is_daily":false,"chose_seed":false,"campfire_upgraded":4,"win_rate":0.0,"timestamp":1613410304,"path_taken":["M","?","$","?","M","E","M","R","T","R","?","M","M","M","R","BOSS","M","?","?","M","?","R","M","M","T","M","M","R","M","M","R","BOSS","M","?"],"items_purchased_type":["Card"],"build_version":"2020-12-22","purchased_purges":0,"victory":false,"max_hp_per_floor":[75,75,75,75,75,75,75,75,75,75,75,75,75,75,75,75,75,78,78,78,78,78,78,78,78,78,78,81,81,84,84,84,84,84,84,84,84],"card_choices":[{"not_picked":["Clothesline","Warcry"],"picked":"Pommel Strike","floor":1.0},{"not_picked":["Searing Blow","Clothesline"],"picked":"Shrug It Off","floor":5.0},{"not_picked":["Clothesline","Shrug It Off"],"picked":"Pummel","floor":6.0},{"not_picked":["Perfected Strike","Thunderclap"],"picked":"Dropkick","floor":7.0},{"not_picked":["Clothesline","Burning Pact"],"picked":"Whirlwind","floor":11.0},{"not_picked":["Shrug It Off","Combust"],"picked":"Flame Barrier","floor":12.0},{"not_picked":["Thunderclap","Infernal Blade"],"picked":"Corruption","floor":13.0},{"not_picked":["Clash","Iron Wave"],"picked":"Twin Strike","floor":14.0},{"not_picked":["Double Tap","Corruption"],"picked":"Feed","floor":16.0},{"not_picked":["Clothesline","Warcry"],"picked":"Rampage","floor":18.0},{"not_picked":["Rampage","Reckless Charge"],"picked":"Inflame","floor":19.0},{"not_picked":["Pummel","Perfected Strike","Havoc"],"picked":"SKIP","floor":21.0},{"not_picked":["Whirlwind","Armaments","Flex"],"picked":"SKIP","floor":24.0},{"not_picked":["Whirlwind","Flex"],"picked":"Armaments","floor":24.0},{"not_picked":["Wild Strike","Armaments"],"picked":"Battle Trance","floor":25.0},{"not_picked":["Iron Wave","Shrug It Off"],"picked":"Feel No Pain+1","floor":27.0},{"not_picked":["Twin Strike","Disarm"],"picked":"Second Wind","floor":28.0},{"not_picked":["Uppercut","Twin Strike"],"picked":"Seeing Red+1","floor":30.0},{"not_picked":["Thunderclap+1","Juggernaut"],"picked":"Carnage","floor":31},{"not_picked":["Bludgeon","Double Tap"],"picked":"Reaper","floor":33},{"not_picked":["Whirlwind","Heavy Blade"],"picked":"Entrench","floor":35}],"player_experience":639594,"relics_obtained":[{"floor":6.0,"key":"Peace Pipe"},{"floor":9.0,"key":"StrikeDummy"},{"floor":26.0,"key":"CaptainsWheel"}],"event_choices":[{"damage_healed":0.0,"max_hp_gain":0.0,"max_hp_loss":0.0,"gold_gain":0.0,"event_name":"Big Fish","player_choice":"Box","floor":2.0,"gold_loss":0.0,"damage_taken":0.0,"relics_obtained":["Dead Branch"],"cards_obtained":["Regret"]},{"damage_healed":0.0,"max_hp_gain":0.0,"max_hp_loss":0.0,"gold_gain":0.0,"cards_transformed":["Strike_R"],"event_name":"Transmorgrifier","player_choice":"Transformed","floor":4.0,"gold_loss":0.0,"damage_taken":0.0,"cards_obtained":["Pummel"]},{"cards_removed":["Strike_R"],"damage_healed":0.0,"max_hp_gain":0.0,"max_hp_loss":0.0,"gold_gain":0.0,"event_name":"Beggar","player_choice":"Gave Gold","floor":20.0,"gold_loss":75.0,"damage_taken":0.0},{"damage_healed":0.0,"max_hp_gain":0.0,"max_hp_loss":0.0,"gold_gain":0.0,"event_name":"Addict","player_choice":"Obtained Relic","floor":22.0,"gold_loss":85.0,"damage_taken":0.0,"relics_obtained":["PreservedInsect"]},{"damage_healed":0,"gold_gain":0,"player_choice":"Fight","damage_taken":0,"max_hp_gain":0,"max_hp_loss":0,"event_name":"Mysterious Sphere","floor":36,"gold_loss":0}],"is_beta":false,"boss_relics":[{"not_picked":["Busted Crown","Black Star"],"picked":"Cursed Key"},{"not_picked":["Philosopher\u0027s Stone","Black Blood"],"picked":"Empty Cage"}],"items_purged_floors":[],"is_endless":false,"potions_floor_spawned":[7,11,16,18,21,27,31],"killed_by":"2 Orb Walkers","ascension_level":20}}