{"host":"jwpp8hxpigr0nknu","time":1613404865,"event":{"mods":["BaseMod","BetterRewards","Colored Map","Colored Powertips","Minty Spire (QoL Compilation)","Rare Cards Sparkle","Shop Mod","StSLib"],"gold_per_floor":[114,74,84,9,20,49,78,112,112,142,172,203,235,266,266,362,362,382,307,307,317,347,378,378,412,412,441,56,88,115,140,140,235,235,246,246,246,91,105,132,158,192,215,246,271,304,20,60,60,164,164,180,150,170,170],"floor_reached":54,"language":"ENG","playtime":4158,"items_purged":["Hologram","Cold Snap","Leap"],"score":2254,"play_id":"d2afc739-354b-4d4d-a26d-58b872762a38","local_time":"20210215100105","daily_mods":["Draft","Heirloom","Flight","DeadlyEvents","Elite Swarm"],"is_ascension_mode":true,"campfire_choices":[{"data":"Fusion","floor":15.0,"key":"SMITH"},{"floor":24.0,"key":"REST"},{"floor":32.0,"key":"REST"},{"floor":49.0,"key":"REST"}],"circlet_count":0,"master_deck":["Tempest","Ball Lightning","Self Repair","Ball Lightning","BootSequence+1","Double Energy","Fusion+1","Go for the Eyes","Stack","Ball Lightning+1","Coolheaded","Stack","Buffer","Seek","Amplify","Meteor Strike","Thunder Strike","Thunder Strike","Electrodynamics","Seek+1","Reinforced Body","Electrodynamics","Echo Form","Seek","BootSequence","Meteor Strike","Machine Learning","Creative AI","Stack+1","Meteor Strike+1","Coolheaded+1","Seek","Creative AI","Reboot","Seek","Reinforced Body","Loop","Machine Learning","Self Repair"],"relics":["Cracked Core","Ginger","Calipers","Turnip","Kunai","Blue Candle","Toy Ornithopter","Ice Cream","Meat on the Bone","DataDisk","Bag of Marbles","Fusion Hammer","Nilry\u0027s Codex","HornCleat","InkBottle","Nunchaku","Bottled Flame","War Paint","Pen Nib","Membership Card","Mummified Hand","Darkstone Periapt","Dead Branch","Philosopher\u0027s Stone","Omamori","FossilizedHelix","Oddly Smooth Stone","Smiling Mask","Lantern","Strawberry","MealTicket","Pantograph","Whetstone","OrangePellets","CeramicFish","Coffee Dripper"],"acts_visited":["Exordium","TheCity","TheBeyond","Exordium"],"potions_floor_usage":[],"damage_taken":[{"damage":0.0,"enemies":"2 Louse","floor":1.0,"turns":2.0},{"damage":0.0,"enemies":"Cultist","floor":3.0,"turns":3.0},{"damage":0.0,"enemies":"Jaw Worm","floor":5.0,"turns":2.0},{"damage":18.0,"enemies":"Lagavulin","floor":6.0,"turns":5.0},{"damage":0.0,"enemies":"Gremlin Nob","floor":7.0,"turns":4.0},{"damage":3.0,"enemies":"3 Sentries","floor":8.0,"turns":6.0},{"damage":0.0,"enemies":"Lagavulin","floor":10.0,"turns":7.0},{"damage":0.0,"enemies":"Gremlin Nob","floor":11.0,"turns":4.0},{"damage":0.0,"enemies":"Lagavulin","floor":12.0,"turns":5.0},{"damage":16.0,"enemies":"Gremlin Nob","floor":13.0,"turns":3.0},{"damage":0.0,"enemies":"Lagavulin","floor":14.0,"turns":5.0},{"damage":24.0,"enemies":"Hexaghost","floor":16.0,"turns":8.0},{"damage":0.0,"enemies":"Spheric Guardian","floor":18.0,"turns":2.0},{"damage":0.0,"enemies":"Chosen","floor":21.0,"turns":4.0},{"damage":10.0,"enemies":"Slavers","floor":22.0,"turns":3.0},{"damage":0.0,"enemies":"Gremlin Leader","floor":23.0,"turns":5.0},{"damage":15.0,"enemies":"Slavers","floor":25.0,"turns":3.0},{"damage":11.0,"enemies":"Book of Stabbing","floor":27.0,"turns":5.0},{"damage":0.0,"enemies":"Slavers","floor":29.0,"turns":3.0},{"damage":0.0,"enemies":"Gremlin Leader","floor":30.0,"turns":5.0},{"damage":1.0,"enemies":"Book of Stabbing","floor":31.0,"turns":3.0},{"damage":0.0,"enemies":"Collector","floor":33.0,"turns":5.0},{"damage":0.0,"enemies":"Orb Walker","floor":35.0,"turns":2.0},{"damage":0.0,"enemies":"3 Shapes","floor":39.0,"turns":3.0},{"damage":0.0,"enemies":"Nemesis","floor":40.0,"turns":3.0},{"damage":0.0,"enemies":"Reptomancer","floor":41.0,"turns":5.0},{"damage":0.0,"enemies":"Giant Head","floor":42.0,"turns":5.0},{"damage":0.0,"enemies":"Nemesis","floor":44.0,"turns":5.0},{"damage":0.0,"enemies":"Giant Head","floor":45.0,"turns":4.0},{"damage":0.0,"enemies":"Reptomancer","floor":46.0,"turns":3.0},{"damage":0.0,"enemies":"Giant Head","floor":48.0,"turns":5.0},{"damage":2.0,"enemies":"Time Eater","floor":50.0,"turns":7.0},{"damage":0.0,"enemies":"Small Slimes","floor":52.0,"turns":2.0},{"damage":0.0,"enemies":"Jaw Worm","floor":54.0,"turns":1.0}],"seed_played":"8142219751261229683","potions_obtained":[{"floor":2.0,"key":"GamblersBrew"},{"floor":2.0,"key":"EssenceOfSteel"},{"floor":2.0,"key":"Dexterity Potion"},{"floor":7.0,"key":"FocusPotion"},{"floor":8.0,"key":"Swift Potion"},{"floor":10.0,"key":"Explosive Potion"},{"floor":11.0,"key":"LiquidBronze"},{"floor":22.0,"key":"EssenceOfSteel"},{"floor":25.0,"key":"ColorlessPotion"},{"floor":30.0,"key":"Ancient Potion"},{"floor":33.0,"key":"LiquidMemories"},{"floor":35.0,"key":"ColorlessPotion"},{"floor":42.0,"key":"BlessingOfTheForge"},{"floor":44.0,"key":"LiquidBronze"},{"floor":46.0,"key":"AttackPotion"},{"floor":48.0,"key":"Energy Potion"}],"is_trial":true,"path_per_floor":["M","?","M","$","M","E","E","E","T","E","E","E","E","E","R","B",null,"M","?","?","M","E","E","R","E","T","E","$","E","E","E","R","B",null,"M","?","?","$","M","E","E","E","T","E","E","E","$","E","R","B",null,"M","$","M"],"character_chosen":"DEFECT","items_purchased":["Pen Nib","Membership Card","BootSequence","Omamori","Meteor Strike","Whetstone","OrangePellets","Reinforced Body","Loop","Self Repair"],"campfire_rested":3,"item_purchase_floors":[28,28,28,38,38,47,47,47,47,53],"current_hp_per_floor":[75,75,75,75,75,64,64,68,68,75,75,75,66,73,73,58,71,71,71,55,62,57,69,75,60,60,49,49,54,61,60,75,75,75,75,75,75,75,75,75,75,75,75,82,82,82,82,82,82,82,82,82,82,82,82],"gold":170,"neow_bonus":"","is_daily":false,"chose_seed":false,"campfire_upgraded":1,"win_rate":0.0,"timestamp":1613404865,"path_taken":["M","?","M","?","M","E","E","E","T","E","E","E","E","?","R","BOSS","M","?","?","?","?","E","R","E","T","E","$","E","E","E","R","BOSS","M","?","?","$","M","E","E","E","T","E","?","E","$","E","R","BOSS","M","$","M"],"items_purchased_type":["Relic","Relic","Card","Relic","Card","Relic","Relic","Card","Card","Card"],"build_version":"2020-12-22","purchased_purges":3,"victory":false,"max_hp_per_floor":[75,75,75,75,75,75,75,75,75,75,75,75,75,75,75,75,75,75,75,75,75,75,75,75,75,75,75,75,75,75,75,75,75,75,75,75,75,75,75,75,75,75,75,82,82,82,82,82,82,82,82,82,82,82,82],"card_choices":[{"not_picked":["Undo","Go for the Eyes"],"picked":"Cold Snap","floor":0.0},{"not_picked":["Go for the Eyes","Coolheaded"],"picked":"Cold Snap","floor":0.0},{"not_picked":["Streamline","Conserve Battery"],"picked":"Tempest","floor":0.0},{"not_picked":["Cold Snap","White Noise"],"picked":"Ball Lightning","floor":0.0},{"not_picked":["Gash","Go for the Eyes"],"picked":"Hologram","floor":0.0},{"not_picked":["Gash","Hologram"],"picked":"Self Repair","floor":0.0},{"not_picked":["Beam Cell","Steam"],"picked":"Ball Lightning","floor":0.0},{"not_picked":["Doom and Gloom","Melter"],"picked":"BootSequence","floor":0.0},{"not_picked":["Hologram","Gash"],"picked":"Double Energy","floor":0.0},{"not_picked":["Aggregate","Rebound"],"picked":"Fusion","floor":0.0},{"not_picked":["FTL","Force Field"],"picked":"Go for the Eyes","floor":0.0},{"not_picked":["Aggregate","Turbo"],"picked":"Stack","floor":0.0},{"not_picked":["Streamline","Barrage"],"picked":"Ball Lightning","floor":0.0},{"not_picked":["Sweeping Beam","Beam Cell"],"picked":"Coolheaded","floor":0.0},{"not_picked":["Beam Cell","Redo"],"picked":"Leap","floor":0.0},{"not_picked":["Steam","Redo"],"picked":"Stack","floor":1.0},{"not_picked":["Go for the Eyes","Compile Driver","All For One"],"picked":"SKIP","floor":3.0},{"not_picked":["Go for the Eyes","Compile Driver","All For One"],"picked":"SKIP","floor":3.0},{"not_picked":["Hologram","Barrage","Beam Cell"],"picked":"SKIP","floor":5.0},{"not_picked":["Biased Cognition","Machine Learning"],"picked":"Buffer","floor":6.0},{"not_picked":["All For One","Amplify"],"picked":"Seek","floor":7.0},{"not_picked":["Core Surge","Amplify","Buffer"],"picked":"SKIP","floor":8.0},{"not_picked":["Biased Cognition","Machine Learning"],"picked":"Amplify","floor":10.0},{"not_picked":["Hyperbeam","Creative AI"],"picked":"Meteor Strike","floor":11.0},{"not_picked":["Multi-Cast","Buffer"],"picked":"Thunder Strike","floor":12.0},{"not_picked":["Rainbow","Amplify"],"picked":"Thunder Strike","floor":13.0},{"not_picked":["Hyperbeam","Reboot"],"picked":"Electrodynamics","floor":14.0},{"not_picked":["Thunder Strike","All For One"],"picked":"Seek","floor":16.0},{"not_picked":["Go for the Eyes","Steam","Sweeping Beam"],"picked":"SKIP","floor":18.0},{"not_picked":["Barrage","Rebound"],"picked":"Reinforced Body","floor":21.0},{"not_picked":["Hyperbeam","Biased Cognition"],"picked":"Electrodynamics","floor":22.0},{"not_picked":["Rainbow","Reboot"],"picked":"Echo Form","floor":23.0},{"not_picked":["Multi-Cast","Electrodynamics","Creative AI"],"picked":"SKIP","floor":25.0},{"not_picked":["Amplify","Fission"],"picked":"Seek","floor":27.0},{"not_picked":["Seek","Thunder Strike"],"picked":"Meteor Strike","floor":29.0},{"not_picked":["Fission","Buffer"],"picked":"Machine Learning","floor":30.0},{"not_picked":["Echo Form","Meteor Strike"],"picked":"Creative AI","floor":31.0},{"not_picked":["Go for the Eyes+1","Redo+1"],"picked":"Stack+1","floor":35.0},{"not_picked":["Turbo","Leap"],"picked":"Coolheaded+1","floor":39.0},{"not_picked":["Electrodynamics","Hyperbeam","Multi-Cast"],"picked":"SKIP","floor":40.0},{"not_picked":["Biased Cognition","Fission"],"picked":"Seek","floor":41.0},{"not_picked":["Hyperbeam","Buffer"],"picked":"Creative AI","floor":42.0},{"not_picked":["Machine Learning","Amplify","Buffer"],"picked":"SKIP","floor":44.0},{"not_picked":["Machine Learning","Multi-Cast"],"picked":"Reboot","floor":45.0},{"not_picked":["Creative AI","Hyperbeam"],"picked":"Seek","floor":46.0},{"not_picked":["Thunder Strike","Fission"],"picked":"Machine Learning","floor":48.0},{"not_picked":["Gash","Barrage","Stack"],"picked":"SKIP","floor":52.0}],"player_experience":370397,"relics_obtained":[{"floor":6.0,"key":"Calipers"},{"floor":7.0,"key":"Turnip"},{"floor":8.0,"key":"Kunai"},{"floor":9.0,"key":"Blue Candle"},{"floor":10.0,"key":"Toy Ornithopter"},{"floor":11.0,"key":"Ice Cream"},{"floor":12.0,"key":"Meat on the Bone"},{"floor":13.0,"key":"DataDisk"},{"floor":14.0,"key":"Bag of Marbles"},{"floor":20.0,"key":"Nilry\u0027s Codex"},{"floor":22.0,"key":"HornCleat"},{"floor":23.0,"key":"InkBottle"},{"floor":25.0,"key":"Nunchaku"},{"floor":26.0,"key":"Bottled Flame"},{"floor":27.0,"key":"War Paint"},{"floor":29.0,"key":"Mummified Hand"},{"floor":30.0,"key":"Darkstone Periapt"},{"floor":31.0,"key":"Dead Branch"},{"floor":40.0,"key":"FossilizedHelix"},{"floor":41.0,"key":"Oddly Smooth Stone"},{"floor":42.0,"key":"Smiling Mask"},{"floor":43.0,"key":"Lantern"},{"floor":44.0,"key":"Strawberry"},{"floor":45.0,"key":"MealTicket"},{"floor":46.0,"key":"Pantograph"},{"floor":48.0,"key":"CeramicFish"}],"event_choices":[{"damage_healed":0.0,"max_hp_gain":0.0,"max_hp_loss":0.0,"gold_gain":0.0,"event_name":"The Woman in Blue","player_choice":"Bought 3 Potions","floor":2.0,"gold_loss":0.0,"damage_taken":0.0},{"cards_removed":["Cold Snap"],"damage_healed":0.0,"max_hp_gain":0.0,"max_hp_loss":0.0,"gold_gain":0.0,"event_name":"Beggar","player_choice":"Gave Gold","floor":19.0,"gold_loss":75.0,"damage_taken":0.0},{"damage_healed":0.0,"max_hp_gain":0.0,"max_hp_loss":0.0,"gold_gain":0.0,"event_name":"Cursed Tome","player_choice":"Obtained Book","floor":20.0,"gold_loss":0.0,"damage_taken":16.0},{"damage_healed":0.0,"max_hp_gain":0.0,"max_hp_loss":0.0,"gold_gain":0.0,"event_name":"Tomb of Lord Red Mask","player_choice":"Ignored","floor":36.0,"gold_loss":0.0,"damage_taken":0.0},{"damage_healed":0.0,"max_hp_gain":0.0,"max_hp_loss":0.0,"gold_gain":0.0,"event_name":"SecretPortal","player_choice":"Ignored","floor":37.0,"gold_loss":0.0,"damage_taken":0.0}],"is_beta":false,"boss_relics":[{"not_picked":["FrozenCore","Inserter"],"picked":"Fusion Hammer"},{"not_picked":["Tiny House","Runic Dome"],"picked":"Philosopher\u0027s Stone"},{"not_picked":["Velvet Choker","Busted Crown"],"picked":"Coffee Dripper"}],"items_purged_floors":[4,28,47],"is_endless":true,"potions_floor_spawned":[7,8,10,11,22,25,30,33,35,42,44,46,48,50,54],"killed_by":"Jaw Worm","ascension_level":9}}