{"host":"a57oumegxze0vmhs","time":1613432649,"event":{"mods":["AchievementEnabler","BaseMod","Colored Powertips","Minty Spire (QoL Compilation)","Relic Stats"],"gold_per_floor":[112,38,57,76,76,407,407,437,515,535,552,552,552,552,552,552,552],"floor_reached":16,"language":"ENG","playtime":350,"items_purged":[],"score":182,"play_id":"1575c2f3-4c96-416f-9920-f81f8cbf86fc","local_time":"20210216014409","is_ascension_mode":true,"campfire_choices":[{"floor":7,"key":"REST"},{"floor":13,"key":"REST"},{"floor":15,"key":"REST"}],"circlet_count":0,"master_deck":["AscendersBane","Strike_G","Strike_G","Strike_G","Strike_G","Strike_G","Defend_G","Defend_G","Defend_G","Defend_G","Defend_G","Survivor","Neutralize","Blade Dance","Accuracy+1","PiercingWail","Poisoned Stab","Choke","Bane","Prepared","Accuracy","Injury"],"relics":["Ring of the Snake","NeowsBlessing","Old Coin","Centennial Puzzle","Ninja Scroll","Sundial","Golden Idol"],"acts_visited":["Exordium"],"potions_floor_usage":[8,16],"damage_taken":[{"damage":0,"enemies":"Cultist","floor":1,"turns":1},{"damage":0,"enemies":"Small Slimes","floor":3,"turns":1},{"damage":0,"enemies":"2 Louse","floor":4,"turns":1},{"damage":30,"enemies":"3 Sentries","floor":6,"turns":9},{"damage":28,"enemies":"Gremlin Nob","floor":8,"turns":4},{"damage":0,"enemies":"Blue Slaver","floor":10,"turns":1},{"damage":0,"enemies":"2 Fungi Beasts","floor":11,"turns":1},{"damage":54,"enemies":"Slime Boss","floor":16,"turns":9}],"seed_played":"4805178225381967004","potions_obtained":[{"floor":4,"key":"Explosive Potion"},{"floor":6,"key":"SkillPotion"},{"floor":11,"key":"SmokeBomb"}],"is_trial":false,"path_per_floor":["M","$","M","M","?","E","R","E","T","M","M","?","R","?","R","B"],"character_chosen":"THE_SILENT","items_purchased":["Accuracy"],"campfire_rested":3,"item_purchase_floors":[2],"current_hp_per_floor":[63,63,63,63,63,33,54,26,26,26,26,8,29,29,50,0,0],"gold":552,"neow_bonus":"THREE_ENEMY_KILL","is_daily":false,"chose_seed":false,"campfire_upgraded":0,"win_rate":0.0,"timestamp":1613432649,"path_taken":["M","$","?","M","?","E","R","E","T","M","M","?","R","?","R","BOSS"],"items_purchased_type":["Card"],"build_version":"2020-12-22","purchased_purges":0,"victory":false,"max_hp_per_floor":[70,70,70,70,70,70,70,70,70,70,70,70,70,70,70,70,70],"relic_stats":{"Centennial Puzzle":[3],"counters":[8,27],"Sundial":[0],"Golden Idol":0,"obtain_stats":[{"Centennial Puzzle":8,"NeowsBlessing":0,"Ninja Scroll":9,"Sundial":12,"Golden Idol":14,"Ring of the Snake":0,"Old Coin":6},{"Centennial Puzzle":5,"NeowsBlessing":0,"Ninja Scroll":5,"Sundial":7,"Golden Idol":7,"Ring of the Snake":0,"Old Coin":4},{"Centennial Puzzle":16,"NeowsBlessing":0,"Ninja Scroll":16,"Sundial":18,"Golden Idol":18,"Ring of the Snake":0,"Old Coin":12}],"Ring of the Snake":[16]},"card_choices":[{"not_picked":["Caltrops","Deadly Poison"],"picked":"Blade Dance","floor":1},{"not_picked":["Acrobatics","Outmaneuver"],"picked":"PiercingWail","floor":3},{"not_picked":["Acrobatics","Dodge and Roll"],"picked":"Poisoned Stab","floor":4},{"not_picked":["Bouncing Flask","Poisoned Stab"],"picked":"Choke","floor":6},{"not_picked":["Unload","Dodge and Roll"],"picked":"Bane","floor":8},{"not_picked":["Calculated Gamble","Outmaneuver"],"picked":"Prepared","floor":10},{"not_picked":["Choke","Tools of the Trade"],"picked":"Accuracy","floor":11}],"player_experience":446429,"relics_obtained":[{"floor":6,"key":"Old Coin"},{"floor":8,"key":"Centennial Puzzle"},{"floor":9,"key":"Ninja Scroll"}],"event_choices":[{"damage_healed":0,"gold_gain":0,"player_choice":"Grow","damage_taken":0,"max_hp_gain":0,"max_hp_loss":0,"event_name":"Living Wall","floor":5,"gold_loss":0,"cards_upgraded":["Accuracy"]},{"damage_healed":0,"gold_gain":0,"player_choice":"Success","damage_taken":18,"relics_obtained":["Sundial"],"max_hp_gain":0,"max_hp_loss":0,"event_name":"Scrap Ooze","floor":12,"gold_loss":0},{"damage_healed":0,"gold_gain":0,"player_choice":"Take Wound","damage_taken":0,"relics_obtained":["Golden Idol"],"max_hp_gain":0,"max_hp_loss":0,"event_name":"Golden Idol","floor":14,"gold_loss":0,"cards_obtained":["Injury"]}],"is_beta":false,"boss_relics":[],"items_purged_floors":[],"is_endless":false,"potions_floor_spawned":[4,6,11],"killed_by":"Slime Boss","ascension_level":13}}