{"host":"u7bb6mvzuirwfcqo","time":1613402415,"event":{"mods":["2.2 Compatiblity","AchievementEnabler","BaseMod","Card Forge","Downfall","Hermit","Minty Spire (QoL Compilation)","Relic Stats","StSLib"],"gold_per_floor":[10,25,42,55,71,84,6,34,34,34,48,48,63,77,77,177,177,195,213,213,213,213],"floor_reached":20,"language":"ENG","playtime":1450,"items_purged":[],"score":182,"play_id":"360c0c05-efea-4948-bbad-f82a473203d7","local_time":"20210215102015","is_ascension_mode":false,"campfire_choices":[{"floor":15,"key":"REST"}],"circlet_count":0,"master_deck":["hexamod:Strike","hexamod:Strike","hexamod:Strike+1","hexamod:Defend","hexamod:Defend","hexamod:Defend","hexamod:Defend","hexamod:Sear","hexamod:Float","hexamod:VolcanoVisage","hexamod:SpectersWail","hexamod:RetreatToShadows","hexamod:Hexaguard","hexamod:EmpoweredFlame","hexamod:UnleashSpirits","hexamod:BacktrackSmack","hexamod:EmpoweredFlame","hexamod:NightmareGuise+1","hexamod:StepThrough","hexamod:RadiantFlame","hexamod:SpectersWail","hexamod:TimeWarp","hexamod:NightmareGuise+1","hexamod:InspiringFlames+1"],"relics":["hexamod:SpiritBrand","Hammer of Thor","Seething Fire","Anvil of the Gods","Question Card","Kunai","bronze:MakeshiftBattery"],"acts_visited":["Exordium","TheCity"],"potions_floor_usage":[11,11,11,16],"damage_taken":[{"damage":0,"enemies":"Small Slimes","floor":1,"turns":3},{"damage":1,"enemies":"Cultist","floor":2,"turns":3},{"damage":1,"enemies":"Jaw Worm","floor":3,"turns":3},{"damage":7,"enemies":"Exordium Thugs","floor":4,"turns":5},{"damage":19,"enemies":"Exordium Wildlife","floor":5,"turns":4},{"damage":17,"enemies":"Large Slime","floor":6,"turns":4},{"damage":1,"enemies":"3 Sentries","floor":8,"turns":6},{"damage":0,"enemies":"Gremlin Gang","floor":11,"turns":2},{"damage":2,"enemies":"Exordium Thugs","floor":13,"turns":5},{"damage":6,"enemies":"Large Slime","floor":14,"turns":6},{"damage":13,"enemies":"The Guardian","floor":16,"turns":12},{"damage":32,"enemies":"Spheric Guardian","floor":18,"turns":7},{"damage":17,"enemies":"2 Thieves","floor":19,"turns":4},{"damage":28,"enemies":"Cultist and Chosen","floor":20,"turns":5}],"seed_played":"-8393015407685487915","potions_obtained":[{"floor":2,"key":"Explosive Potion"},{"floor":5,"key":"Regen Potion"},{"floor":6,"key":"Explosive Potion"},{"floor":11,"key":"Weak Potion"},{"floor":18,"key":"Guardian:BlockOnCardUsePotion"}],"is_trial":false,"path_per_floor":["M","M","M","M","M","M","$","E","T","?","M","?","M","M","R","B",null,"M","M","M"],"character_chosen":"THE_SPIRIT","items_purchased":["hexamod:EmpoweredFlame"],"campfire_rested":1,"item_purchase_floors":[7],"current_hp_per_floor":[70,69,68,61,42,25,25,24,24,10,19,19,17,11,32,19,70,38,21,0,0,0],"gold":213,"neow_bonus":"THREE_RARE_CARDS","is_daily":false,"chose_seed":false,"campfire_upgraded":0,"win_rate":0.0,"timestamp":1613402415,"path_taken":["M","M","M","M","M","M","$","E","T","?","M","?","M","M","R","BOSS","M","M","?"],"items_purchased_type":["Card"],"build_version":"2020-12-22","purchased_purges":0,"victory":false,"max_hp_per_floor":[70,70,70,70,70,70,70,70,70,70,70,70,70,70,70,70,70,70,70,70,70,70],"relic_stats":{"counters":[14,69],"Kunai":[5],"Question Card":6,"obtain_stats":[{"Anvil of the Gods":0,"Hammer of Thor":0,"Seething Fire":0,"Kunai":9,"Question Card":8,"hexamod:SpiritBrand":0,"bronze:MakeshiftBattery":17},{"Anvil of the Gods":0,"Hammer of Thor":0,"Seething Fire":0,"Kunai":7,"Question Card":7,"hexamod:SpiritBrand":0,"bronze:MakeshiftBattery":11},{"Anvil of the Gods":0,"Hammer of Thor":0,"Seething Fire":0,"Kunai":28,"Question Card":28,"hexamod:SpiritBrand":0,"bronze:MakeshiftBattery":53}]},"card_choices":[{"not_picked":["hexamod:SearingWound","hexamod:SixthSeal"],"picked":"hexamod:VolcanoVisage","floor":0},{"not_picked":["hexamod:FastForward","hexamod:Firestarter"],"picked":"hexamod:SpectersWail","floor":1},{"not_picked":["hexamod:BacktrackSmack","hexamod:PhantomFireball"],"picked":"hexamod:RetreatToShadows","floor":2},{"not_picked":["hexamod:Firestarter","hexamod:FirstSeal"],"picked":"hexamod:Hexaguard","floor":3},{"not_picked":["hexamod:NecessarySacrifice","hexamod:InspiringFlames"],"picked":"hexamod:EmpoweredFlame","floor":4},{"not_picked":["hexamod:RetreatToShadows","hexamod:Firestarter"],"picked":"hexamod:UnleashSpirits","floor":5},{"not_picked":["hexamod:RainOfEmbers","hexamod:SecondSeal"],"picked":"hexamod:BacktrackSmack","floor":6},{"not_picked":["hexamod:HauntingEcho","hexamod:Firestarter"],"picked":"hexamod:NightmareGuise","floor":8},{"not_picked":["hexamod:HeatShield","hexamod:SpectersWail","hexamod:SwordOfDarkness"],"picked":"hexamod:StepThrough","floor":11},{"not_picked":["hexamod:Rewind","hexamod:PhantomFireball","hexamod:GhostShield"],"picked":"hexamod:RadiantFlame","floor":13},{"not_picked":["hexamod:NightmareStrike","hexamod:ShieldOfDarkness","hexamod:SwordOfDarkness"],"picked":"hexamod:SpectersWail","floor":14},{"not_picked":["hexamod:UnlimitedPower","hexamod:GhostflameInferno","hexamod:WildfireWeapon"],"picked":"hexamod:TimeWarp","floor":16},{"not_picked":["hexamod:HeatMetal","hexamod:ThermalTransfer","hexamod:Hexaguard"],"picked":"hexamod:NightmareGuise+1","floor":18},{"not_picked":["hexamod:ChargedBarrage","hexamod:StepThrough+1","hexamod:SwordOfDarkness"],"picked":"hexamod:InspiringFlames+1","floor":19}],"player_experience":78219,"relics_obtained":[{"floor":8,"key":"Question Card"},{"floor":9,"key":"Kunai"}],"event_choices":[{"damage_healed":0,"gold_gain":0,"player_choice":"Entered Light","damage_taken":14,"max_hp_gain":0,"max_hp_loss":0,"event_name":"Shining Light","floor":10,"gold_loss":0,"cards_upgraded":["hexamod:NightmareGuise","hexamod:Strike"]},{"cards_removed":["hexamod:Strike"],"damage_healed":0,"gold_gain":0,"player_choice":"Purged","damage_taken":0,"max_hp_gain":0,"max_hp_loss":0,"event_name":"Purifier","floor":12,"gold_loss":0}],"is_beta":false,"boss_relics":[{"not_picked":["Velvet Choker","SacredBark"],"picked":"bronze:MakeshiftBattery"}],"items_purged_floors":[],"is_endless":false,"potions_floor_spawned":[2,5,6,11,18],"killed_by":"Cultist and Chosen","ascension_level":0}}