{"host":"c83fcgyuu74iknko","time":1613371808,"event":{"mods":["BaseMod","BetterRewards","Colored Map","Colored Powertips","Minty Spire (QoL Compilation)","Quick Restart","StSLib","The Animator","The Senshi"],"gold_per_floor":[112,126,137,154,104,104,116,116,139,164,192,192,16,27,27,129,129,142,156,156,156,156,183,183,211,211,239,250,250,262,14,14,109,109,121,121,121,134,134,134,148,148,148,148,48,76,86,106,106,106,106,106,23,23,23],"floor_reached":54,"language":"ENG","playtime":3488,"items_purged":["Strike_B+1","Streamline"],"score":725,"play_id":"89a4cb60-7904-43a9-a542-4cf0c6691eab","local_time":"20210214225008","is_ascension_mode":false,"campfire_choices":[{"data":"Redo","floor":6.0,"key":"SMITH"},{"data":"Defragment","floor":8.0,"key":"SMITH"},{"data":"Fusion","floor":12.0,"key":"SMITH"},{"data":"Mayhem","floor":15.0,"key":"SMITH"},{"data":"Recycle","floor":24.0,"key":"SMITH"},{"floor":29.0,"key":"REST"},{"data":"Double Energy","floor":32.0,"key":"SMITH"},{"data":"Zap","floor":40.0,"key":"SMITH"},{"data":"Storm","floor":42.0,"key":"SMITH"},{"floor":49,"key":"RECALL"},{"data":"White Noise","floor":52,"key":"SMITH"}],"circlet_count":0,"master_deck":["Defend_B","Defend_B","Zap+1","Dualcast+1","Coolheaded","White Noise+1","Redo+1","Defragment+1","Fusion+1","Hello World","Mayhem+1","Double Energy+1","Thunder Strike","Capacitor","Recycle+1","Storm","Storm+1","Conserve Battery+1","Force Field","Beam Cell","Recycle+1","Storm","Dramatic Entrance","Buffer","Beam Cell+1","BootSequence","Redo+1","Gash","Swift Strike"],"relics":["Cracked Core","Bag of Marbles","Whetstone","Odd Mushroom","Regal Pillow","Runic Dome","Unceasing Top","Bag of Preparation","Lantern","Question Card","Empty Cage","Incense Burner","Toy Ornithopter"],"acts_visited":["TheEnding"],"potions_floor_usage":[50,50,50],"damage_taken":[{"damage":0.0,"enemies":"Cultist","floor":1.0,"turns":1.0},{"damage":0.0,"enemies":"Jaw Worm","floor":2.0,"turns":1.0},{"damage":0.0,"enemies":"Small Slimes","floor":3.0,"turns":2.0},{"damage":0.0,"enemies":"Exordium Thugs","floor":4.0,"turns":3.0},{"damage":0.0,"enemies":"Red Slaver","floor":7.0,"turns":2.0},{"damage":17.0,"enemies":"The Mushroom Lair","floor":10.0,"turns":5.0},{"damage":5.0,"enemies":"3 Sentries","floor":11.0,"turns":4.0},{"damage":0.0,"enemies":"Exordium Wildlife","floor":14.0,"turns":2.0},{"damage":18.0,"enemies":"Hexaghost","floor":16.0,"turns":6.0},{"damage":9.0,"enemies":"Shell Parasite","floor":18.0,"turns":3.0},{"damage":5.0,"enemies":"Spheric Guardian","floor":19.0,"turns":3.0},{"damage":11.0,"enemies":"Gremlin Leader","floor":23.0,"turns":3.0},{"damage":11.0,"enemies":"Book of Stabbing","floor":25.0,"turns":4.0},{"damage":7.0,"enemies":"Gremlin Leader","floor":27.0,"turns":2.0},{"damage":15.0,"enemies":"Centurion and Healer","floor":28.0,"turns":3.0},{"damage":0.0,"enemies":"Snecko","floor":30.0,"turns":1.0},{"damage":9.0,"enemies":"Champ","floor":33.0,"turns":4.0},{"damage":3.0,"enemies":"3 Shapes","floor":35.0,"turns":1.0},{"damage":0.0,"enemies":"Orb Walker","floor":38.0,"turns":1.0},{"damage":0.0,"enemies":"Transient","floor":41.0,"turns":1.0},{"damage":0.0,"enemies":"Giant Head","floor":46.0,"turns":1.0},{"damage":5,"enemies":"Writhing Mass","floor":47,"turns":3},{"damage":0,"enemies":"Spire Growth","floor":48,"turns":3},{"damage":45,"enemies":"Time Eater","floor":50,"turns":7},{"damage":76,"enemies":"Shield and Spear","floor":54,"turns":3}],"seed_played":"-8498907583359411041","potions_obtained":[{"floor":2.0,"key":"DistilledChaos"},{"floor":3.0,"key":"DistilledChaos"},{"floor":7.0,"key":"DuplicationPotion"},{"floor":16.0,"key":"Fire Potion"},{"floor":19.0,"key":"ColorlessPotion"},{"floor":25.0,"key":"DistilledChaos"},{"floor":28.0,"key":"DuplicationPotion"},{"floor":38.0,"key":"Fire Potion"},{"floor":46,"key":"Fire Potion"}],"is_trial":false,"path_per_floor":["M","M","M","M","?","R","M","R","T","?","E","R","$","M","R","B",null,"M","M","T","?","?","E","R","E","T","E","M","R","M","$","R","B",null,"M","?","?","M","?","R","M","R","T","?","$","E","M","M","R","B",null,"R","$","E"],"character_chosen":"DEFECT","items_purchased":["Mayhem","Storm","Dramatic Entrance","Swift Strike"],"campfire_rested":1,"item_purchase_floors":[13,31,31,53],"current_hp_per_floor":[75,75,75,75,75,75,75,75,75,58,53,53,53,53,53,35,75,66,61,61,61,61,50,50,39,39,32,17,54,54,54,54,45,75,72,72,71,71,71,71,71,71,71,71,71,71,66,66,66,36,71,71,71,0,0],"gold":23,"neow_bonus":"RANDOM_COMMON_RELIC","is_daily":false,"chose_seed":false,"campfire_upgraded":9,"win_rate":0.0,"timestamp":1613371808,"path_taken":["M","?","?","M","?","R","M","R","T","?","E","R","$","?","R","BOSS","M","M","?","?","?","E","R","E","T","E","M","R","M","$","R","BOSS","M","?","?","M","?","R","M","R","T","?","$","E","M","?","R","BOSS","R","$","E"],"items_purchased_type":["Card","Card","Card","Card"],"build_version":"2020-12-22","purchased_purges":2,"victory":false,"max_hp_per_floor":[75,75,75,75,75,75,75,75,75,75,75,75,75,75,75,75,75,75,75,75,75,75,75,75,75,75,75,75,75,75,75,75,75,75,75,75,71,71,71,71,71,71,71,71,71,71,71,71,71,71,71,71,71,71,71],"card_choices":[{"not_picked":["Steam","Cold Snap"],"picked":"Coolheaded","floor":1.0},{"not_picked":["Hello World","Turbo"],"picked":"White Noise","floor":2.0},{"not_picked":["Ball Lightning","Coolheaded"],"picked":"Redo","floor":3.0},{"not_picked":["Compile Driver","Turbo","Steam"],"picked":"SKIP","floor":4.0},{"not_picked":["Sweeping Beam","Amplify"],"picked":"Defragment","floor":7.0},{"not_picked":["Ball Lightning","Stack"],"picked":"Fusion","floor":10.0},{"not_picked":["Hologram","Leap"],"picked":"Hello World","floor":11.0},{"not_picked":["Cold Snap","Conserve Battery"],"picked":"Double Energy","floor":14.0},{"not_picked":["Biased Cognition","Meteor Strike"],"picked":"Thunder Strike","floor":16.0},{"not_picked":["Leap","Steam"],"picked":"Capacitor","floor":18.0},{"not_picked":["Barrage","Hello World"],"picked":"Recycle","floor":19.0},{"not_picked":["Core Surge","Darkness"],"picked":"Storm","floor":23.0},{"not_picked":["Biased Cognition","Leap"],"picked":"Conserve Battery+1","floor":25.0},{"not_picked":["Compile Driver","Genetic Algorithm+1"],"picked":"Force Field","floor":27.0},{"not_picked":["Barrage+1","Leap","Sweeping Beam"],"picked":"Beam Cell","floor":28.0},{"not_picked":["Doom and Gloom","Chaos","Reprogram"],"picked":"Recycle+1","floor":30.0},{"not_picked":["Fission","Thunder Strike","Amplify"],"picked":"Buffer","floor":33.0},{"not_picked":["Compile Driver+1","Stack+1","Sweeping Beam+1"],"picked":"Beam Cell+1","floor":35.0},{"not_picked":["Steam+1","Cold Snap","Coolheaded+1"],"picked":"BootSequence","floor":38.0},{"not_picked":["Streamline","Machine Learning","Turbo"],"picked":"Redo+1","floor":41.0},{"not_picked":["Sweeping Beam","Leap","Barrage+1"],"picked":"Gash","floor":46},{"not_picked":["Hologram","Coolheaded","Leap","Compile Driver"],"picked":"SKIP","floor":47},{"not_picked":["Hologram+1","Auto Shields","Cold Snap+1","Leap"],"picked":"SKIP","floor":48}],"player_experience":286526,"relics_obtained":[{"floor":9.0,"key":"Whetstone"},{"floor":10.0,"key":"Odd Mushroom"},{"floor":11.0,"key":"Regal Pillow"},{"floor":20.0,"key":"Unceasing Top"},{"floor":23.0,"key":"Bag of Preparation"},{"floor":25.0,"key":"Lantern"},{"floor":27.0,"key":"Question Card"},{"floor":43.0,"key":"Incense Burner"},{"floor":46,"key":"Toy Ornithopter"}],"event_choices":[{"cards_removed":["Strike_B"],"damage_healed":0.0,"max_hp_gain":0.0,"max_hp_loss":0.0,"gold_gain":0.0,"event_name":"The Cleric","player_choice":"Card Removal","floor":5.0,"gold_loss":50.0,"damage_taken":0.0},{"damage_healed":0.0,"max_hp_gain":0.0,"max_hp_loss":0.0,"gold_gain":0.0,"event_name":"Mushrooms","player_choice":"Fought Mushrooms","floor":10.0,"gold_loss":0.0,"damage_taken":0.0},{"damage_healed":0.0,"max_hp_gain":0.0,"max_hp_loss":0.0,"gold_gain":0.0,"event_name":"Ghosts","player_choice":"Ignored","floor":21.0,"gold_loss":0.0,"damage_taken":0.0},{"damage_healed":0.0,"max_hp_gain":0.0,"max_hp_loss":0.0,"gold_gain":0.0,"cards_transformed":["Strike_B","Defend_B"],"event_name":"Drug Dealer","player_choice":"Became Test Subject","floor":22.0,"gold_loss":0.0,"damage_taken":0.0,"cards_obtained":["Streamline","Storm"]},{"damage_healed":0.0,"max_hp_gain":0.0,"max_hp_loss":0.0,"gold_gain":0.0,"event_name":"Mysterious Sphere","player_choice":"Ignored","floor":36.0,"gold_loss":0.0,"damage_taken":0.0},{"damage_healed":0.0,"max_hp_gain":0.0,"max_hp_loss":4.0,"gold_gain":0.0,"event_name":"Winding Halls","player_choice":"Max HP","floor":37.0,"gold_loss":0.0,"damage_taken":0.0},{"damage_healed":0.0,"max_hp_gain":0.0,"max_hp_loss":0.0,"gold_gain":0.0,"event_name":"Tomb of Lord Red Mask","player_choice":"Ignored","floor":39.0,"gold_loss":0.0,"damage_taken":0.0},{"damage_healed":0.0,"max_hp_gain":0.0,"max_hp_loss":0.0,"gold_gain":0.0,"event_name":"Upgrade Shrine","player_choice":"Upgraded","floor":44.0,"gold_loss":0.0,"damage_taken":0.0,"cards_upgraded":["Dualcast"]}],"is_beta":false,"boss_relics":[{"not_picked":["Ectoplasm","Coffee Dripper"],"picked":"Runic Dome"},{"not_picked":["Astrolabe","Cursed Key"],"picked":"Empty Cage"}],"items_purged_floors":[31,45],"is_endless":false,"potions_floor_spawned":[2,3,7,16,19,25,28,38,46,48],"killed_by":"Shield and Spear","ascension_level":0}}