{"host":"8d3fefv2347kqkpz","time":1613418711,"event":{"mods":["AchievementEnabler","Aspiration","BaseMod","Better Vampires","BetterRewards","Colored Map","Colored Powertips","Downfall","Emptier Cage","Highlight Path","Marked Mod","Minty Spire (QoL Compilation)","Quick Restart","Rare Cards Sparkle","Relic Stats","Spicy Shops","StSLib","Waifu the Spire"],"gold_per_floor":[99,99,249,260,260,293,317,217,12,12,29,29,43,61,71,173,173,173,189,189,189,263,263,263,263],"floor_reached":23,"language":"ZHS","playtime":721,"items_purged":["downfall:Icky"],"score":187,"play_id":"3996ef00-9083-483c-998d-02ca8b235874","local_time":"20210216035151","is_ascension_mode":false,"campfire_choices":[{"data":"sneckomod:SnekBite","floor":1.0,"key":"SMITH"},{"floor":8.0,"key":"REST"},{"data":"sneckomod:SoulRoll","floor":10.0,"key":"SMITH"},{"data":"sneckomod:UnknownClassPURPLE","floor":12.0,"key":"SMITH"}],"circlet_count":0,"master_deck":["sneckomod:Strike","sneckomod:Defend+1","sneckomod:Defend","sneckomod:Defend","sneckomod:TailWhip","sneckomod:SnekBite+1","sneckomod:Unknown","sneckomod:Unknown","sneckomod:SoulRoll+1","sneckomod:UnknownUncommonAttack","sneckomod:UnknownClassPURPLE+1","sneckomod:UnknownBoss","sneckomod:SnakeSap","sneckomod:SlitherStrike","sneckomod:MorePower","Omniscience+1","sneckomod:UnknownRareAttack+1","sneckomod:UnknownRarePower+1","sneckomod:UnknownDraw"],"relics":["sneckomod:SneckoSoul","Gremlin Horn","War Paint","downfall:HeartBlessingGreen","Membership Card","Fusion Hammer","Sundial"],"acts_visited":["Exordium","TheCity"],"potions_floor_usage":[],"damage_taken":[{"damage":3.0,"enemies":"Jaw Worm","floor":4.0,"turns":4.0},{"damage":51.0,"enemies":"Gremlin Nob","floor":6.0,"turns":6.0},{"damage":0.0,"enemies":"downfall:FleeingMerchant","floor":9.0,"turns":4.0},{"damage":0.0,"enemies":"Small Slimes","floor":11.0,"turns":2.0},{"damage":6.0,"enemies":"2 Louse","floor":13.0,"turns":2.0},{"damage":1.0,"enemies":"Blue Slaver","floor":14.0,"turns":4.0},{"damage":20.0,"enemies":"Red Slaver","floor":15.0,"turns":5.0},{"damage":37.0,"enemies":"IC_STATUS_ARCHETYPE","floor":16.0,"turns":9.0},{"damage":25.0,"enemies":"Shell Parasite","floor":19.0,"turns":6.0},{"damage":76,"enemies":"Slavers","floor":23,"turns":4}],"seed_played":"8248842465942699743","potions_obtained":[{"floor":6.0,"key":"SpeedPotion"},{"floor":13.0,"key":"SpeedPotion"},{"floor":15.0,"key":"bronze:BurnAndBuffPotion"},{"floor":16.0,"key":"Regen Potion"}],"is_trial":false,"path_per_floor":["R","?","?","M","?","E","T","R","$","R","M","R","M","M","M","B",null,"R","M","?","?","T","E"],"character_chosen":"THE_SNECKO","items_purchased":["Membership Card"],"campfire_rested":1,"item_purchase_floors":[9],"current_hp_per_floor":[99,99,99,96,96,45,45,74,74,74,74,74,72,71,51,14,99,99,74,74,74,74,0,0,0],"gold":263,"neow_bonus":"TEN_PERCENT_HP_BONUS","is_daily":false,"chose_seed":false,"campfire_upgraded":3,"win_rate":0.0,"timestamp":1613418711,"path_taken":["R","?","?","?","?","E","T","R","?","R","?","R","M","M","M","BOSS","R","M","?","?","?","E"],"items_purchased_type":["Relic"],"build_version":"2020-12-22","purchased_purges":1,"victory":false,"max_hp_per_floor":[99,99,99,99,99,99,99,99,99,99,99,99,99,99,99,99,99,99,99,99,99,99,99,99,99],"relic_stats":{"Gremlin Horn":[3,3],"counters":[10,46],"Sundial":[0],"War Paint":["sneckomod:Defend","sneckomod:UnknownRareSkill"],"obtain_stats":[{"Gremlin Horn":6,"Sundial":22,"downfall:HeartBlessingGreen":8,"Fusion Hammer":17,"Membership Card":9,"War Paint":7,"sneckomod:SneckoSoul":0},{"Gremlin Horn":2,"Sundial":9,"downfall:HeartBlessingGreen":2,"Fusion Hammer":8,"Membership Card":3,"War Paint":2,"sneckomod:SneckoSoul":0},{"Gremlin Horn":10,"Sundial":42,"downfall:HeartBlessingGreen":10,"Fusion Hammer":36,"Membership Card":14,"War Paint":10,"sneckomod:SneckoSoul":0}]},"card_choices":[{"not_picked":["sneckomod:CheapStock","sneckomod:UnknownCommonAttack"],"picked":"sneckomod:SoulRoll","floor":4.0},{"not_picked":["sneckomod:SoulDraw","sneckomod:DiceCrush"],"picked":"sneckomod:UnknownRareSkill","floor":6.0},{"not_picked":["sneckomod:UnknownColorless","sneckomod:Unknown1Cost"],"picked":"sneckomod:UnknownUncommonAttack","floor":9.0},{"not_picked":["sneckomod:UnknownCommonSkill","sneckomod:UnknownClassHEXA_GHOST_PURPLE"],"picked":"sneckomod:UnknownClassPURPLE","floor":11.0},{"not_picked":["sneckomod:SoulRoll","sneckomod:QuickMove"],"picked":"sneckomod:UnknownBoss","floor":13.0},{"not_picked":["sneckomod:MasterEye","sneckomod:UnknownUncommonSkill"],"picked":"sneckomod:SnakeSap","floor":14.0},{"not_picked":["sneckomod:UnknownClassHEXA_GHOST_PURPLE","sneckomod:TrashToTreasure"],"picked":"sneckomod:SlitherStrike","floor":15.0},{"not_picked":["sneckomod:UnknownBoss","sneckomod:SerpentMind"],"picked":"sneckomod:MorePower","floor":16.0},{"not_picked":["sneckomod:UnknownExhaust+1","sneckomod:Unknown0Cost+1"],"picked":"sneckomod:UnknownRareAttack+1","floor":19.0},{"not_picked":["sneckomod:UnknownRareSkill+1","sneckomod:UnknownColorless+1"],"picked":"sneckomod:UnknownRarePower+1","floor":19.0},{"not_picked":["sneckomod:UnendingSupply","sneckomod:UnknownCommonAttack"],"picked":"sneckomod:UnknownDraw","floor":19.0}],"player_experience":397911,"relics_obtained":[{"floor":6.0,"key":"Gremlin Horn"},{"floor":7.0,"key":"War Paint"},{"floor":22.0,"key":"Sundial"}],"event_choices":[],"is_beta":false,"boss_relics":[{"not_picked":["aspiration:RunicSpoon","aspiration:FutureDiary"],"picked":"Fusion Hammer"}],"items_purged_floors":[9],"is_endless":false,"potions_floor_spawned":[6,13,15,16],"killed_by":"Slavers","ascension_level":0}}