{"host":"06h77atpgiec8kbk","time":1613374947,"event":{"mods":["Act Like it!","Arknights","Aspiration","Bard","BaseMod","Bossed Relics","Colored Powertips","Downfall","Energized Spire","Hermit","Marisa£®ÏF”Í°°ƒß¿Ì…≥£©","Minty Spire (QoL Compilation)","Quick Restart","Reimu£®≤©¿ˆ¡È√Œ£©","Relic Stats","Reliquary","Replay The Spire","StSLib","The Construct","The Cursed","The Gatherer","The Hierophant","The Runesmith","[GremlinLeader]The Maniac"],"gold_per_floor":[99,119,139,139,139,39,66,96,29,76,88,88,115,134,151,248,248,48,62,76,61,75,75,157,357,357,372,372,372,397,105,105,204,204,204,214,262,507,527,527,527,283,283,104,118,145,158,158,174,174,174,206,17,17,17,17,17],"floor_reached":55,"language":"ZHS","playtime":3876,"items_purged":["Regret","Regret","CommonCold","Guardian:AncientConstruct+1"],"score":1025,"play_id":"fb9015fe-a96a-4da3-b79d-7103f91c4eae","local_time":"20210215154227","is_ascension_mode":true,"campfire_choices":[{"floor":1.0,"key":"RECALL"},{"data":"Guardian:FastForward","floor":6.0,"key":"SMITH"},{"data":"Guardian:WalkerClaw","floor":12.0,"key":"SMITH"},{"data":"Guardian:GemFinder","floor":18.0,"key":"SMITH"},{"data":"Guardian:TwinSlam","floor":29.0,"key":"SMITH"},{"data":"downfall:Haunted","floor":35.0,"key":"PURGE"},{"data":"Guardian:CurlUp","floor":43.0,"key":"SMITH"},{"data":"Guardian:Orbwalk","floor":54.0,"key":"SMITH"}],"circlet_count":0,"master_deck":["Guardian:Defend_Guardian","Guardian:Defend_Guardian","Guardian:Defend_Guardian","Guardian:Defend_Guardian","Guardian:CurlUp+1","Guardian:TwinSlam+1","Guardian:FastForward+1","Guardian:WalkerClaw+1","Guardian:Planning+1","Guardian:Orbwalk+1","Guardian:Suspension+1","Guardian:StasisStrike+1","Guardian:Planning+1","Guardian:GemFinder+1","Guardian:WalkerClaw+1","Guardian:Planning+1","Guardian:PiercingHide+1","Slimebound:Tackle+1","Slimebound:Tackle+1","Slimebound:Tackle+1","Guardian:GemFire+1","Guardian:Recover+1","Guardian:PiercingHide+1","Guardian:Gem_Blue","Guardian:PiercingHide+1","Guardian:ChargeUp+1","Guardian:WalkerClaw+1","Guardian:WalkerClaw+1","Trip+1","Guardian:DonusPower+1","Guardian:BronzeArmor+1","Parasite","Guardian:Gem_Cyan","Guardian:PiercingHide+1","Guardian:TimeCapacitor+1"],"relics":["Guardian:ModeShifter","Toxic Egg 2","downfall:HeartBlessingRed","HornCleat","reliquary:ExpiredCoupon","Replay:Ancient Bell","RuthlessExorcism:ReiMu","Blue Candle","Mango","downfall:HeartBlessingGreen","downfall:HeartBlessingBlue","Golden Egg","MealTicket","Bronze Scales","Coffee Dripper","Whetstone","reliquary:BallBearing","Orichalcum"],"acts_visited":["Exordium","TheCity","TheBeyond","TheEnding"],"potions_floor_usage":[],"damage_taken":[{"damage":8.0,"enemies":"Jaw Worm","floor":2.0,"turns":5.0},{"damage":0.0,"enemies":"2 Louse","floor":3.0,"turns":2.0},{"damage":25.0,"enemies":"Lagavulin","floor":8.0,"turns":11.0},{"damage":0.0,"enemies":"downfall:FleeingMerchant","floor":9.0,"turns":4.0},{"damage":0.0,"enemies":"Small Slimes","floor":11.0,"turns":2.0},{"damage":8.0,"enemies":"Replay:BlueRogue","floor":13.0,"turns":5.0},{"damage":6.0,"enemies":"3 Louse","floor":14.0,"turns":2.0},{"damage":6.0,"enemies":"2 Fungi Beasts","floor":15.0,"turns":3.0},{"damage":12.0,"enemies":"SI_SHIV_ARCHETYPE","floor":16.0,"turns":6.0},{"damage":11.0,"enemies":"Shell Parasite","floor":19.0,"turns":5.0},{"damage":20.0,"enemies":"Spheric Guardian","floor":20.0,"turns":5.0},{"damage":3.0,"enemies":"downfall:FleeingMerchant","floor":21.0,"turns":4.0},{"damage":8.0,"enemies":"Chosen and Byrds","floor":22.0,"turns":7.0},{"damage":16.0,"enemies":"Sentry and Sphere","floor":27.0,"turns":6.0},{"damage":17.0,"enemies":"Book of Stabbing","floor":30.0,"turns":4.0},{"damage":3.0,"enemies":"downfall:FleeingMerchant","floor":31.0,"turns":4.0},{"damage":1.0,"enemies":"Shelled Parasite and Fungi","floor":32.0,"turns":2.0},{"damage":3.0,"enemies":"WA_ARCHETYPE_CALM","floor":33.0,"turns":5.0},{"damage":1.0,"enemies":"3 Darklings","floor":36.0,"turns":3.0},{"damage":0.0,"enemies":"downfall:FleeingMerchant","floor":38.0,"turns":2.0},{"damage":1.0,"enemies":"3 Shapes","floor":39.0,"turns":4.0},{"damage":0.0,"enemies":"Jaw Worm Horde","floor":45.0,"turns":3.0},{"damage":9.0,"enemies":"R_Hoarder","floor":46.0,"turns":7.0},{"damage":4.0,"enemies":"Writhing Mass","floor":47.0,"turns":3.0},{"damage":0.0,"enemies":"Sphere and 2 Shapes","floor":49.0,"turns":3.0},{"damage":41.0,"enemies":"DF_ARCHETYPE_ORBS","floor":50.0,"turns":8.0},{"damage":11.0,"enemies":"downfall:CharBossMerchant","floor":52.0,"turns":3.0},{"damage":101,"enemies":"downfall:NeowBoss","floor":55,"turns":15}],"seed_played":"3611110116326417643","potions_obtained":[{"floor":2.0,"key":"Doom Potion"},{"floor":11.0,"key":"LiquidBronze"},{"floor":16.0,"key":"Block Potion"},{"floor":20.0,"key":"GamblersBrew"},{"floor":22.0,"key":"Reflective Coating"},{"floor":27.0,"key":"SmokeBomb"},{"floor":33.0,"key":"LiquidMemories"},{"floor":36.0,"key":"Swift Potion"},{"floor":37.0,"key":"Energy Potion"},{"floor":37.0,"key":"EssenceOfSteel"},{"floor":39.0,"key":"Fire Potion"},{"floor":45.0,"key":"Regen Potion"},{"floor":46.0,"key":"Weak Potion"}],"is_trial":false,"path_per_floor":["R","M","M","?","?","R","T","E","$","T","M","R","E","M","M","B",null,"R","M","M","$","M","?","T","?","?","M","?","R","E","$","M","B",null,"R","M","?","$","M","?","T","$","R","$","M","E","M","?","M","B",null,"E","$","R","B"],"character_chosen":"GUARDIAN","items_purchased":["Guardian:Orbwalk","Guardian:PiercingHide+1","Bronze Scales","Guardian:ChargeUp+1","Guardian:WalkerClaw","Guardian:WalkerClaw","Guardian:Gem_Yellow","Trip+1","Guardian:TimeCapacitor"],"campfire_rested":0,"item_purchase_floors":[9,31,31,42,42,44,44,44,53],"current_hp_per_floor":[72,64,64,64,64,64,64,39,39,39,39,39,31,25,19,7,86,96,85,65,62,54,54,54,54,64,48,48,48,31,43,42,39,96,96,95,71,86,85,85,85,96,96,96,96,87,83,83,83,56,96,85,96,96,0,0,0],"gold":17,"neow_bonus":"THREE_RARE_CARDS","is_daily":false,"chose_seed":false,"campfire_upgraded":6,"win_rate":0.0,"timestamp":1613374947,"path_taken":["R","M","M","?","?","R","T","E","$","?","M","R","E","M","M","BOSS","R","M","M","$","M","?","T","?","?","?","?","R","E","?","M","BOSS","R","M","?","?","M","?","T","$","R","?","M","E","M","?","M","BOSS","E","$","R","BOSS"],"items_purchased_type":["Card","Card","Relic","Card","Card","Card","Card","Card","Card"],"build_version":"2020-12-22","purchased_purges":4,"victory":false,"max_hp_per_floor":[72,72,72,72,72,72,72,72,72,72,72,72,72,72,72,72,86,96,96,96,96,96,96,96,96,96,96,96,96,96,96,96,96,96,96,96,96,96,96,96,96,96,96,96,96,96,96,96,96,96,96,96,96,96,96,96,96],"relic_stats":{"counters":[28,132],"Blue Candle":[16],"Bronze Scales":[103],"MealTicket":52,"Whetstone":["Guardian:StasisStrike"],"Orichalcum":[0],"obtain_stats":[{"Gremlin Food":13,"Golden Egg":24,"downfall:HeartBlessingRed":6,"Blue Candle":17,"Guardian:ModeShifter":0,"Mango":17,"downfall:HeartBlessingGreen":18,"Replay:Ancient Bell":17,"Whetstone":41,"Orichalcum":52,"reliquary:ExpiredCoupon":10,"HornCleat":8,"downfall:HeartBlessingBlue":18,"Bronze Scales":31,"MealTicket":30,"reliquary:BallBearing":46,"Coffee Dripper":34,"Toxic Egg 2":4,"RuthlessExorcism:ReiMu":17},{"Gremlin Food":6,"Golden Egg":13,"downfall:HeartBlessingRed":2,"Blue Candle":9,"Guardian:ModeShifter":0,"Mango":9,"downfall:HeartBlessingGreen":9,"Replay:Ancient Bell":9,"Whetstone":21,"Orichalcum":27,"reliquary:ExpiredCoupon":4,"HornCleat":3,"downfall:HeartBlessingBlue":9,"Bronze Scales":16,"MealTicket":15,"reliquary:BallBearing":23,"Coffee Dripper":18,"Toxic Egg 2":2,"RuthlessExorcism:ReiMu":9},{"Gremlin Food":28,"Golden Egg":60,"downfall:HeartBlessingRed":7,"Blue Candle":39,"Guardian:ModeShifter":0,"Mango":39,"downfall:HeartBlessingGreen":39,"Replay:Ancient Bell":39,"Whetstone":90,"Orichalcum":117,"reliquary:ExpiredCoupon":21,"HornCleat":17,"downfall:HeartBlessingBlue":39,"Bronze Scales":74,"MealTicket":70,"reliquary:BallBearing":100,"Coffee Dripper":81,"Toxic Egg 2":7,"RuthlessExorcism:ReiMu":39}]},"card_choices":[{"not_picked":["Guardian:StasisEngine","Guardian:CompilePackage"],"picked":"Guardian:FastForward","floor":0.0},{"not_picked":["Guardian:BronzeOrb","Guardian:ShieldCharger"],"picked":"Guardian:Gem_Crimson","floor":2.0},{"not_picked":["Guardian:Reroute","Guardian:Incinerate"],"picked":"Guardian:Gem_Purple","floor":3.0},{"not_picked":["Guardian:Gem_Fragmented","Guardian:Gem_Crimson"],"picked":"Guardian:WalkerClaw","floor":8.0},{"not_picked":["Guardian:RefractedBeam","Guardian:Gem_Lightblue"],"picked":"Guardian:Planning+1","floor":9.0},{"not_picked":["Guardian:BronzeArmor+1","Guardian:PolyBeam"],"picked":"Guardian:Suspension+1","floor":11.0},{"not_picked":["Guardian:PrimingBeam","Guardian:Gem_Lightblue"],"picked":"Guardian:StasisStrike","floor":13.0},{"not_picked":["Guardian:ShieldCharger+1","Guardian:RollAttack"],"picked":"Guardian:Planning+1","floor":14.0},{"not_picked":["Guardian:TemporalStrike","Guardian:Incinerate","Guardian:CompilePackage+1"],"picked":"SKIP","floor":15.0},{"not_picked":["Guardian:ExploitGems+1","Guardian:Gem_Orange"],"picked":"Guardian:GemFinder","floor":16.0},{"not_picked":["hermit:ImpendingDoom","Looming Evil"],"picked":"Regret","floor":17.0},{"not_picked":["Parasite","Regret"],"picked":"CommonCold","floor":17.0},{"not_picked":["downfall:Haunted","ReplayTheSpireMod:Restless Dread"],"picked":"Regret","floor":17.0},{"not_picked":["Guardian:Gem_Cyan","Guardian:Gem_Green"],"picked":"Guardian:Gem_Red","floor":19.0},{"not_picked":["Guardian:FuturePlans+1","Guardian:SentryBeam"],"picked":"Guardian:Gem_White","floor":19.0},{"not_picked":["Guardian:Gem_Lightblue","Guardian:Gem_Green"],"picked":"Guardian:Gem_Red","floor":20.0},{"not_picked":["Guardian:ChargeCore","Guardian:Emergency+1"],"picked":"Guardian:WalkerClaw+1","floor":20.0},{"not_picked":["Guardian:Gem_Lightblue","Guardian:Gem_Green"],"picked":"Guardian:Gem_Red","floor":21.0},{"not_picked":["Guardian:Gem_Cyan","Guardian:FloatingOrbs"],"picked":"Guardian:Planning+1","floor":21.0},{"not_picked":["Guardian:Gem_Lightblue","Guardian:Gem_Green"],"picked":"Guardian:Gem_Cyan","floor":22.0},{"not_picked":["Guardian:ChargeCore","Guardian:Gem_Lightblue"],"picked":"Guardian:PiercingHide+1","floor":22.0},{"not_picked":["Guardian:Gem_Cyan","Guardian:Gem_Green"],"picked":"Guardian:Gem_Red","floor":27.0},{"not_picked":["Guardian:GuardianWhirl","Guardian:ChargeUp+1"],"picked":"Guardian:GemFire","floor":27.0},{"not_picked":["Guardian:Gem_Cyan","Guardian:Gem_Lightblue"],"picked":"Guardian:Gem_Red","floor":30.0},{"not_picked":["Guardian:GuardianWhirl","Guardian:FloatingOrbs"],"picked":"Guardian:Recover+1","floor":30.0},{"not_picked":["Guardian:Gem_Green","Guardian:Gem_Lightblue"],"picked":"Guardian:Gem_Red","floor":31.0},{"not_picked":["Guardian:StasisStrike","Guardian:Gem_Cyan"],"picked":"Guardian:Gem_Synthetic","floor":31.0},{"not_picked":["Guardian:Gem_Synthetic","Guardian:HyperBeam_Guardian"],"picked":"Guardian:Gem_Orange","floor":33.0},{"not_picked":["Guardian:Gem_Lightblue","Guardian:Gem_Green"],"picked":"Guardian:Gem_Red","floor":33.0},{"not_picked":["Guardian:TemporalStrike+1","Guardian:ArmoredProtocol","Guardian:GuardianWhirl"],"picked":"SKIP","floor":36.0},{"not_picked":["Guardian:VentSteam+1","Guardian:EvasiveProtocol+1"],"picked":"Guardian:Gem_Blue","floor":37.0},{"not_picked":["Guardian:Gem_Red","Guardian:Gem_Green"],"picked":"Guardian:Gem_Cyan","floor":38.0},{"not_picked":["Guardian:TimeCapacitor+1","Guardian:EvasiveProtocol+1"],"picked":"Guardian:Gem_Blue","floor":38.0},{"not_picked":["Guardian:Orbwalk","Guardian:Harden+1"],"picked":"Guardian:PiercingHide+1","floor":39.0},{"not_picked":["Guardian:PiercingHide+1","Guardian:VentSteam+1"],"picked":"Guardian:DonusPower+1","floor":45.0},{"not_picked":["Guardian:Recover+1","Guardian:Harden+1"],"picked":"Guardian:BronzeArmor+1","floor":46.0},{"not_picked":["Guardian:Gem_Lightblue","Guardian:Gem_Cyan"],"picked":"Guardian:Gem_Red","floor":46.0},{"not_picked":["Guardian:Gem_Lightblue","Guardian:Gem_Green"],"picked":"Guardian:Gem_Cyan","floor":47.0},{"not_picked":["Guardian:Gem_Green","Guardian:RollAttack+1"],"picked":"Guardian:Gem_Cyan","floor":47.0},{"not_picked":["Guardian:Recover+1","Guardian:Harden+1","Guardian:BronzeOrb"],"picked":"SKIP","floor":49.0},{"not_picked":["Guardian:Planning+1","Guardian:Gem_Purple"],"picked":"Guardian:PiercingHide+1","floor":52.0}],"player_experience":856837,"relics_obtained":[{"floor":8.0,"key":"HornCleat"},{"floor":10.0,"key":"reliquary:ExpiredCoupon"},{"floor":13.0,"key":"Gremlin Food"},{"floor":24.0,"key":"Golden Egg"},{"floor":30.0,"key":"MealTicket"},{"floor":41.0,"key":"Whetstone"},{"floor":46.0,"key":"reliquary:BallBearing"},{"floor":52.0,"key":"Orichalcum"}],"event_choices":[{"cards_removed":["Injury"],"damage_healed":0.0,"max_hp_gain":0.0,"max_hp_loss":0.0,"gold_gain":0.0,"event_name":"Living Wall","player_choice":"Forget","floor":5.0,"gold_loss":0.0,"damage_taken":0.0},{"cards_removed":["Guardian:Orbwalk"],"damage_healed":0.0,"max_hp_gain":0.0,"max_hp_loss":0.0,"gold_gain":0.0,"event_name":"Falling","player_choice":"Removed Power","floor":40.0,"gold_loss":0.0,"damage_taken":0.0}],"is_beta":false,"boss_relics":[{"not_picked":["aspiration:SecretTechniqueScroll","Ring of Chaos"],"picked":"Replay:Ancient Bell"},{"not_picked":["reliquary:SharkskinSheath","reliquary:FerryPass"],"picked":"RuthlessExorcism:ReiMu"},{"not_picked":["reliquary:Sideboard","Runesmith:Nanobots"],"picked":"Blue Candle"},{"not_picked":["Shovel","Replay:Towering Pillar of Hats"],"picked":"Mango"},{"not_picked":["Velvet Choker","energizedSpire:StickyHand"],"picked":"Coffee Dripper"}],"items_purged_floors":[31,38,42,53],"is_endless":false,"potions_floor_spawned":[2,11,16,20,22,27,33,36,39,45,46],"killed_by":"downfall:NeowBoss","ascension_level":4}}