{"host":"farxtl2u8hmkbdo2","time":1613377026,"event":{"mods":["A Magickal Journey","BaseMod","Better Altar","Better Note","Better Sensory Stone","Better Skull","Better Third Choice","Challenge The Spire","Colored Map","Colored Powertips","Current Relic Mod","Downfall","Energized Spire","Fox Events","Gremlin Mod","Hermit","Hubris","Mimic Mod","Minty Spire (QoL Compilation)","Quick Restart","READ ME - Guardian Mod","Rare Cards Sparkle","StSLib","The Bladedancer","The Bug Knight","The Cursed","The Disciple","The Hierophant","The Marked","The Necromancer","The Runesmith","Transform Curses"],"gold_per_floor":[99,111,111,111,111,111,141,161,276,32,32,48,48,73,89,188,188,88,100,116,26,38,52,52,52,52,52,69,94,108,57,67,164,164,164,181,42,42,62,97,176,76,89,101,176,205,205,35,46,46],"floor_reached":51,"language":"SPA","playtime":4697,"items_purged":["hubris:Lust"],"score":829,"play_id":"a01fc79f-2731-4457-9833-755794f9e396","local_time":"20210215051706","is_ascension_mode":false,"campfire_choices":[{"data":"champ:Execute","floor":1.0,"key":"SMITH"},{"data":"champ:IgnorePain","floor":6.0,"key":"SMITH"},{"data":"champ:Taunt","floor":13.0,"key":"SMITH"},{"data":"champ:TripleStrike","floor":18.0,"key":"SMITH"},{"data":"champ:Improvising","floor":25,"key":"SMITH"},{"data":"champ:HoldFirm","floor":35,"key":"SMITH"},{"data":"champ:ArenaPreparation","floor":42,"key":"SMITH"},{"data":"champ:PreemptiveStrike","floor":47,"key":"SMITH"}],"circlet_count":0,"master_deck":["champ:Strike","champ:Strike","champ:Defend","champ:Defend","champ:Execute+1","champ:Taunt+1","champ:DefensiveShout","champ:IgnorePain+1","champ:SkillfulDodge","champ:IronFortress","champ:GutPunch","champ:IronFortress","champ:RecklessLeap","champ:BringItOn","champ:FlashCut","champ:IgnorePain+1","champ:Execute+1","champ:BringItOn","champ:RapidStrikes","champ:GutPunch","champ:TripleStrike+1","champ:Lariat","champ:Haymaker","champ:Improvising+1","champ:DeathBlow","champ:PreciseThrust","champ:Encircle+1","champ:PreemptiveStrike+1","champ:Backstep+1","champ:ArenaPreparation+1","champ:IronFortress+1","champ:ArenaPreparation+1","champ:HoldFirm+1","champ:CalledShot+1","champ:BladeFlurry+1","champ:IronFortress+1","Pride","Pride","champ:FocusedDefense","champ:StanceDance+1","champ:IronFortress","champ:CalledShot+1","champ:Shatter+1","champ:Circumvent","champ:Haymaker+1"],"relics":["champ:ChampionCrown","hubris:Icosahedron","hubris:Towel","Anchor","Bag of Marbles","Nunchaku","Happy Flower","Philosopher\u0027s Stone","downfall:HeartBlessingBlue","HollowMod:StagPassRelic","Incense Burner","energizedSpire:NeverEndingSparkler","Bird Faced Urn","Art of War","Kunai","downfall:HeartBlessingGreen","Runesmith:Nanobots","Oddly Smooth Stone"],"acts_visited":["Exordium","TheCity","TheBeyond"],"potions_floor_usage":[21,28,29,30,36,37,39,43,46,49,50,50],"damage_taken":[{"damage":20.0,"enemies":"Jaw Worm","floor":2.0,"turns":5.0},{"damage":41.0,"enemies":"Small Slimes","floor":7.0,"turns":9.0},{"damage":12.0,"enemies":"Small Slimes","floor":8.0,"turns":4.0},{"damage":10.0,"enemies":"2 Louse","floor":9.0,"turns":2.0},{"damage":25.0,"enemies":"downfall:FleeingMerchant","floor":10.0,"turns":4.0},{"damage":4.0,"enemies":"Blue Slaver","floor":12.0,"turns":5.0},{"damage":29.0,"enemies":"Gremlin Nob","floor":14.0,"turns":3.0},{"damage":16.0,"enemies":"downfall:LooterAlt","floor":15.0,"turns":3.0},{"damage":46.0,"enemies":"WA_ARCHETYPE_RETAIN","floor":16.0,"turns":10.0},{"damage":25.0,"enemies":"Shell Parasite","floor":19.0,"turns":3.0},{"damage":22,"enemies":"Spheric Guardian","floor":20,"turns":4},{"damage":30,"enemies":"downfall:FleeingMerchant","floor":21,"turns":4},{"damage":22,"enemies":"Centurion and Healer","floor":22,"turns":6},{"damage":60,"enemies":"Sentry and Sphere","floor":23,"turns":8},{"damage":27,"enemies":"Snake Plant","floor":28,"turns":4},{"damage":10,"enemies":"Book of Stabbing","floor":29,"turns":3},{"damage":48,"enemies":"Shelled Parasite and Fungi","floor":30,"turns":5},{"damage":11,"enemies":"downfall:FleeingMerchant","floor":31,"turns":4},{"damage":20,"enemies":"Cultist and Chosen","floor":32,"turns":3},{"damage":39,"enemies":"IC_MUSHROOM_ARCHETYPE","floor":33,"turns":7},{"damage":27,"enemies":"3 Darklings","floor":36,"turns":5},{"damage":20,"enemies":"downfall:FleeingMerchant","floor":37,"turns":4},{"damage":10,"enemies":"3 Shapes","floor":39,"turns":4},{"damage":42,"enemies":"Reptomancer","floor":40,"turns":7},{"damage":61,"enemies":"3 Darklings","floor":43,"turns":5},{"damage":50,"enemies":"Jaw Worm Horde","floor":44,"turns":5},{"damage":90,"enemies":"Nemesis","floor":46,"turns":7},{"damage":39,"enemies":"Spire Growth","floor":49,"turns":4},{"damage":131,"enemies":"DF_ARCHETYPE_ORBS","floor":50,"turns":11}],"seed_played":"4483918311533537203","potions_obtained":[{"floor":2.0,"key":"DistilledChaos"},{"floor":8.0,"key":"DistilledChaos"},{"floor":15.0,"key":"Fruit Juice"},{"floor":23,"key":"Explosive Potion"},{"floor":26,"key":"Regen Potion"},{"floor":26,"key":"CultistPotion"},{"floor":29,"key":"Dexterity Potion"},{"floor":30,"key":"SpeedPotion"},{"floor":32,"key":"BlessingOfTheForge"},{"floor":33,"key":"Fire Potion"},{"floor":40,"key":"FearPotion"},{"floor":44,"key":"Slimebound:ThreeZeroPotion"},{"floor":45,"key":"downfall:CursedFountainPotion"},{"floor":46,"key":"ColorlessPotion"}],"is_trial":false,"path_per_floor":["R","M","?","?","?","R","MIM","M","M","$","?","M","R","E","M","B",null,"R","M","M","$","M","M","T","R","?","?","M","E","M","$","M","B",null,"R","M","$","?","M","E","T","R","M","M","?","E","R","$","M","B",null],"character_chosen":"THE_CHAMP","items_purchased":["Nunchaku","champ:BringItOn","champ:FlashCut","champ:IronFortress","Bird Faced Urn","champ:IronFortress","Slimebound:ThreeZeroPotion","Oddly Smooth Stone","champ:Circumvent"],"campfire_rested":0,"item_purchase_floors":[10,10,10,31,37,37,37,48,48],"current_hp_per_floor":[63,63,63,63,63,63,47,45,45,45,45,46,46,37,31,30,95,105,105,103,88,91,51,51,51,51,51,51,61,38,62,62,53,105,105,88,88,53,59,72,72,72,87,92,92,99,99,99,105,94],"gold":46,"neow_bonus":"TRANSFORM_TWO_CARDS","is_daily":false,"chose_seed":false,"campfire_upgraded":8,"win_rate":0.0,"timestamp":1613377026,"path_taken":["R","M","?","?","?","R","MIM","M","M","?","?","M","R","E","M","BOSS","R","M","M","$","?","M","T","R","?","?","M","E","?","$","M","BOSS","R","M","$","?","M","E","T","R","?","?","?","E","R","?","M","BOSS"],"items_purchased_type":["Relic","Card","Card","Card","Relic","Card","Potion","Relic","Card"],"build_version":"2020-12-22","purchased_purges":1,"victory":true,"max_hp_per_floor":[90,90,90,90,90,90,90,90,90,90,90,90,90,90,90,95,95,105,105,105,105,105,105,105,105,105,105,105,105,105,105,105,105,105,105,105,105,105,105,105,105,105,105,105,105,105,105,105,105,105],"card_choices":[{"not_picked":["champ:ShieldSlam","champ:BerserkersShout"],"picked":"champ:SkillfulDodge","floor":2.0},{"not_picked":["champ:BringItOn","champ:Haymaker"],"picked":"champ:IronFortress","floor":7.0},{"not_picked":["champ:BringItOn","champ:Circumvent"],"picked":"champ:GutPunch","floor":8.0},{"not_picked":["champ:BerserkersShout","champ:BladeFlurry"],"picked":"champ:IronFortress","floor":9.0},{"not_picked":["champ:FanOfKnives","champ:AdrenalArmor"],"picked":"champ:RecklessLeap","floor":10.0},{"not_picked":["champ:Circumvent","champ:CrownThrow"],"picked":"champ:BringItOn","floor":12.0},{"not_picked":["champ:TornadoPunch","champ:Circumvent"],"picked":"champ:RapidStrikes","floor":14.0},{"not_picked":["champ:Haymaker","champ:TornadoPunch"],"picked":"champ:GutPunch","floor":15.0},{"not_picked":["champ:HoldFirm","champ:LastStand"],"picked":"champ:TripleStrike","floor":16.0},{"not_picked":["champ:BerserkersShout+1","champ:SkillfulDodge+1"],"picked":"champ:Lariat","floor":19.0},{"not_picked":["champ:DefensiveShout","champ:BerserkersShout"],"picked":"champ:Haymaker","floor":20},{"not_picked":["champ:Duel+1","champ:Endure"],"picked":"champ:Improvising","floor":21},{"not_picked":["champ:BerserkersShout","champ:GutPunch+1"],"picked":"champ:DeathBlow","floor":22},{"not_picked":["champ:BringItOn","champ:Haymaker"],"picked":"champ:PreciseThrust","floor":23},{"not_picked":["champ:Parry","champ:FaceSlap"],"picked":"champ:Encircle+1","floor":28},{"not_picked":["champ:PreciseThrust+1","champ:BladeFlurry"],"picked":"champ:PreemptiveStrike","floor":29},{"not_picked":["champ:EnragedBash","champ:TornadoPunch"],"picked":"champ:Backstep+1","floor":30},{"not_picked":["champ:StanceDance","champ:BladeFlurry"],"picked":"champ:ArenaPreparation+1","floor":31},{"not_picked":["champ:BerserkersShout","champ:FlashCut"],"picked":"champ:ArenaPreparation","floor":32},{"not_picked":["champ:Improvising","champ:CheapShot"],"picked":"champ:HoldFirm","floor":33},{"not_picked":["champ:FocusedDefense","champ:GutPunch"],"picked":"champ:CalledShot+1","floor":36},{"not_picked":["champ:FalseCounter+1","champ:PreemptiveStrike"],"picked":"champ:BladeFlurry+1","floor":37},{"not_picked":["champ:Backstep","champ:FalseCounter+1"],"picked":"champ:FocusedDefense","floor":39},{"not_picked":["champ:Duel","champ:Circumvent"],"picked":"champ:StanceDance+1","floor":40},{"not_picked":["champ:DefensiveShout+1","champ:FlashCut+1"],"picked":"champ:IronFortress","floor":43},{"not_picked":["champ:Backstep+1","champ:Endure"],"picked":"champ:CalledShot+1","floor":44},{"not_picked":["champ:Haymaker+1","champ:RecklessLeap"],"picked":"champ:Shatter+1","floor":46},{"not_picked":["champ:AdrenalArmor","champ:PerfectedStrike"],"picked":"champ:Haymaker+1","floor":49}],"player_experience":2244183,"relics_obtained":[{"floor":7.0,"key":"Anchor"},{"floor":7.0,"key":"Bag of Marbles"},{"floor":14.0,"key":"Happy Flower"},{"floor":24,"key":"HollowMod:StagPassRelic"},{"floor":29,"key":"Incense Burner"},{"floor":40,"key":"Art of War"},{"floor":41,"key":"Kunai"},{"floor":46,"key":"Runesmith:Nanobots"}],"event_choices":[{"damage_healed":0,"gold_gain":0,"player_choice":"Got Potions","damage_taken":0,"max_hp_gain":0,"max_hp_loss":0,"event_name":"Lab","floor":26,"gold_loss":0},{"cards_removed":["champ:Defend"],"damage_healed":0,"gold_gain":0,"player_choice":"Offered Basic","damage_taken":0,"max_hp_gain":0,"max_hp_loss":0,"event_name":"Bonfire Elementals","floor":27,"gold_loss":0}],"is_beta":false,"boss_relics":[{"not_picked":["hubris:CrackedHourglass","energizedSpire:RedRose"],"picked":"Philosopher\u0027s Stone"},{"not_picked":["Velvet Choker","hubris:BlackHole"],"picked":"energizedSpire:NeverEndingSparkler"}],"items_purged_floors":[21],"is_endless":false,"potions_floor_spawned":[2,8,15,23,29,30,32,33,40,44,46],"ascension_level":0}}