{"host":"zs3tguvuxkh90jf4","time":1613360343,"event":{"mods":["AchievementEnabler","BaseMod","Better Silent Start","Better-Laid Plans","BetterRewards","Block Reminder","Colored Map","Colored Powertips","Gold Saver","Minty Spire (QoL Compilation)","Shop Mod","StSLib","Transform Curses"],"gold_per_floor":[853,472,487,487,20,50,125,125,125,155,155,185,197,224,236,348,360,357,369,396,423,350,392,404,416,453,495,507,16,16,46,46,146,146,161,161,161,161,41,71,86,86,161,161,191,241,1,31,31,31],"floor_reached":51,"language":"ENG","playtime":1965,"items_purged":["Writhe"],"score":951,"play_id":"e4a5985c-3e18-493e-bd2d-a4ac27f7ce87","local_time":"20210214193903","daily_mods":["Heirloom","Flight","Night Terrors"],"is_ascension_mode":false,"campfire_choices":[{"floor":8,"key":"REST"},{"data":"Barricade","floor":11,"key":"SMITH"},{"data":"Body Slam","floor":13,"key":"SMITH"},{"data":"Sentinel","floor":15,"key":"SMITH"},{"data":"Shrug It Off","floor":24,"key":"SMITH"},{"floor":32,"key":"REST"},{"data":"Fire Breathing","floor":42,"key":"SMITH"},{"data":"Demon Form","floor":49,"key":"SMITH"}],"circlet_count":0,"master_deck":["Strike_R+1","Strike_R+1","Strike_R+1","Strike_R+1","Strike_R+1","Defend_R+1","Defend_R+1","Defend_R+1","Defend_R+1","Bash","Body Slam+1","Dramatic Entrance+1","Shrug It Off+1","Fire Breathing+1","Impervious+1","Barricade+1","Thunderclap","Sentinel+1","Demon Form+1","Body Slam+1","Perfected Strike+1","Clothesline","Bludgeon","Infernal Blade","Chrysalis","Flex","Limit Break+1","Heavy Blade+1","Metamorphosis","Flame Barrier+1","Bloodletting+1","Whirlwind+1","Rage+1"],"relics":["Black Blood","Torii","Boot","PreservedInsect","Bronze Scales","Matryoshka","Anchor","Letter Opener","Orichalcum","Self Forming Clay","MawBank","Snecko Eye","Lantern","The Courier","Smiling Mask","War Paint","White Beast Statue","Unceasing Top","Calipers","CaptainsWheel","Lee\u0027s Waffle","Champion Belt","Molten Egg 2","Juzu Bracelet","StoneCalendar","Happy Flower","Strawberry","Toxic Egg 2"],"acts_visited":["Exordium","TheCity","TheBeyond"],"potions_floor_usage":[16,31,33,50,50],"damage_taken":[{"damage":14,"enemies":"2 Louse","floor":1,"turns":3},{"damage":6,"enemies":"Jaw Worm","floor":3,"turns":3},{"damage":31,"enemies":"Lagavulin","floor":6,"turns":7},{"damage":2,"enemies":"3 Sentries","floor":10,"turns":4},{"damage":11,"enemies":"Lagavulin","floor":12,"turns":6},{"damage":0,"enemies":"Cultist","floor":14,"turns":3},{"damage":10,"enemies":"Hexaghost","floor":16,"turns":10},{"damage":7,"enemies":"2 Thieves","floor":18,"turns":4},{"damage":2,"enemies":"Spheric Guardian","floor":20,"turns":5},{"damage":0,"enemies":"Cultist and Chosen","floor":21,"turns":5},{"damage":20,"enemies":"Book of Stabbing","floor":23,"turns":5},{"damage":14,"enemies":"Slavers","floor":27,"turns":3},{"damage":1,"enemies":"Book of Stabbing","floor":31,"turns":3},{"damage":2,"enemies":"Champ","floor":33,"turns":9},{"damage":0,"enemies":"Orb Walker","floor":35,"turns":2},{"damage":29,"enemies":"Nemesis","floor":40,"turns":5},{"damage":0,"enemies":"3 Shapes","floor":41,"turns":3},{"damage":3,"enemies":"Reptomancer","floor":45,"turns":4},{"damage":1,"enemies":"Mind Bloom Boss Battle","floor":46,"turns":4},{"damage":3,"enemies":"Nemesis","floor":48,"turns":5},{"damage":14,"enemies":"Time Eater","floor":50,"turns":8}],"seed_played":"5535013652570512859","potions_obtained":[{"floor":1,"key":"SpeedPotion"},{"floor":10,"key":"AttackPotion"},{"floor":16,"key":"SteroidPotion"},{"floor":20,"key":"Energy Potion"},{"floor":31,"key":"LiquidBronze"},{"floor":33,"key":"GamblersBrew"},{"floor":35,"key":"DuplicationPotion"},{"floor":44,"key":"PowerPotion"}],"is_trial":false,"path_per_floor":["M","$","M","?","$","E","?","R","T","E","R","E","R","M","R","B",null,"M","?","M","M","?","E","R","?","T","E","?","$","?","E","R","B",null,"M","?","?","?","$","E","M","R","T","?","E","?","$","E","R","B",null],"character_chosen":"IRONCLAD","items_purchased":["Boot","PreservedInsect","Dramatic Entrance","Bronze Scales","Matryoshka","Fire Breathing","Calipers","Infernal Blade","Chrysalis","Lee\u0027s Waffle","Happy Flower","Strawberry"],"campfire_rested":2,"item_purchase_floors":[2,2,2,5,5,5,29,29,29,39,47,47],"current_hp_per_floor":[72,72,72,56,56,31,20,75,75,75,75,70,70,75,75,71,75,74,74,75,75,75,61,61,61,61,53,53,53,39,44,75,75,75,75,75,71,71,78,61,73,73,73,73,78,78,85,85,85,83],"gold":31,"neow_bonus":"","is_daily":true,"chose_seed":false,"campfire_upgraded":6,"win_rate":0.0,"timestamp":1613360343,"path_taken":["M","$","M","?","?","E","?","R","T","E","R","E","R","M","R","BOSS","M","?","?","?","?","E","R","?","T","E","?","$","?","E","R","BOSS","M","?","?","?","$","E","?","R","T","?","E","?","$","E","R","BOSS"],"items_purchased_type":["Relic","Relic","Card","Relic","Relic","Card","Relic","Card","Card","Relic","Relic","Relic"],"build_version":"2020-12-22","purchased_purges":1,"victory":true,"max_hp_per_floor":[80,80,80,80,80,80,80,75,75,75,75,75,75,75,75,75,75,75,75,75,75,75,75,75,75,75,75,75,75,80,80,75,75,75,75,75,71,71,78,78,78,78,78,78,78,78,85,85,85,85],"card_choices":[{"not_picked":["Dark Embrace","Combust"],"picked":"Body Slam","floor":1},{"not_picked":["Sword Boomerang","Heavy Blade"],"picked":"Shrug It Off","floor":3},{"not_picked":["Clothesline","True Grit"],"picked":"Impervious","floor":6},{"not_picked":["Warcry","Flame Barrier"],"picked":"Barricade","floor":10},{"not_picked":["Flex","Shrug It Off"],"picked":"Thunderclap","floor":12},{"not_picked":["Intimidate","Feel No Pain"],"picked":"Sentinel","floor":14},{"not_picked":["Offering","Juggernaut"],"picked":"Demon Form","floor":16},{"not_picked":["Sword Boomerang","Blood for Blood+1","Warcry"],"picked":"SKIP","floor":18},{"not_picked":["Havoc","Rupture"],"picked":"Perfected Strike+1","floor":20},{"not_picked":["Sword Boomerang","Carnage"],"picked":"Clothesline","floor":21},{"not_picked":["Sword Boomerang","Rage","Disarm"],"picked":"SKIP","floor":23},{"not_picked":["Feel No Pain+1","Headbutt+1"],"picked":"Bludgeon","floor":27},{"not_picked":["Dual Wield+1","Armaments"],"picked":"Flex","floor":31},{"not_picked":["Corruption","Impervious"],"picked":"Limit Break","floor":33},{"not_picked":["Metallicize+1","Havoc+1"],"picked":"Heavy Blade+1","floor":35},{"not_picked":["Mind Blast","Mayhem"],"picked":"Metamorphosis","floor":36},{"not_picked":["Warcry+1","Havoc+1"],"picked":"Flame Barrier+1","floor":40},{"not_picked":["Dark Embrace+1","Anger+1"],"picked":"Bloodletting+1","floor":41},{"not_picked":["Twin Strike+1","Fire Breathing"],"picked":"Whirlwind+1","floor":45},{"not_picked":["Spot Weakness+1","Pummel+1"],"picked":"Rage+1","floor":46},{"not_picked":["Hemokinesis+1","Warcry+1","Armaments+1"],"picked":"SKIP","floor":48}],"player_experience":578688,"relics_obtained":[{"floor":6,"key":"Anchor"},{"floor":9,"key":"Letter Opener"},{"floor":9,"key":"Orichalcum"},{"floor":10,"key":"Self Forming Clay"},{"floor":12,"key":"MawBank"},{"floor":23,"key":"The Courier"},{"floor":26,"key":"Smiling Mask"},{"floor":26,"key":"War Paint"},{"floor":27,"key":"White Beast Statue"},{"floor":31,"key":"CaptainsWheel"},{"floor":40,"key":"Champion Belt"},{"floor":43,"key":"Molten Egg 2"},{"floor":45,"key":"Juzu Bracelet"},{"floor":46,"key":"StoneCalendar"},{"floor":48,"key":"Toxic Egg 2"}],"event_choices":[{"damage_healed":0,"gold_gain":0,"player_choice":"Entered Light","damage_taken":16,"max_hp_gain":0,"max_hp_loss":0,"event_name":"Shining Light","floor":4,"gold_loss":0,"cards_upgraded":["Defend_R","Dramatic Entrance"]},{"damage_healed":0,"gold_gain":75,"player_choice":"Gather Gold","damage_taken":11,"max_hp_gain":0,"max_hp_loss":0,"event_name":"World of Goop","floor":7,"gold_loss":0},{"damage_healed":0,"gold_gain":0,"player_choice":"Copied","damage_taken":0,"max_hp_gain":0,"max_hp_loss":0,"event_name":"Duplicator","floor":19,"gold_loss":0,"cards_obtained":["Body Slam"]},{"damage_healed":0,"gold_gain":0,"player_choice":"Obtained Relic","damage_taken":0,"relics_obtained":["Lantern"],"max_hp_gain":0,"max_hp_loss":0,"event_name":"Addict","floor":22,"gold_loss":85},{"damage_healed":0,"gold_gain":0,"player_choice":"Simplicity","damage_taken":0,"max_hp_gain":0,"max_hp_loss":0,"event_name":"Back to Basics","floor":25,"gold_loss":0,"cards_upgraded":["Strike_R","Strike_R","Strike_R","Strike_R","Strike_R","Defend_R","Defend_R","Defend_R"]},{"damage_healed":0,"gold_gain":0,"player_choice":"Opened","damage_taken":0,"relics_obtained":["Unceasing Top"],"max_hp_gain":0,"max_hp_loss":0,"event_name":"The Mausoleum","floor":28,"gold_loss":0,"cards_obtained":["Writhe"]},{"damage_healed":0,"gold_gain":0,"player_choice":"Shed Blood","damage_taken":19,"max_hp_gain":5,"max_hp_loss":0,"event_name":"Forgotten Altar","floor":30,"gold_loss":0},{"damage_healed":0,"gold_gain":0,"player_choice":"Memory 1","damage_taken":0,"max_hp_gain":0,"max_hp_loss":0,"event_name":"SensoryStone","floor":36,"gold_loss":0},{"damage_healed":0,"gold_gain":0,"player_choice":"Max HP","damage_taken":0,"max_hp_gain":0,"max_hp_loss":4,"event_name":"Winding Halls","floor":37,"gold_loss":0},{"damage_healed":0,"gold_gain":0,"player_choice":"Upgraded","damage_taken":0,"max_hp_gain":0,"max_hp_loss":0,"event_name":"Upgrade Shrine","floor":38,"gold_loss":0,"cards_upgraded":["Limit Break"]},{"damage_healed":0,"gold_gain":0,"player_choice":"Got Potions","damage_taken":0,"max_hp_gain":0,"max_hp_loss":0,"event_name":"Lab","floor":44,"gold_loss":0},{"damage_healed":0,"gold_gain":0,"player_choice":"Fight","damage_taken":0,"max_hp_gain":0,"max_hp_loss":0,"event_name":"MindBloom","floor":46,"gold_loss":0}],"is_beta":false,"boss_relics":[{"not_picked":["Empty Cage","Coffee Dripper"],"picked":"Snecko Eye"},{"not_picked":["Runic Cube","Velvet Choker"],"picked":"Black Blood"}],"items_purged_floors":[29],"is_endless":false,"potions_floor_spawned":[1,10,16,20,31,33,35,40,41,45,46,48],"ascension_level":0}}