{"host":"wri98rxht4656ll8","time":1613413392,"event":{"mods":["AchievementEnabler","BaseMod","Colored Map","Colored Powertips","Minty Spire (QoL Compilation)","Permanent Neow","StSLib"],"gold_per_floor":[116,66,66,66,25,25,25,36,82,96,96,131,147,157,157,260,260,271,196,213,224,238,238,258,258,313,313,330,230,243,243,243,342,342,355,375,375,392,406,406,433,446,446,446,463,463,482,357,357,357,357],"floor_reached":50,"language":"ENG","playtime":3825,"items_purged":["Strike_R","Strike_R","Strike_R"],"score":578,"play_id":"c24eed49-62f7-4115-85b7-9001cc34d03c","local_time":"20210215192312","is_ascension_mode":false,"campfire_choices":[{"data":"Corruption","floor":6,"key":"SMITH"},{"data":"Dropkick","floor":11,"key":"SMITH"},{"floor":15,"key":"REST"},{"floor":23,"key":"REST"},{"floor":25,"key":"REST"},{"floor":27,"key":"REST"},{"floor":32,"key":"REST"},{"floor":40,"key":"REST"},{"floor":44,"key":"REST"},{"floor":49,"key":"REST"}],"circlet_count":0,"master_deck":["Defend_R","Defend_R","Defend_R","Defend_R","Bash","Doubt","Corruption+1","Dropkick+1","Dropkick","True Grit","Offering","True Grit+1","Offering","Offering","Shrug It Off+1"],"relics":["Burning Blood","Boot","Omamori","Fusion Hammer","Toy Ornithopter","Cursed Key","Paper Frog","Nunchaku"],"acts_visited":["Exordium","TheCity","TheBeyond"],"potions_floor_usage":[16,16,21,33,39,42,42,42,47,50,50],"damage_taken":[{"damage":6,"enemies":"2 Louse","floor":1,"turns":3},{"damage":5,"enemies":"Small Slimes","floor":8,"turns":4},{"damage":0,"enemies":"Cultist","floor":10,"turns":3},{"damage":34,"enemies":"Gremlin Nob","floor":12,"turns":5},{"damage":14,"enemies":"Lots of Slimes","floor":13,"turns":5},{"damage":17,"enemies":"Gremlin Gang","floor":14,"turns":5},{"damage":18,"enemies":"Hexaghost","floor":16,"turns":3},{"damage":26,"enemies":"3 Byrds","floor":18,"turns":5},{"damage":11,"enemies":"Chosen","floor":20,"turns":3},{"damage":15,"enemies":"3 Cultists","floor":21,"turns":4},{"damage":6,"enemies":"Shelled Parasite and Fungi","floor":22,"turns":2},{"damage":16,"enemies":"Snake Plant","floor":24,"turns":3},{"damage":14,"enemies":"Centurion and Healer","floor":28,"turns":4},{"damage":26,"enemies":"Shelled Parasite and Fungi","floor":30,"turns":4},{"damage":12,"enemies":"Collector","floor":33,"turns":1},{"damage":18,"enemies":"3 Darklings","floor":35,"turns":4},{"damage":28,"enemies":"3 Shapes","floor":36,"turns":4},{"damage":18,"enemies":"Maw","floor":38,"turns":2},{"damage":29,"enemies":"3 Darklings","floor":39,"turns":3},{"damage":12,"enemies":"Giant Head","floor":41,"turns":2},{"damage":18,"enemies":"Transient","floor":42,"turns":1},{"damage":18,"enemies":"Jaw Worm Horde","floor":45,"turns":2},{"damage":38,"enemies":"4 Shapes","floor":47,"turns":9},{"damage":60,"enemies":"Donu and Deca","floor":50,"turns":4}],"seed_played":"4548388728037601284","potions_obtained":[{"floor":1,"key":"ElixirPotion"},{"floor":13,"key":"LiquidMemories"},{"floor":16,"key":"BlessingOfTheForge"},{"floor":20,"key":"Explosive Potion"},{"floor":22,"key":"BlessingOfTheForge"},{"floor":24,"key":"ColorlessPotion"},{"floor":35,"key":"SkillPotion"},{"floor":38,"key":"EntropicBrew"},{"floor":47,"key":"SkillPotion"}],"is_trial":false,"path_per_floor":["M","?","$","?","$","R","?","M","T","M","R","E","M","M","R","B",null,"M","$","M","M","M","R","M","R","T","R","M","$","M","?","R","B",null,"M","M","?","M","M","R","E","M","T","R","M","?","M","$","R","B"],"character_chosen":"IRONCLAD","items_purchased":["Dropkick"],"campfire_rested":8,"item_purchase_floors":[5],"current_hp_per_floor":[80,80,80,73,73,73,73,74,74,80,80,52,44,33,57,45,80,60,60,55,46,46,70,60,80,80,80,72,72,52,43,67,66,80,68,46,46,34,16,40,34,37,37,61,49,49,22,22,46,0,0],"gold":357,"neow_bonus":"THREE_RARE_CARDS","is_daily":false,"chose_seed":false,"campfire_upgraded":2,"win_rate":0.0,"timestamp":1613413392,"path_taken":["M","?","$","?","$","R","?","M","T","?","R","E","M","?","R","BOSS","M","$","?","M","M","R","M","R","T","R","M","$","M","?","R","BOSS","M","M","?","M","M","R","E","M","T","R","M","?","M","$","R","BOSS"],"items_purchased_type":["Card"],"build_version":"2020-12-22","purchased_purges":3,"victory":false,"max_hp_per_floor":[80,80,80,80,80,80,80,80,80,80,80,80,80,80,80,80,80,80,80,80,80,80,80,80,80,80,80,80,80,80,80,80,80,80,80,80,80,80,80,80,80,80,80,80,80,80,80,80,80,80,80],"card_choices":[{"not_picked":["Berserk","Immolate"],"picked":"Corruption","floor":0},{"not_picked":["True Grit","Entrench"],"picked":"Dropkick","floor":1},{"not_picked":["Clash","Heavy Blade","Blood for Blood"],"picked":"SKIP","floor":8},{"not_picked":["Infernal Blade","Dark Embrace","Sever Soul"],"picked":"SKIP","floor":10},{"not_picked":["Whirlwind","Spot Weakness","Havoc"],"picked":"SKIP","floor":12},{"not_picked":["Intimidate","Entrench"],"picked":"True Grit","floor":13},{"not_picked":["Berserk","Perfected Strike","Second Wind"],"picked":"SKIP","floor":14},{"not_picked":["Bludgeon","Impervious"],"picked":"Offering","floor":16},{"not_picked":["Havoc","Fire Breathing","Heavy Blade"],"picked":"SKIP","floor":18},{"not_picked":["Intimidate+1","Heavy Blade+1","Sword Boomerang"],"picked":"SKIP","floor":20},{"not_picked":["Perfected Strike","Combust","Flex"],"picked":"SKIP","floor":21},{"not_picked":["Twin Strike","Perfected Strike"],"picked":"True Grit+1","floor":22},{"not_picked":["Evolve","Sword Boomerang+1"],"picked":"Offering","floor":24},{"not_picked":["Perfected Strike+1","Fire Breathing","Clothesline"],"picked":"SKIP","floor":28},{"not_picked":["Dark Embrace","True Grit","Cleave+1"],"picked":"SKIP","floor":30},{"not_picked":["Double Tap","Juggernaut"],"picked":"Offering","floor":33},{"not_picked":["Sever Soul","Cleave+1","Pommel Strike"],"picked":"SKIP","floor":35},{"not_picked":["Dual Wield","Sever Soul+1","Heavy Blade+1"],"picked":"SKIP","floor":36},{"not_picked":["Body Slam","True Grit","Ghostly Armor+1"],"picked":"SKIP","floor":38},{"not_picked":["Armaments","Battle Trance","Thunderclap+1"],"picked":"SKIP","floor":39},{"not_picked":["Metallicize+1","Cleave+1"],"picked":"Shrug It Off+1","floor":41},{"not_picked":["Body Slam","Shrug It Off","Pommel Strike"],"picked":"SKIP","floor":42},{"not_picked":["Perfected Strike+1","Wild Strike","Shrug It Off"],"picked":"SKIP","floor":45},{"not_picked":["Carnage","Ghostly Armor+1","Sentinel"],"picked":"SKIP","floor":47}],"player_experience":222743,"relics_obtained":[{"floor":9,"key":"Boot"},{"floor":12,"key":"Omamori"},{"floor":26,"key":"Toy Ornithopter"},{"floor":41,"key":"Paper Frog"},{"floor":43,"key":"Nunchaku"}],"event_choices":[{"cards_removed":["Strike_R"],"damage_healed":0,"gold_gain":0,"player_choice":"Card Removal","damage_taken":0,"max_hp_gain":0,"max_hp_loss":0,"event_name":"The Cleric","floor":2,"gold_loss":50},{"cards_removed":["Strike_R"],"damage_healed":0,"gold_gain":0,"player_choice":"Card Removal","damage_taken":7,"max_hp_gain":0,"max_hp_loss":0,"event_name":"Golden Wing","floor":4,"gold_loss":0},{"damage_healed":0,"gold_gain":0,"player_choice":"Ignored","damage_taken":0,"max_hp_gain":0,"max_hp_loss":0,"event_name":"NoteForYourself","floor":7,"gold_loss":0},{"damage_healed":0,"gold_gain":0,"player_choice":"Stopped","damage_taken":9,"max_hp_gain":0,"max_hp_loss":0,"event_name":"Cursed Tome","floor":31,"gold_loss":0},{"damage_healed":0,"gold_gain":0,"player_choice":"Ignored","damage_taken":0,"max_hp_gain":0,"max_hp_loss":0,"event_name":"Tomb of Lord Red Mask","floor":37,"gold_loss":0},{"damage_healed":0,"gold_gain":0,"player_choice":"Ignored","damage_taken":0,"max_hp_gain":0,"max_hp_loss":0,"event_name":"Mysterious Sphere","floor":46,"gold_loss":0}],"is_beta":false,"boss_relics":[{"not_picked":["Philosopher\u0027s Stone","Snecko Eye"],"picked":"Fusion Hammer"},{"not_picked":["Calling Bell","Black Star"],"picked":"Cursed Key"}],"items_purged_floors":[19,29,48],"is_endless":false,"potions_floor_spawned":[1,13,16,20,22,24,35,38,47],"killed_by":"Donu and Deca","ascension_level":0}}