{"host":"2pkirg8lp2j2yw4c","time":1613363528,"event":{"mods":["AchievementEnabler","BaseMod","BetterRewards","Colored Map","Colored Powertips","Curses Come First","Googly Eyes","Hubris","Infinite Spire","Minty Spire (QoL Compilation)","Quick Restart","Reliquary","StSLib","slay the spire mod where everything is the same but ironclad has a cowboy hat"],"gold_per_floor":[119,131,145,145,159,190,190,225,225,260,272,25,37,71,71,167,167,185,145,145,164,175,175,208,220,269,289,308,130,148,180,180,277,277,289,307,321,124,141,168,168,195,221,221,234,234,234],"floor_reached":46,"language":"ENG","playtime":2184,"items_purged":["Strike_R","Strike_R"],"score":722,"play_id":"d4238595-4799-40cc-bfd6-5532935ec8ee","local_time":"20210214233208","is_ascension_mode":true,"campfire_choices":[{"data":"Bash","floor":7.0,"key":"SMITH"},{"data":"Heavy Blade","floor":15.0,"key":"SMITH"},{"data":"hubris:SharpeningStone","floor":23.0,"key":"SMITH"},{"data":"hubris:EnhanceAbility","floor":32.0,"key":"SMITH"},{"data":"Apotheosis","floor":41.0,"key":"SMITH"}],"circlet_count":0,"master_deck":["Strike_R","Strike_R","Strike_R","Defend_R+1","Defend_R","Defend_R","Defend_R","Bash+1","Pommel Strike","infinitespire:OneForAll","infinitespire:OneForAll","Shrug It Off+1","Spot Weakness","Shockwave","Dark Embrace+1","Rampage","Spot Weakness","Demon Form","Cleave","Heavy Blade+1","Bloodletting+1","Reaper","hubris:SharpeningStone+1","infinitespire:OneForAll","Reaper","Metallicize","Fire Breathing","Sword Boomerang","hubris:EnhanceAbility+1","Rupture","Rupture","Offering","Apotheosis+1","Parasite"],"relics":["Burning Blood","Dead Branch","hubris:PeanutButter","Letter Opener","hubris:Towel","reliquary:BoilingFlask","hubris:DeckOfHolding","hubris:MysteriousPyramids","Mercury Hourglass","Orrery","Happy Flower","infinitespire:Burning Sword","reliquary:WritOfMandamus","DollysMirror","Kunai","Gremlin Horn","Busted Crown","infinitespire:Satchel","MealTicket","War Paint"],"acts_visited":["Exordium","TheCity","TheBeyond"],"potions_floor_usage":[42],"damage_taken":[{"damage":0.0,"enemies":"Small Slimes","floor":1.0,"turns":4.0},{"damage":0.0,"enemies":"Jaw Worm","floor":2.0,"turns":6.0},{"damage":0.0,"enemies":"Cultist","floor":3.0,"turns":5.0},{"damage":0.0,"enemies":"Large Slime","floor":5.0,"turns":5.0},{"damage":7.0,"enemies":"Gremlin Nob","floor":6.0,"turns":4.0},{"damage":44.0,"enemies":"Lagavulin","floor":8.0,"turns":8.0},{"damage":17.0,"enemies":"Gremlin Nob","floor":10.0,"turns":5.0},{"damage":5.0,"enemies":"Gremlin Gang","floor":11.0,"turns":3.0},{"damage":0.0,"enemies":"2 Fungi Beasts","floor":13.0,"turns":2.0},{"damage":0.0,"enemies":"3 Sentries","floor":14.0,"turns":3.0},{"damage":8.0,"enemies":"Hexaghost","floor":16.0,"turns":6.0},{"damage":3.0,"enemies":"3 Byrds","floor":18.0,"turns":3.0},{"damage":0.0,"enemies":"2 Thieves","floor":21.0,"turns":1.0},{"damage":0.0,"enemies":"3 Cultists","floor":22.0,"turns":3.0},{"damage":4.0,"enemies":"Book of Stabbing","floor":24.0,"turns":2.0},{"damage":11.0,"enemies":"Snake Plant","floor":25.0,"turns":3.0},{"damage":6.0,"enemies":"Cultist and Chosen","floor":27.0,"turns":3.0},{"damage":0.0,"enemies":"Snecko","floor":28.0,"turns":2.0},{"damage":0.0,"enemies":"Snake Plant","floor":30.0,"turns":1.0},{"damage":9.0,"enemies":"Gremlin Leader","floor":31.0,"turns":2.0},{"damage":30.0,"enemies":"Collector","floor":33.0,"turns":4.0},{"damage":0.0,"enemies":"3 Shapes","floor":35.0,"turns":1.0},{"damage":0.0,"enemies":"Orb Walker","floor":36.0,"turns":1.0},{"damage":6.0,"enemies":"Spire Growth","floor":37.0,"turns":3.0},{"damage":17.0,"enemies":"Maw","floor":39.0,"turns":4.0},{"damage":0.0,"enemies":"Giant Head","floor":40.0,"turns":4.0},{"damage":0,"enemies":"Nemesis","floor":42,"turns":1},{"damage":12,"enemies":"Writhing Mass","floor":45,"turns":3},{"damage":15,"enemies":"infinitespire:Three Voidlings","floor":46,"turns":3},{"damage":118,"enemies":"Nightmare_Alpha","floor":46,"turns":5}],"seed_played":"-8728556179720275929","potions_obtained":[{"floor":2.0,"key":"Energy Potion"},{"floor":5.0,"key":"SmokeBomb"},{"floor":6.0,"key":"BloodPotion"},{"floor":11.0,"key":"EssenceOfSteel"},{"floor":14.0,"key":"Regen Potion"},{"floor":22.0,"key":"ColorlessPotion"},{"floor":27.0,"key":"Strength Potion"},{"floor":36.0,"key":"SteroidPotion"},{"floor":37.0,"key":"FairyPotion"},{"floor":39.0,"key":"LiquidBronze"}],"is_trial":false,"path_per_floor":["M","M","M","?","M","E","R","E","T","E","M","$","M","E","R","B",null,"M","?","AVR","M","M","R","E","M","T","M","M","$","M","E","R","B",null,"M","M","M","$","M","E","R","E","T","?","M","?"],"character_chosen":"IRONCLAD","items_purchased":["hubris:PeanutButter","Letter Opener","Pommel Strike","Orrery","hubris:EnhanceAbility","Apotheosis"],"campfire_rested":0,"item_purchase_floors":[0,0,0,12,29,38],"current_hp_per_floor":[50,56,62,62,68,67,67,45,45,34,35,35,41,47,47,45,80,80,80,80,80,80,80,80,75,75,80,80,80,80,77,77,78,80,80,80,80,80,80,80,80,80,80,80,80,0,0],"gold":234,"neow_bonus":"","is_daily":false,"chose_seed":false,"campfire_upgraded":5,"win_rate":0.0,"timestamp":1613363528,"path_taken":["M","M","M","?","M","E","R","E","T","E","M","$","M","E","R","BOSS","M","?","AVR","M","M","R","E","M","T","M","M","?","M","E","R","BOSS","M","?","M","$","M","E","R","E","T","?","M","?"],"items_purchased_type":["Relic","Relic","Card","Relic","Card","Card"],"build_version":"2020-12-22","purchased_purges":2,"victory":false,"max_hp_per_floor":[80,80,80,80,80,80,80,80,80,80,80,80,80,80,80,80,80,80,80,80,80,80,80,80,80,80,80,80,80,80,80,80,80,80,80,80,80,80,80,80,80,80,80,80,80,80,80],"card_choices":[{"not_picked":["Combust","Flex"],"picked":"infinitespire:OneForAll","floor":1.0},{"not_picked":["Cleave","Clash"],"picked":"infinitespire:OneForAll","floor":2.0},{"not_picked":["Clothesline","Clash"],"picked":"Shrug It Off","floor":3.0},{"not_picked":["Anger","Warcry"],"picked":"Spot Weakness","floor":5.0},{"not_picked":["Infernal Blade","Bloodletting","Spot Weakness"],"picked":"SKIP","floor":6.0},{"not_picked":["Perfected Strike","Clothesline"],"picked":"Shockwave","floor":8.0},{"not_picked":["Combust","Armaments"],"picked":"Dark Embrace","floor":10.0},{"not_picked":["Sentinel","Armaments"],"picked":"Rampage","floor":11.0},{"not_picked":["Wild Strike","Sever Soul"],"picked":"Spot Weakness","floor":12.0},{"not_picked":["Cleave","Reckless Charge"],"picked":"Demon Form","floor":12.0},{"not_picked":["Havoc","Anger"],"picked":"Cleave","floor":12.0},{"not_picked":["Wild Strike","Clothesline"],"picked":"Heavy Blade","floor":12.0},{"not_picked":["Shrug It Off","Dropkick"],"picked":"Bloodletting","floor":13.0},{"not_picked":["Exhume","Heavy Blade","Armaments"],"picked":"SKIP","floor":14.0},{"not_picked":["Fiend Fire","Exhume"],"picked":"Reaper","floor":16.0},{"not_picked":["Warcry","Sentinel"],"picked":"hubris:SharpeningStone","floor":18.0},{"not_picked":["Rampage+1","Heavy Blade+1","Pommel Strike"],"picked":"SKIP","floor":21.0},{"not_picked":["hubris:CleavingFinish+1","Dual Wield"],"picked":"Reaper","floor":22.0},{"not_picked":["True Grit","Barricade"],"picked":"Metallicize","floor":24.0},{"not_picked":["infinitespire:OneForAll","Flex"],"picked":"Fire Breathing","floor":25.0},{"not_picked":["Shrug It Off","hubris:CleavingFinish+1"],"picked":"Sword Boomerang","floor":27.0},{"not_picked":["Clash+1","hubris:SharpeningStone","Infernal Blade"],"picked":"SKIP","floor":28.0},{"not_picked":["hubris:ReadiedAction","Pommel Strike"],"picked":"Rupture","floor":30.0},{"not_picked":["Anger","Sword Boomerang"],"picked":"Rupture","floor":31.0},{"not_picked":["Impervious","hubris:StunningStrike"],"picked":"Offering","floor":33.0},{"not_picked":["Sentinel+1"],"picked":"SKIP","floor":35.0},{"not_picked":["Bloodletting"],"picked":"SKIP","floor":36.0},{"not_picked":["Clash"],"picked":"SKIP","floor":37.0},{"not_picked":["Heavy Blade+1"],"picked":"SKIP","floor":39.0},{"not_picked":["Armaments"],"picked":"SKIP","floor":40.0},{"not_picked":["Entrench+1"],"picked":"SKIP","floor":42},{"not_picked":["Warcry"],"picked":"SKIP","floor":45}],"player_experience":167540,"relics_obtained":[{"floor":6.0,"key":"reliquary:BoilingFlask"},{"floor":8.0,"key":"hubris:DeckOfHolding"},{"floor":9.0,"key":"hubris:MysteriousPyramids"},{"floor":10.0,"key":"Mercury Hourglass"},{"floor":14.0,"key":"Happy Flower"},{"floor":24.0,"key":"Kunai"},{"floor":31.0,"key":"Gremlin Horn"},{"floor":40.0,"key":"infinitespire:Satchel"},{"floor":42,"key":"MealTicket"},{"floor":43,"key":"War Paint"}],"event_choices":[{"damage_healed":0.0,"max_hp_gain":0.0,"max_hp_loss":0.0,"gold_gain":0.0,"event_name":"Designer","player_choice":"Upgraded Two","floor":19.0,"gold_loss":40.0,"damage_taken":0.0,"cards_upgraded":["Dark Embrace","Defend_R"]},{"damage_healed":0,"gold_gain":0,"player_choice":"Ignored","damage_taken":0,"max_hp_gain":0,"max_hp_loss":0,"event_name":"Tomb of Lord Red Mask","floor":44,"gold_loss":0}],"is_beta":false,"boss_relics":[{"not_picked":["hubris:Stopwatch","infinitespire:Cupcake"],"picked":"infinitespire:Burning Sword"},{"not_picked":["Coffee Dripper","reliquary:Craggleroot"],"picked":"Busted Crown"}],"items_purged_floors":[0,12],"is_endless":false,"potions_floor_spawned":[2,5,6,11,14,22,27,33,36,37,39,46],"killed_by":"Nightmare_Alpha","ascension_level":2}}