{"host":"1xo5g347e5o4auts","time":1613400130,"event":{"mods":["BaseMod","Minty Spire (QoL Compilation)","Permanent Neow","StSLib"],"gold_per_floor":[115,131,131,131,147,147,175,195,195,209,209,259,291,47,47,118,118,135,135,153,153,168,168,168],"floor_reached":23,"language":"ENG","playtime":625,"items_purged":["Pain"],"score":427,"play_id":"6a580264-a82d-4916-8d1f-d5191579a661","local_time":"20210215164210","is_ascension_mode":true,"campfire_choices":[{"data":"Bash","floor":6.0,"key":"SMITH"},{"data":"True Grit","floor":11.0,"key":"SMITH"},{"data":"Uppercut","floor":15,"key":"SMITH"}],"circlet_count":0,"master_deck":["AscendersBane","Defend_R","Defend_R","Defend_R","Defend_R","Bash+1","Reaper","Headbutt","Pommel Strike","Clothesline","True Grit+1","Uppercut+1","Feed","Exhume","Anger","Bite","Bite","Bite","Bite","Bite","J.A.X."],"relics":["Burning Blood","WarpedTongs","Question Card","Pear","Lantern","OrangePellets","Cursed Key"],"acts_visited":["Exordium","TheCity"],"potions_floor_usage":[13,22],"damage_taken":[{"damage":9.0,"enemies":"Jaw Worm","floor":1.0,"turns":5.0},{"damage":18.0,"enemies":"Small Slimes","floor":2.0,"turns":5.0},{"damage":8.0,"enemies":"Cultist","floor":5.0,"turns":3.0},{"damage":33.0,"enemies":"Gremlin Nob","floor":7.0,"turns":4.0},{"damage":6.0,"enemies":"Looter","floor":8.0,"turns":3.0},{"damage":17.0,"enemies":"Red Slaver","floor":10.0,"turns":4.0},{"damage":47,"enemies":"3 Sentries","floor":13,"turns":7},{"damage":21,"enemies":"The Guardian","floor":16,"turns":14},{"damage":2,"enemies":"Chosen","floor":18,"turns":4},{"damage":29,"enemies":"Shell Parasite","floor":20,"turns":4},{"damage":51,"enemies":"Sentry and Sphere","floor":22,"turns":5},{"damage":59,"enemies":"Slavers","floor":23,"turns":4}],"seed_played":"8705307347931950076","potions_obtained":[{"floor":1.0,"key":"EntropicBrew"},{"floor":7.0,"key":"ColorlessPotion"},{"floor":8.0,"key":"FairyPotion"},{"floor":16,"key":"Swift Potion"}],"is_trial":false,"path_per_floor":["M","M","?","?","M","R","E","M","T","M","R","?","E","$","R","B",null,"M","?","M","?","M","E"],"character_chosen":"IRONCLAD","items_purchased":["OrangePellets"],"campfire_rested":0,"item_purchase_floors":[14],"current_hp_per_floor":[51,43,36,36,38,38,17,17,27,20,20,12,20,20,20,11,67,81,62,57,57,34,0,0],"gold":168,"neow_bonus":"THREE_RARE_CARDS","is_daily":false,"chose_seed":false,"campfire_upgraded":3,"win_rate":0.0,"timestamp":1613400130,"path_taken":["M","M","?","?","?","R","E","M","T","M","R","?","E","$","R","BOSS","M","?","M","?","?","E"],"items_purchased_type":["Relic"],"build_version":"2020-12-22","purchased_purges":1,"victory":false,"max_hp_per_floor":[75,75,75,75,75,75,75,75,85,85,85,85,85,85,85,85,85,89,62,62,62,65,65,65],"card_choices":[{"not_picked":["Double Tap","Limit Break"],"picked":"Reaper","floor":0.0},{"not_picked":["Searing Blow","Warcry","Flex"],"picked":"SKIP","floor":1.0},{"not_picked":["Sentinel","True Grit"],"picked":"Headbutt","floor":2.0},{"not_picked":["Ghostly Armor","Evolve"],"picked":"Pommel Strike","floor":5.0},{"not_picked":["Thunderclap","Sentinel"],"picked":"Clothesline","floor":7.0},{"not_picked":["Metallicize","Shrug It Off","Perfected Strike"],"picked":"True Grit","floor":8.0},{"not_picked":["Searing Blow","Sentinel","Headbutt"],"picked":"Uppercut","floor":10.0},{"not_picked":["Armaments","Twin Strike","Power Through"],"picked":"Feed","floor":13},{"not_picked":["Immolate","Bludgeon","Impervious"],"picked":"Exhume","floor":16},{"not_picked":["Flex+1","Iron Wave+1","Clothesline"],"picked":"Anger","floor":18},{"not_picked":["Sentinel","Headbutt","Rage","Body Slam"],"picked":"SKIP","floor":20},{"not_picked":["Reckless Charge","Rage","True Grit","Pommel Strike"],"picked":"SKIP","floor":22}],"player_experience":1491171,"relics_obtained":[{"floor":7.0,"key":"Question Card"},{"floor":9.0,"key":"Pear"},{"floor":13,"key":"Lantern"}],"event_choices":[{"cards_removed":["Strike_R"],"damage_healed":0.0,"max_hp_gain":0.0,"max_hp_loss":0.0,"gold_gain":0.0,"event_name":"Golden Wing","player_choice":"Card Removal","floor":3.0,"gold_loss":0.0,"damage_taken":7.0},{"damage_healed":0.0,"max_hp_gain":0.0,"max_hp_loss":0.0,"gold_gain":0.0,"event_name":"Accursed Blacksmith","player_choice":"Rummage","floor":4.0,"gold_loss":0.0,"damage_taken":0.0,"relics_obtained":["WarpedTongs"],"cards_obtained":["Pain"]},{"damage_healed":0.0,"max_hp_gain":0.0,"max_hp_loss":0.0,"gold_gain":50.0,"event_name":"FaceTrader","player_choice":"Touch","floor":12.0,"gold_loss":0.0,"damage_taken":8.0},{"damage_healed":0,"gold_gain":0,"player_choice":"Became a vampire","damage_taken":0,"max_hp_gain":0,"max_hp_loss":27,"event_name":"Vampires","floor":19,"gold_loss":0,"cards_obtained":["Bite","Bite","Bite","Bite","Bite"]},{"damage_healed":0,"gold_gain":0,"player_choice":"Obtain J.A.X.","damage_taken":0,"max_hp_gain":0,"max_hp_loss":0,"event_name":"Drug Dealer","floor":21,"gold_loss":0,"cards_obtained":["J.A.X."]}],"is_beta":false,"boss_relics":[{"not_picked":["SlaversCollar","Black Star"],"picked":"Cursed Key"}],"items_purged_floors":[14],"is_endless":false,"potions_floor_spawned":[1,7,8,16],"killed_by":"Slavers","ascension_level":20}}