{"host":"ktoxvvst1mwxww91","time":1613395452,"event":{"mods":["BaseMod","Downfall","Hermit","Minty Spire (QoL Compilation)","StSLib","The Hierophant","The Necromancer"],"gold_per_floor":[113,127,52,63,80,80,80,80,80,106,106,125,150,150,150,252,252,263,283,32,32,48,75,75,108,159,176,187,187,187,220,220,220,220],"floor_reached":33,"language":"ENG","playtime":1148,"items_purged":["hermit:Covet"],"score":460,"play_id":"676a78b7-9058-466e-bfa1-0b2416b8d79d","local_time":"20210215142412","is_ascension_mode":true,"campfire_choices":[{"data":"hermit:Maintenance","floor":6,"key":"SMITH"},{"data":"hermit:GhostlyPresence","floor":8,"key":"SMITH"},{"data":"hermit:CalledShot","floor":15,"key":"SMITH"},{"floor":24,"key":"REST"},{"floor":32,"key":"REST"}],"circlet_count":0,"master_deck":["AscendersBane","hermit:Strike_Hermit","hermit:Strike_Hermit","hermit:Strike_Hermit","hermit:Strike_Hermit","hermit:Defend_Hermit","hermit:Defend_Hermit","hermit:Defend_Hermit","hermit:Defend_Hermit","hermit:Snapshot","hermit:GhostlyPresence+1","hermit:Maintenance+1","hermit:CalledShot+1","hermit:HighCaliber","hermit:DeadOrAlive","hermit:Gestalt","hermit:BodyArmor","hermit:BodyArmor+1","hermit:Showdown","hermit:Gambit","hermit:Roulette","hermit:Determination+1","hermit:CalledShot"],"relics":["Sozu","Lantern","Pear","The Courier","White Beast Statue","Runic Pyramid","champ:DuelingGlove","Peace Pipe","Bag of Preparation","Slimebound:StickyStick","MutagenicStrength"],"acts_visited":["Exordium","TheCity"],"potions_floor_usage":[],"damage_taken":[{"damage":7,"enemies":"2 Louse","floor":1,"turns":3},{"damage":0,"enemies":"Cultist","floor":2,"turns":4},{"damage":3,"enemies":"Small Slimes","floor":4,"turns":3},{"damage":3,"enemies":"Looter","floor":5,"turns":4},{"damage":7,"enemies":"Lagavulin","floor":10,"turns":6},{"damage":15,"enemies":"Gremlin Gang","floor":12,"turns":6},{"damage":2,"enemies":"3 Sentries","floor":13,"turns":7},{"damage":39,"enemies":"The Guardian","floor":16,"turns":11},{"damage":4,"enemies":"Spheric Guardian","floor":18,"turns":5},{"damage":14,"enemies":"Shell Parasite","floor":19,"turns":6},{"damage":1,"enemies":"Snecko","floor":22,"turns":4},{"damage":8,"enemies":"Gremlin Leader","floor":23,"turns":9},{"damage":33,"enemies":"Slavers","floor":25,"turns":8},{"damage":0,"enemies":"Snake Plant","floor":27,"turns":3},{"damage":3,"enemies":"Centurion and Healer","floor":28,"turns":7},{"damage":20,"enemies":"Shelled Parasite and Fungi","floor":31,"turns":4},{"damage":80,"enemies":"Collector","floor":33,"turns":7}],"seed_played":"235911694809746783","potions_obtained":[],"is_trial":false,"path_per_floor":["M","M","$","M","M","R","$","R","T","E","?","M","E","?","R","B",null,"M","M","$","?","M","E","R","E","T","M","M","?","?","M","R","B"],"character_chosen":"HERMIT","items_purchased":["champ:DuelingGlove"],"campfire_rested":2,"item_purchase_floors":[20],"current_hp_per_floor":[61,61,61,58,55,55,55,55,55,58,85,70,68,43,43,4,65,61,47,47,41,40,32,57,24,24,24,21,49,49,29,54,0,0],"gold":220,"neow_bonus":"BOSS_RELIC","is_daily":false,"chose_seed":false,"campfire_upgraded":3,"win_rate":0.0,"timestamp":1613395452,"path_taken":["M","M","$","M","M","R","$","R","T","E","?","?","E","?","R","BOSS","M","M","$","?","M","E","R","E","T","?","M","?","?","M","R","BOSS"],"items_purchased_type":["Relic"],"build_version":"2020-12-22","purchased_purges":1,"victory":false,"max_hp_per_floor":[75,75,75,75,75,75,75,75,75,85,85,85,85,85,85,85,85,85,85,85,85,85,85,85,85,85,85,85,85,85,85,85,85,85],"card_choices":[{"not_picked":["hermit:DeadMansHand","hermit:Dive"],"picked":"hermit:GhostlyPresence","floor":1},{"not_picked":["hermit:Grudge","hermit:ItchyTrigger"],"picked":"hermit:Maintenance","floor":2},{"not_picked":["hermit:Manifest","hermit:CalledShot"],"picked":"hermit:GhostlyPresence","floor":4},{"not_picked":["hermit:Combo","hermit:Dive","hermit:Feint"],"picked":"SKIP","floor":5},{"not_picked":["hermit:Glare","hermit:Desperado","hermit:Virtue"],"picked":"SKIP","floor":10},{"not_picked":["hermit:Coalescence","hermit:FromBeyond"],"picked":"hermit:CalledShot","floor":12},{"not_picked":["hermit:Misfire","hermit:RoundhouseKick"],"picked":"hermit:HighCaliber","floor":13},{"not_picked":["hermit:Magnum","hermit:EternalForm"],"picked":"hermit:DeadOrAlive","floor":16},{"not_picked":["hermit:Dive+1","hermit:Brawl"],"picked":"hermit:Gestalt","floor":18},{"not_picked":["hermit:Cheat","hermit:Glare"],"picked":"hermit:BodyArmor","floor":19},{"not_picked":["hermit:Grudge+1","hermit:Headshot+1"],"picked":"hermit:BodyArmor+1","floor":22},{"not_picked":["hermit:BodyArmor+1","hermit:FlashPowder"],"picked":"hermit:Showdown","floor":23},{"not_picked":["hermit:Combo+1","hermit:Brawl+1"],"picked":"hermit:Gambit","floor":25},{"not_picked":["hermit:Feint","hermit:GoldenBullet"],"picked":"hermit:Roulette","floor":27},{"not_picked":["hermit:Headshot","hermit:SprayPray"],"picked":"hermit:Determination+1","floor":28},{"not_picked":["hermit:FinalCanter","hermit:ShadowCloak+1"],"picked":"hermit:CalledShot","floor":31}],"player_experience":1172436,"relics_obtained":[{"floor":9,"key":"Lantern"},{"floor":10,"key":"Pear"},{"floor":13,"key":"The Courier"},{"floor":23,"key":"Peace Pipe"},{"floor":25,"key":"Bag of Preparation"},{"floor":26,"key":"Slimebound:StickyStick"}],"event_choices":[{"cards_removed":["hermit:GhostlyPresence"],"damage_healed":27,"gold_gain":0,"player_choice":"Offered Uncommon","damage_taken":0,"max_hp_gain":0,"max_hp_loss":0,"event_name":"Bonfire Elementals","floor":11,"gold_loss":0},{"damage_healed":0,"gold_gain":0,"player_choice":"Success","damage_taken":25,"relics_obtained":["White Beast Statue"],"max_hp_gain":0,"max_hp_loss":0,"event_name":"Scrap Ooze","floor":14,"gold_loss":0},{"damage_healed":0,"gold_gain":0,"player_choice":"","damage_taken":6,"max_hp_gain":0,"max_hp_loss":0,"event_name":"Knowing Skull","floor":21,"potions_obtained":[],"gold_loss":0,"cards_obtained":[]},{"damage_healed":28,"gold_gain":0,"player_choice":"Heal","damage_taken":0,"max_hp_gain":0,"max_hp_loss":0,"event_name":"The Library","floor":29,"gold_loss":0},{"damage_healed":0,"gold_gain":0,"player_choice":"Inject Mutagens","damage_taken":0,"relics_obtained":["MutagenicStrength"],"max_hp_gain":0,"max_hp_loss":0,"event_name":"Drug Dealer","floor":30,"gold_loss":0}],"is_beta":false,"boss_relics":[{"not_picked":["Calling Bell","SacredBark"],"picked":"Runic Pyramid"}],"items_purged_floors":[3],"is_endless":false,"potions_floor_spawned":[1,5,10,16,18,19,22,23,25,27,28,31],"killed_by":"Collector","ascension_level":11}}