{"host":"29uuqgkzqd703i93","time":1613429110,"event":{"mods":["BaseMod","Minty Spire (QoL Compilation)"],"gold_per_floor":[116,116,139,89,104,104,122,142,142,22,36,36,79,4,4,133,133,154,170,193,292,292,292,336,361,388,388,388,388,388,388,388,508,508,531,531,41,104,104,104,50,69,119,119,119,31,47,0,0,0],"floor_reached":51,"language":"ENG","playtime":2866,"items_purged":["Strike_G","Shame","Normality"],"score":686,"play_id":"47d1691a-9625-446d-a5ca-33215212e691","local_time":"20210215234510","is_ascension_mode":false,"campfire_choices":[{"data":"Poisoned Stab","floor":6,"key":"SMITH"},{"floor":12,"key":"REST"},{"data":"Noxious Fumes","floor":15,"key":"SMITH"},{"floor":23,"key":"REST"},{"floor":27,"key":"REST"},{"data":"Deadly Poison","floor":29,"key":"SMITH"},{"data":"Footwork","floor":32,"key":"SMITH"},{"data":"Dash","floor":40,"key":"SMITH"},{"floor":49,"key":"REST"}],"circlet_count":0,"master_deck":["Defend_G","Defend_G","Defend_G","Survivor","Neutralize","Prepared","Deadly Poison+1","Poisoned Stab+1","Backstab","Bane","Noxious Fumes+1","Backstab","Footwork+1","Deadly Poison","Night Terror","Flying Knee","Poisoned Stab","Leg Sweep","PiercingWail","Bane","Bite","Bite","Bite","Bite","Bite","Unload","Crippling Poison+1","Dash+1","Poisoned Stab+1","Dark Shackles","Discovery+1","Deadly Poison","Footwork","Leap+1"],"relics":["Ring of the Snake","Golden Idol","Juzu Bracelet","Snake Skull","Sozu","Ornamental Fan","Vajra","Paper Crane","Astrolabe","PrismaticShard","Ancient Tea Set","Tough Bandages","Smiling Mask","Red Mask"],"acts_visited":["Exordium","TheCity","TheBeyond"],"potions_floor_usage":[33,33,50],"damage_taken":[{"damage":0,"enemies":"Small Slimes","floor":1,"turns":3},{"damage":3,"enemies":"Jaw Worm","floor":3,"turns":4},{"damage":0,"enemies":"Cultist","floor":5,"turns":4},{"damage":7,"enemies":"Exordium Wildlife","floor":7,"turns":5},{"damage":13,"enemies":"Exordium Thugs","floor":8,"turns":5},{"damage":0,"enemies":"Looter","floor":11,"turns":2},{"damage":14,"enemies":"Lagavulin","floor":13,"turns":7},{"damage":21,"enemies":"Hexaghost","floor":16,"turns":7},{"damage":5,"enemies":"Chosen","floor":18,"turns":4},{"damage":23,"enemies":"Spheric Guardian","floor":19,"turns":5},{"damage":6,"enemies":"Snecko","floor":20,"turns":4},{"damage":24,"enemies":"Slavers","floor":24,"turns":6},{"damage":0,"enemies":"Snake Plant","floor":25,"turns":4},{"damage":17,"enemies":"Automaton","floor":33,"turns":12},{"damage":5,"enemies":"3 Darklings","floor":35,"turns":4},{"damage":11,"enemies":"Mind Bloom Boss Battle","floor":38,"turns":6},{"damage":0,"enemies":"Orb Walker","floor":42,"turns":2},{"damage":12,"enemies":"Jaw Worm Horde","floor":47,"turns":4},{"damage":61,"enemies":"Awakened One","floor":50,"turns":17}],"seed_played":"-3878966722389286648","potions_obtained":[{"floor":0,"key":"Fire Potion"},{"floor":0,"key":"Strength Potion"},{"floor":0,"key":"GhostInAJar"},{"floor":13,"key":"DistilledChaos"}],"is_trial":false,"path_per_floor":["M","?","M","?","M","R","M","M","T","$","M","R","E","$","R","B",null,"M","M","M","?","?","R","E","M","T","R","?","R","?","?","R","B",null,"M","?","$","?","?","R","$","M","T","?","?","$","M","?","R","B",null],"character_chosen":"THE_SILENT","items_purchased":["Noxious Fumes","Backstab","PrismaticShard","Ancient Tea Set","Dark Shackles","Deadly Poison","Footwork"],"campfire_rested":4,"item_purchase_floors":[10,10,37,37,37,41,46],"current_hp_per_floor":[70,70,67,67,67,67,60,47,47,47,47,68,54,54,54,33,70,65,42,36,36,36,57,33,33,33,54,54,54,41,41,41,46,52,49,49,49,42,42,42,42,46,46,46,46,46,40,40,52,7],"gold":0,"neow_bonus":"THREE_SMALL_POTIONS","is_daily":false,"chose_seed":false,"campfire_upgraded":5,"win_rate":0.0,"timestamp":1613429110,"path_taken":["M","?","M","?","M","R","M","M","T","?","M","R","E","?","R","BOSS","M","M","M","?","?","R","E","M","T","R","?","R","?","?","R","BOSS","M","?","$","?","?","R","?","M","T","?","?","$","M","?","R","BOSS"],"items_purchased_type":["Card","Card","Relic","Relic","Card","Card","Card"],"build_version":"2020-12-22","purchased_purges":3,"victory":true,"max_hp_per_floor":[70,70,70,70,70,70,70,70,70,70,70,70,70,70,70,70,70,70,70,70,70,70,70,70,70,70,70,70,70,75,52,52,52,52,52,52,52,52,52,52,52,52,52,52,52,52,52,52,52,52],"card_choices":[{"not_picked":["Riddle With Holes","Dodge and Roll"],"picked":"Prepared","floor":1},{"not_picked":["Deflect","Masterful Stab"],"picked":"Deadly Poison","floor":3},{"not_picked":["Dagger Spray","Bane"],"picked":"Poisoned Stab","floor":5},{"not_picked":["Slice","Acrobatics"],"picked":"Backstab","floor":7},{"not_picked":["Cloak And Dagger","Deflect"],"picked":"Bane","floor":8},{"not_picked":["Predator","Flying Knee"],"picked":"Footwork","floor":11},{"not_picked":["Outmaneuver","Storm of Steel"],"picked":"Deadly Poison","floor":13},{"not_picked":["Venomology","Die Die Die"],"picked":"Night Terror","floor":16},{"not_picked":["Distraction","Sucker Punch"],"picked":"Flying Knee","floor":18},{"not_picked":["Setup","Sucker Punch"],"picked":"Poisoned Stab","floor":19},{"not_picked":["Setup","Blade Dance"],"picked":"Leg Sweep","floor":20},{"not_picked":["Blade Dance","Prepared"],"picked":"PiercingWail","floor":24},{"not_picked":["Cloak And Dagger","Slice"],"picked":"Bane","floor":25},{"not_picked":["Wraith Form v2","Venomology"],"picked":"Unload","floor":33},{"not_picked":["Leg Sweep+1","Quick Slash+1"],"picked":"Dash","floor":35},{"not_picked":["Dramatic Entrance+1","Eviscerate"],"picked":"Discovery+1","floor":38},{"not_picked":["Dark Embrace","Reinforced Body+1","Collect+1"],"picked":"SKIP","floor":42},{"not_picked":["Backflip+1","Hologram"],"picked":"Leap+1","floor":47}],"player_experience":107420,"relics_obtained":[{"floor":9,"key":"Juzu Bracelet"},{"floor":13,"key":"Snake Skull"},{"floor":24,"key":"Ornamental Fan"},{"floor":26,"key":"Vajra"},{"floor":38,"key":"Tough Bandages"},{"floor":43,"key":"Smiling Mask"}],"event_choices":[{"damage_healed":0,"gold_gain":0,"player_choice":"Take Wound","damage_taken":0,"relics_obtained":["Golden Idol"],"max_hp_gain":0,"max_hp_loss":0,"event_name":"Golden Idol","floor":2,"gold_loss":0,"cards_obtained":["Injury"]},{"cards_removed":["Strike_G"],"damage_healed":0,"gold_gain":0,"player_choice":"Card Removal","damage_taken":0,"max_hp_gain":0,"max_hp_loss":0,"event_name":"The Cleric","floor":4,"gold_loss":50},{"damage_healed":0,"gold_gain":99,"player_choice":"Stole From Cult","damage_taken":0,"max_hp_gain":0,"max_hp_loss":0,"event_name":"Nest","floor":21,"gold_loss":0},{"cards_removed":["Strike_G"],"damage_healed":0,"gold_gain":0,"player_choice":"Elegance","damage_taken":0,"max_hp_gain":0,"max_hp_loss":0,"event_name":"Back to Basics","floor":22,"gold_loss":0},{"damage_healed":0,"gold_gain":0,"player_choice":"Opened","damage_taken":0,"relics_obtained":["Paper Crane"],"max_hp_gain":0,"max_hp_loss":0,"event_name":"The Mausoleum","floor":28,"gold_loss":0,"cards_obtained":["Writhe"]},{"damage_healed":0,"gold_gain":0,"player_choice":"Shed Blood","damage_taken":18,"max_hp_gain":5,"max_hp_loss":0,"event_name":"Forgotten Altar","floor":30,"gold_loss":0},{"damage_healed":0,"gold_gain":0,"player_choice":"Became a vampire","damage_taken":0,"max_hp_gain":0,"max_hp_loss":23,"event_name":"Vampires","floor":31,"gold_loss":0,"cards_obtained":["Bite","Bite","Bite","Bite","Bite"]},{"damage_healed":0,"gold_gain":0,"player_choice":"Copied","damage_taken":0,"max_hp_gain":0,"max_hp_loss":0,"event_name":"Duplicator","floor":36,"gold_loss":0,"cards_obtained":["Poisoned Stab"]},{"damage_healed":0,"gold_gain":0,"player_choice":"Fight","damage_taken":0,"max_hp_gain":0,"max_hp_loss":0,"event_name":"MindBloom","floor":38,"gold_loss":0},{"damage_healed":0,"gold_gain":0,"player_choice":"Got Potions","damage_taken":0,"max_hp_gain":0,"max_hp_loss":0,"event_name":"Lab","floor":39,"gold_loss":0},{"cards_removed":["Defend_G"],"damage_healed":0,"gold_gain":0,"player_choice":"Removed Skill","damage_taken":0,"max_hp_gain":0,"max_hp_loss":0,"event_name":"Falling","floor":44,"gold_loss":0},{"damage_healed":0,"gold_gain":0,"player_choice":"Ignored","damage_taken":0,"max_hp_gain":0,"max_hp_loss":0,"event_name":"SecretPortal","floor":45,"gold_loss":0},{"damage_healed":0,"gold_gain":0,"player_choice":"Paid","damage_taken":0,"relics_obtained":["Red Mask"],"max_hp_gain":0,"max_hp_loss":0,"event_name":"Tomb of Lord Red Mask","floor":48,"gold_loss":47}],"is_beta":false,"boss_relics":[{"not_picked":["Velvet Choker","Ring of the Serpent"],"picked":"Sozu"},{"not_picked":["Coffee Dripper","Cursed Key"],"picked":"Astrolabe"}],"items_purged_floors":[14,37,46],"is_endless":false,"potions_floor_spawned":[3,8,13,24,33,47],"ascension_level":0}}