{"host":"677pyieivi7bw41p","time":1613349217,"event":{"mods":["BaseMod","Minty Spire (QoL Compilation)"],"gold_per_floor":[115,133,58,58,68,97,97,116,116,151,165,165,195,195,195,294,294,308,110,138,158,83,113,113,125,149,99,131,143,65,65,65,160,160,171,183,235,255,130,130,142,172,172,172,188,8,8,8,8,8],"floor_reached":51,"language":"ENG","playtime":5052,"items_purged":["Strike_B","Strike_B","Turbo+1"],"score":758,"play_id":"3da3b960-2a9c-4956-94b5-10df3545578b","local_time":"20210214183337","is_ascension_mode":false,"campfire_choices":[{"data":"Zap","floor":7,"key":"SMITH"},{"data":"Go for the Eyes","floor":12,"key":"SMITH"},{"data":"Echo Form","floor":15,"key":"SMITH"},{"data":"Go for the Eyes","floor":24,"key":"SMITH"},{"floor":32,"key":"REST"},{"data":"FTL","floor":40,"key":"SMITH"},{"data":"Metamorphosis","floor":47,"key":"SMITH"},{"floor":49,"key":"REST"}],"circlet_count":0,"master_deck":["Defend_B+1","Defend_B+1","Defend_B+1","Defend_B+1","Melter+1","Iron Wave+1","Go for the Eyes+1","Steam+1","Echo Form+1","Beam Cell+1","Go for the Eyes+1","Reboot+1","Glacier+1","Beam Cell+1","Hologram+1","Conserve Battery+1","BootSequence+1","Steam+1","Stack+1","Conserve Battery+1","Leap+1","Sweeping Beam+1","Self Repair+1","Bite+1","Bite+1","Bite+1","Bite+1","Bite+1","Hyperbeam+1","Sweeping Beam+1","Go for the Eyes+1","FTL+1","Go for the Eyes+1","Leap+1","Streamline+1","Metamorphosis+1"],"relics":["Cracked Core","Cables","Shuriken","Happy Flower","Bird Faced Urn","Letter Opener","Nuclear Battery","Red Mask","Bronze Scales","Oddly Smooth Stone","Kunai","Astrolabe","Turnip","Ancient Tea Set","Vajra","Mark of the Bloom"],"acts_visited":["Exordium","TheCity","TheBeyond"],"potions_floor_usage":[33,41],"damage_taken":[{"damage":0,"enemies":"Small Slimes","floor":1,"turns":3},{"damage":1,"enemies":"Cultist","floor":2,"turns":3},{"damage":1,"enemies":"Jaw Worm","floor":5,"turns":4},{"damage":16,"enemies":"Lagavulin","floor":6,"turns":7},{"damage":4,"enemies":"Blue Slaver","floor":8,"turns":3},{"damage":7,"enemies":"Gremlin Nob","floor":10,"turns":3},{"damage":0,"enemies":"Large Slime","floor":11,"turns":4},{"damage":10,"enemies":"Lagavulin","floor":13,"turns":5},{"damage":39,"enemies":"Hexaghost","floor":16,"turns":8},{"damage":11,"enemies":"2 Thieves","floor":18,"turns":4},{"damage":26,"enemies":"Masked Bandits","floor":20,"turns":5},{"damage":0,"enemies":"Shell Parasite","floor":21,"turns":4},{"damage":14,"enemies":"Book of Stabbing","floor":23,"turns":7},{"damage":0,"enemies":"Chosen and Byrds","floor":25,"turns":5},{"damage":12,"enemies":"Gremlin Leader","floor":28,"turns":8},{"damage":0,"enemies":"Centurion and Healer","floor":29,"turns":6},{"damage":19,"enemies":"Automaton","floor":33,"turns":9},{"damage":8,"enemies":"3 Shapes","floor":35,"turns":7},{"damage":10,"enemies":"3 Darklings","floor":36,"turns":7},{"damage":18,"enemies":"2 Orb Walkers","floor":37,"turns":4},{"damage":0,"enemies":"Sphere and 2 Shapes","floor":38,"turns":5},{"damage":5,"enemies":"4 Shapes","floor":41,"turns":9},{"damage":7,"enemies":"Giant Head","floor":42,"turns":11},{"damage":0,"enemies":"3 Darklings","floor":45,"turns":6},{"damage":17,"enemies":"Awakened One","floor":50,"turns":12}],"seed_played":"-3660287775462549070","potions_obtained":[{"floor":5,"key":"EssenceOfDarkness"},{"floor":6,"key":"Energy Potion"},{"floor":8,"key":"SpeedPotion"},{"floor":33,"key":"Dexterity Potion"},{"floor":37,"key":"Swift Potion"},{"floor":45,"key":"FairyPotion"}],"is_trial":false,"path_per_floor":["M","M","$","?","M","E","R","M","T","E","M","R","E","?","R","B",null,"M","$","?","M","?","E","R","M","T","$","E","M","$","?","R","B",null,"M","M","?","M","$","R","M","E","T","?","M","$","R","?","R","B",null],"character_chosen":"DEFECT","items_purchased":["Beam Cell","Hologram","Conserve Battery","Self Repair","Metamorphosis"],"campfire_rested":2,"item_purchase_floors":[19,19,27,30,46],"current_hp_per_floor":[82,81,81,81,80,64,64,60,60,53,53,53,43,40,40,3,82,73,73,49,51,51,37,37,39,39,39,29,29,29,29,46,54,57,56,57,43,47,47,47,57,57,57,57,57,57,57,57,57,40],"gold":8,"neow_bonus":"TEN_PERCENT_HP_BONUS","is_daily":false,"chose_seed":false,"campfire_upgraded":6,"win_rate":0.0,"timestamp":1613349217,"path_taken":["M","M","$","?","M","E","R","?","T","E","M","R","E","?","R","BOSS","M","$","?","M","?","E","R","M","T","$","E","M","$","?","R","BOSS","M","M","?","M","$","R","M","E","T","?","?","$","R","?","R","BOSS"],"items_purchased_type":["Card","Card","Card","Card","Card"],"build_version":"2020-12-22","purchased_purges":3,"victory":true,"max_hp_per_floor":[82,82,82,82,82,82,82,82,82,82,82,82,82,82,82,82,82,82,82,82,82,82,82,82,82,82,82,82,82,82,57,57,57,57,57,57,57,57,57,57,57,57,57,57,57,57,57,57,57,57],"card_choices":[{"not_picked":["Stack","Hologram"],"picked":"Melter","floor":1},{"not_picked":["Heatsinks","Reprogram"],"picked":"Steam","floor":2},{"not_picked":["Hello World","Conserve Battery"],"picked":"Go for the Eyes","floor":5},{"not_picked":["Consume","Meteor Strike"],"picked":"Ball Lightning","floor":6},{"not_picked":["Compile Driver","Turbo"],"picked":"Steam","floor":8},{"not_picked":["Steam","Beam Cell"],"picked":"Echo Form","floor":10},{"not_picked":["Stack","Steam"],"picked":"Beam Cell","floor":11},{"not_picked":["Capacitor","Doom and Gloom"],"picked":"Go for the Eyes","floor":13},{"not_picked":["Electrodynamics","Fission"],"picked":"Reboot","floor":16},{"not_picked":["Aggregate","Hello World"],"picked":"Glacier","floor":18},{"not_picked":["Leap","Coolheaded+1"],"picked":"Conserve Battery+1","floor":20},{"not_picked":["Ball Lightning","Streamline"],"picked":"BootSequence","floor":21},{"not_picked":["Tempest+1","Amplify"],"picked":"Steam","floor":23},{"not_picked":["Recycle","BootSequence+1"],"picked":"Stack","floor":25},{"not_picked":["BootSequence","Redo"],"picked":"Leap+1","floor":28},{"not_picked":["Darkness+1","Coolheaded+1"],"picked":"Sweeping Beam","floor":29},{"not_picked":["Biased Cognition","Core Surge"],"picked":"Hyperbeam","floor":33},{"not_picked":["Steam Power","Hologram"],"picked":"Go for the Eyes","floor":35},{"not_picked":["Genetic Algorithm","Barrage"],"picked":"FTL","floor":36},{"not_picked":["Cold Snap+1","Barrage+1"],"picked":"Go for the Eyes+1","floor":38},{"not_picked":["Barrage+1","Rebound","Hello World+1"],"picked":"SKIP","floor":41},{"not_picked":["Force Field+1","Chaos+1","Ball Lightning"],"picked":"SKIP","floor":42},{"not_picked":["Thunder Strike","Go for the Eyes"],"picked":"Streamline+1","floor":45}],"player_experience":16020,"relics_obtained":[{"floor":6,"key":"Cables"},{"floor":9,"key":"Shuriken"},{"floor":10,"key":"Happy Flower"},{"floor":13,"key":"Bird Faced Urn"},{"floor":20,"key":"Red Mask"},{"floor":23,"key":"Bronze Scales"},{"floor":26,"key":"Oddly Smooth Stone"},{"floor":28,"key":"Kunai"},{"floor":37,"key":"Turnip"},{"floor":42,"key":"Ancient Tea Set"},{"floor":43,"key":"Vajra"}],"event_choices":[{"cards_removed":["Steam"],"damage_healed":0,"gold_gain":0,"player_choice":"Took Card","damage_taken":0,"max_hp_gain":0,"max_hp_loss":0,"event_name":"NoteForYourself","floor":4,"gold_loss":0,"cards_obtained":["Iron Wave"]},{"damage_healed":0,"gold_gain":0,"player_choice":"Success","damage_taken":3,"relics_obtained":["Letter Opener"],"max_hp_gain":0,"max_hp_loss":0,"event_name":"Scrap Ooze","floor":14,"gold_loss":0},{"damage_healed":0,"gold_gain":0,"player_choice":"Fought Bandits","damage_taken":0,"max_hp_gain":0,"max_hp_loss":0,"event_name":"Masked Bandits","floor":20,"gold_loss":0},{"cards_removed":["Strike_B"],"damage_healed":0,"gold_gain":0,"player_choice":"Gave Gold","damage_taken":0,"max_hp_gain":0,"max_hp_loss":0,"event_name":"Beggar","floor":22,"gold_loss":75},{"damage_healed":0,"gold_gain":0,"player_choice":"Became a vampire","damage_taken":0,"max_hp_gain":0,"max_hp_loss":25,"event_name":"Vampires","floor":31,"gold_loss":0,"cards_obtained":["Bite","Bite","Bite","Bite","Bite"]},{"damage_healed":0,"gold_gain":0,"player_choice":"Fight","damage_taken":0,"max_hp_gain":0,"max_hp_loss":0,"event_name":"Mysterious Sphere","floor":37,"gold_loss":0},{"damage_healed":0,"gold_gain":0,"cards_transformed":["Turbo"],"player_choice":"Transformed","damage_taken":0,"max_hp_gain":0,"max_hp_loss":0,"event_name":"Transmorgrifier","floor":44,"gold_loss":0,"cards_obtained":["Leap"]},{"damage_healed":0,"gold_gain":0,"player_choice":"Upgrade","damage_taken":0,"relics_obtained":["Mark of the Bloom"],"max_hp_gain":0,"max_hp_loss":0,"event_name":"MindBloom","floor":48,"gold_loss":0,"cards_upgraded":["Defend_B","Defend_B","Defend_B","Defend_B","Melter","Iron Wave","Steam","Beam Cell","Reboot","Glacier","Beam Cell","Hologram","BootSequence","Steam","Stack","Conserve Battery","Sweeping Beam","Self Repair","Bite","Bite","Bite","Bite","Bite","Hyperbeam","Go for the Eyes","Leap"]}],"is_beta":false,"boss_relics":[{"not_picked":["Empty Cage","Ectoplasm"],"picked":"Nuclear Battery"},{"not_picked":["Runic Dome","Busted Crown"],"picked":"Astrolabe"}],"items_purged_floors":[3,19,39],"is_endless":false,"potions_floor_spawned":[5,6,8,18,20,29,33,37,45],"ascension_level":0}}