{"host":"7ij4m6ehapfophuy","time":1613425996,"event":{"mods":["BaseMod","Bestiary","Curses Come First","Filter the Spire","Minty Spire (QoL Compilation)","Relic Stats","StSLib","ojb\u0027s Better Paths Mod"],"gold_per_floor":[119,119,119,134,149,183,253,9,61,61,73,104,116,147,147,224,224,242,242,242,242],"floor_reached":20,"language":"ENG","playtime":1240,"items_purged":[],"score":384,"play_id":"e386d262-5c0b-48ad-ac1d-054d9ad649f7","local_time":"20210215165316","is_ascension_mode":true,"campfire_choices":[{"floor":10.0,"key":"REST"},{"data":"Streamline","floor":15.0,"key":"SMITH"}],"circlet_count":0,"master_deck":["AscendersBane","Strike_B","Strike_B","Defend_B","Defend_B","Defend_B","Defend_B","Zap","Dualcast","Cold Snap","Melter","Tempest","Melter","Genetic Algorithm","Streamline+1","Machine Learning","Tempest","Rainbow","Coolheaded"],"relics":["Philosopher\u0027s Stone","Happy Flower","Blood Vial","Regal Pillow","Bag of Preparation","Symbiotic Virus","Cursed Key"],"acts_visited":["Exordium","TheCity"],"potions_floor_usage":[16,16],"damage_taken":[{"damage":3.0,"enemies":"Jaw Worm","floor":1.0,"turns":3.0},{"damage":5.0,"enemies":"2 Louse","floor":4.0,"turns":3.0},{"damage":0.0,"enemies":"Cultist","floor":5.0,"turns":3.0},{"damage":33.0,"enemies":"Gremlin Nob","floor":6.0,"turns":4.0},{"damage":6.0,"enemies":"3 Louse","floor":11.0,"turns":3.0},{"damage":25.0,"enemies":"Lagavulin","floor":12.0,"turns":5.0},{"damage":0.0,"enemies":"Blue Slaver","floor":13.0,"turns":2.0},{"damage":31.0,"enemies":"3 Sentries","floor":14.0,"turns":6.0},{"damage":6,"enemies":"Hexaghost","floor":16,"turns":6},{"damage":20,"enemies":"Shell Parasite","floor":18,"turns":3},{"damage":40,"enemies":"3 Byrds","floor":20,"turns":3}],"seed_played":"-7323709421206859276","potions_obtained":[{"floor":1.0,"key":"DistilledChaos"},{"floor":6.0,"key":"Explosive Potion"},{"floor":13.0,"key":"Explosive Potion"}],"is_trial":false,"path_per_floor":["M","?","?","M","M","E","?","$","T","R","M","E","M","E","R","B",null,"M","?","M"],"character_chosen":"DEFECT","items_purchased":["Blood Vial","LiquidBronze"],"campfire_rested":1,"item_purchase_floors":[8,8],"current_hp_per_floor":[61,61,61,56,56,23,23,23,23,59,55,32,34,5,5,1,54,36,36,0,0],"gold":242,"neow_bonus":"BOSS_RELIC","is_daily":false,"chose_seed":false,"campfire_upgraded":1,"win_rate":0.0,"timestamp":1613425996,"path_taken":["M","?","?","?","M","E","?","$","T","R","M","E","M","E","R","BOSS","M","?","M"],"items_purchased_type":["Relic","Potion"],"build_version":"2020-12-22","purchased_purges":0,"victory":false,"max_hp_per_floor":[71,71,71,71,71,71,71,71,71,71,71,71,71,71,71,71,71,71,71,71,71],"relic_stats":{"Blood Vial":14,"Regal Pillow":15,"Happy Flower":[9],"counters":[11,41],"Bag of Preparation":[10],"Cursed Key":0,"obtain_stats":[{"Blood Vial":8,"Regal Pillow":9,"Happy Flower":6,"Philosopher\u0027s Stone":0,"Bag of Preparation":12,"Cracked Core":0,"Symbiotic Virus":14,"Cursed Key":17},{"Blood Vial":4,"Regal Pillow":4,"Happy Flower":4,"Philosopher\u0027s Stone":0,"Bag of Preparation":6,"Cracked Core":0,"Symbiotic Virus":8,"Cursed Key":9},{"Blood Vial":13,"Regal Pillow":13,"Happy Flower":13,"Philosopher\u0027s Stone":0,"Bag of Preparation":21,"Cracked Core":0,"Symbiotic Virus":29,"Cursed Key":35}]},"card_choices":[{"not_picked":["Chaos","Leap"],"picked":"Cold Snap","floor":1.0},{"not_picked":["Go for the Eyes","Redo"],"picked":"Tempest","floor":4.0},{"not_picked":["Storm","Blizzard"],"picked":"Melter","floor":5.0},{"not_picked":["Reprogram","Go for the Eyes"],"picked":"Genetic Algorithm","floor":6.0},{"not_picked":["Leap","Redo","Stack"],"picked":"SKIP","floor":11.0},{"not_picked":["Loop","Steam"],"picked":"Streamline","floor":12.0},{"not_picked":["Stack","Hello World"],"picked":"Machine Learning","floor":13.0},{"not_picked":["Coolheaded","Compile Driver"],"picked":"Tempest","floor":14.0},{"not_picked":["Hyperbeam","Multi-Cast"],"picked":"Rainbow","floor":16},{"not_picked":["Storm+1","Force Field"],"picked":"Coolheaded","floor":18}],"player_experience":1135743,"relics_obtained":[{"floor":6.0,"key":"Happy Flower"},{"floor":9.0,"key":"Regal Pillow"},{"floor":12.0,"key":"Bag of Preparation"},{"floor":14.0,"key":"Symbiotic Virus"}],"event_choices":[{"damage_healed":0.0,"max_hp_gain":0.0,"max_hp_loss":0.0,"gold_gain":0.0,"cards_transformed":["Strike_B"],"event_name":"Living Wall","player_choice":"Change","floor":2.0,"gold_loss":0.0,"damage_taken":0.0,"cards_obtained":["Melter"]},{"cards_removed":["Strike_B"],"damage_healed":0.0,"max_hp_gain":0.0,"max_hp_loss":0.0,"gold_gain":0.0,"event_name":"Purifier","player_choice":"Purged","floor":3.0,"gold_loss":0.0,"damage_taken":0.0},{"damage_healed":0.0,"max_hp_gain":0.0,"max_hp_loss":0.0,"gold_gain":70.0,"event_name":"Golden Wing","player_choice":"Gained Gold","floor":7.0,"gold_loss":0.0,"damage_taken":0.0},{"damage_healed":0,"gold_gain":0,"player_choice":"Ignored","damage_taken":0,"max_hp_gain":0,"max_hp_loss":0,"event_name":"The Mausoleum","floor":19,"gold_loss":0}],"is_beta":false,"boss_relics":[{"not_picked":["Fusion Hammer","Sozu"],"picked":"Cursed Key"}],"items_purged_floors":[],"is_endless":false,"potions_floor_spawned":[1,6,11,13],"killed_by":"3 Byrds","ascension_level":20}}