{"host":"qp7xs8nuzfsyommi","time":1613418274,"event":{"mods":["2.2 Compatiblity","BaseMod","Colored Powertips","DeckTracker","Highlight Path","Minty Spire (QoL Compilation)","Permanent Neow","Quick Restart","StSLib"],"gold_per_floor":[118,118,144,173,200,212,235,261,273,298,310,337,360,406,418,430,430],"floor_reached":16,"language":"ENG","playtime":570,"items_purged":[],"score":212,"play_id":"485cbde1-2b22-4f20-a58c-cef09aa83aa0","local_time":"20210215144434","is_ascension_mode":true,"campfire_choices":[{"data":"Zap","floor":6.0,"key":"SMITH"},{"floor":11.0,"key":"REST"},{"data":"Streamline","floor":15,"key":"SMITH"}],"circlet_count":0,"master_deck":["AscendersBane","Strike_B","Strike_B","Strike_B","Strike_B","Defend_B","Defend_B","Defend_B","Defend_B","Zap+1","Dualcast","Decay","All For One","Go for the Eyes","Beam Cell","Chaos","Genetic Algorithm","Hyperbeam","Streamline+1","Undo"],"relics":["Cracked Core","MawBank","Singing Bowl","Happy Flower"],"acts_visited":["Exordium"],"potions_floor_usage":[12,14],"damage_taken":[{"damage":9.0,"enemies":"Small Slimes","floor":1.0,"turns":4.0},{"damage":9.0,"enemies":"Jaw Worm","floor":4.0,"turns":3.0},{"damage":1.0,"enemies":"Cultist","floor":5.0,"turns":3.0},{"damage":16.0,"enemies":"Large Slime","floor":7.0,"turns":5.0},{"damage":10.0,"enemies":"3 Louse","floor":8.0,"turns":3.0},{"damage":18.0,"enemies":"Red Slaver","floor":10.0,"turns":4.0},{"damage":10,"enemies":"Gremlin Gang","floor":12,"turns":3},{"damage":0,"enemies":"2 Fungi Beasts","floor":13,"turns":1},{"damage":11,"enemies":"Lagavulin","floor":14,"turns":5},{"damage":15,"enemies":"Slime Boss","floor":16,"turns":4}],"seed_played":"7754270865123129026","potions_obtained":[{"floor":1.0,"key":"AttackPotion"},{"floor":5.0,"key":"AttackPotion"},{"floor":7.0,"key":"DistilledChaos"}],"is_trial":false,"path_per_floor":["M","?","T","M","M","R","M","M","T","M","R","M","M","E","R","B"],"character_chosen":"DEFECT","items_purchased":[],"campfire_rested":1,"item_purchase_floors":[],"current_hp_per_floor":[55,60,60,51,50,50,34,24,24,8,31,23,23,12,12,0,0],"gold":430,"neow_bonus":"THREE_RARE_CARDS","is_daily":false,"chose_seed":false,"campfire_upgraded":2,"win_rate":0.0,"timestamp":1613418274,"path_taken":["M","?","?","M","M","R","M","M","T","M","R","?","M","E","R","BOSS"],"items_purchased_type":[],"build_version":"2020-12-22","purchased_purges":0,"victory":false,"max_hp_per_floor":[71,76,76,76,76,76,76,76,76,78,78,80,80,80,80,80,80],"card_choices":[{"not_picked":["Hyperbeam","Biased Cognition"],"picked":"All For One","floor":0.0},{"not_picked":["Tempest","Hello World"],"picked":"Go for the Eyes","floor":1.0},{"not_picked":["Barrage","Melter"],"picked":"Beam Cell","floor":4.0},{"not_picked":["Lockon","Ball Lightning"],"picked":"Chaos","floor":5.0},{"not_picked":["Recycle","Compile Driver"],"picked":"Genetic Algorithm","floor":7.0},{"not_picked":["Turbo","Auto Shields"],"picked":"Hyperbeam","floor":8.0},{"not_picked":["Turbo","Coolheaded","Blizzard"],"picked":"Singing Bowl","floor":10.0},{"not_picked":["Hologram","Go for the Eyes","Defragment"],"picked":"Singing Bowl","floor":12},{"not_picked":["Steam Power","Rip and Tear"],"picked":"Streamline","floor":13},{"not_picked":["Barrage","Beam Cell"],"picked":"Undo","floor":14}],"player_experience":1913956,"relics_obtained":[{"floor":3.0,"key":"MawBank"},{"floor":9.0,"key":"Singing Bowl"},{"floor":14,"key":"Happy Flower"}],"event_choices":[{"damage_healed":0.0,"max_hp_gain":5.0,"max_hp_loss":0.0,"gold_gain":0.0,"event_name":"Big Fish","player_choice":"Donut","floor":2.0,"gold_loss":0.0,"damage_taken":0.0}],"is_beta":false,"boss_relics":[],"items_purged_floors":[],"is_endless":false,"potions_floor_spawned":[1,5,7,10],"killed_by":"Slime Boss","ascension_level":20}}