{"host":"sl5hpy1jvdbpn5jq","time":1613352238,"event":{"mods":["Act Like it!","Ascension Reborn","BaseMod","Better Skull","Downfall","Elementarium","GifTheSpireLib","Halation","Hubris","Minty Spire (QoL Compilation)","Permanent Neow","Replay The Spire","Shop Mod","Spicy Shops","StSLib","The Jungle"],"gold_per_floor":[99,156,216,216,216,303,354,354,456,87,112,211,112,169,226,526,526,426,480,528,528,528,528,528],"floor_reached":22,"language":"ENG","playtime":1241,"items_purged":[],"score":252,"play_id":"75d9453c-55d2-4525-ac24-60b46e31e671","local_time":"20210214192358","daily_mods":["Vintage","Heirloom","Time Dilation","Flight","downfall:Jewelcrafting","Elite Swarm","Lethality","Midas"],"is_ascension_mode":true,"campfire_choices":[{"floor":18,"key":"RECALL"}],"circlet_count":0,"master_deck":["Feed+1","champ:Strike+1","champ:Strike+1","champ:Strike+1","champ:Strike+1","champ:Defend+1","champ:Defend+1","champ:Defend+1","champ:Defend+1","champ:Execute+1","champ:Taunt+1","Guardian:ExploitGems","Guardian:ExploitGems+1","Guardian:Gem_Cyan","Guardian:Gem_Yellow","champ:TripleStrike","champ:IgnorePain","champ:RecklessLeap","champ:ShieldSlam","champ:UltimateStance","champ:Lariat","champ:TripleStrike+1"],"relics":["champ:ChampionCrownUpgraded","Guardian:PickAxe","Turnip","sneckomod:BlankCard","champ:DefensiveTrainingManual","champ:LiftRelic","Bottled Flame","hubris:OldNail","Shuriken","Molten Egg 2","Art of War","Replay:Towering Pillar of Hats","Replay:Wax Seal","Bag of Preparation","Dream Catcher","downfall:HeartBlessingBlue","Regal Pillow","Ice Cream","Toy Ornithopter","hubris:TenFootPole","halation:AfternoonTea","Smiling Mask","Oddly Smooth Stone"],"acts_visited":["Exordium","TheCity"],"potions_floor_usage":[16,16,22],"damage_taken":[{"damage":10,"enemies":"Small Slimes","floor":2,"turns":2},{"damage":0,"enemies":"Jaw Worm","floor":3,"turns":2},{"damage":28,"enemies":"Gremlin Nob","floor":6,"turns":5},{"damage":46,"enemies":"Lagavulin","floor":9,"turns":6},{"damage":37,"enemies":"downfall:FleeingMerchant","floor":10,"turns":4},{"damage":22,"enemies":"Replay:BlueRogue","floor":12,"turns":3},{"damage":10,"enemies":"downfall:FleeingMerchant","floor":13,"turns":4},{"damage":0,"enemies":"2 Louse","floor":14,"turns":1},{"damage":0,"enemies":"Red Slaver","floor":15,"turns":2},{"damage":13,"enemies":"IC_STATUS_ARCHETYPE","floor":16,"turns":4},{"damage":15,"enemies":"Shell Parasite","floor":19,"turns":1},{"damage":37,"enemies":"3 Byrds","floor":20,"turns":5},{"damage":27,"enemies":"downfall:FleeingMerchant","floor":22,"turns":2}],"seed_played":"-1638845224385208244","potions_obtained":[{"floor":3,"key":"Death Potion"},{"floor":6,"key":"LiquidMemories"},{"floor":9,"key":"Doom Potion"},{"floor":14,"key":"champ:OpenerPotion"},{"floor":19,"key":"DuplicationPotion"}],"is_trial":true,"path_per_floor":["R","M","M","?","T","E","T","?","E","$","T","E","$","M","M","B",null,"R","M","M","?","$"],"character_chosen":"THE_CHAMP","items_purchased":["champ:ShieldSlam","Molten Egg 2","Replay:Wax Seal"],"campfire_rested":0,"item_purchase_floors":[10,10,13],"current_hp_per_floor":[90,94,98,98,98,74,74,74,47,25,25,13,13,17,17,14,110,120,120,112,15,0,0,0],"gold":528,"neow_bonus":"","is_daily":false,"chose_seed":false,"campfire_upgraded":0,"win_rate":0.0,"timestamp":1613352238,"path_taken":["R","M","M","?","?","E","T","?","E","?","?","E","$","?","M","BOSS","R","M","M","?","?"],"items_purchased_type":["Card","Relic","Relic"],"build_version":"2020-12-22","purchased_purges":0,"victory":false,"max_hp_per_floor":[90,94,98,98,98,102,102,102,106,106,106,106,106,110,110,110,110,120,120,124,124,124,124,124],"card_choices":[{"not_picked":["champ:Devastate","champ:MurderStrike"],"picked":"champ:TripleStrike","floor":6},{"not_picked":["champ:DancingMaster","champ:SteelEdge"],"picked":"champ:IgnorePain","floor":9},{"not_picked":["champ:FocusedDefense","champ:EnGarde"],"picked":"champ:RecklessLeap","floor":10},{"not_picked":["champ:DancingMaster","champ:ShieldThrow+1"],"picked":"champ:UltimateStance","floor":12},{"not_picked":["champ:DefensiveShout","champ:FlashCut+1"],"picked":"champ:Lariat","floor":13},{"not_picked":["champ:DancingMaster","champ:Improvising"],"picked":"champ:TripleStrike+1","floor":16}],"player_experience":223290,"relics_obtained":[{"floor":2,"key":"sneckomod:BlankCard"},{"floor":3,"key":"champ:DefensiveTrainingManual"},{"floor":6,"key":"Bottled Flame"},{"floor":7,"key":"hubris:OldNail"},{"floor":9,"key":"Shuriken"},{"floor":11,"key":"Art of War"},{"floor":12,"key":"Replay:Towering Pillar of Hats"},{"floor":14,"key":"Bag of Preparation"},{"floor":15,"key":"Dream Catcher"},{"floor":19,"key":"Regal Pillow"},{"floor":20,"key":"Ice Cream"}],"event_choices":[{"damage_healed":0,"gold_gain":0,"player_choice":"RE RE RE RE RE ","damage_taken":156,"relics_obtained":["Toy Ornithopter","hubris:TenFootPole","halation:AfternoonTea","Smiling Mask","Oddly Smooth Stone"],"max_hp_gain":0,"max_hp_loss":0,"event_name":"betterSkull:BetterSkull","floor":21,"gold_loss":0,"cards_upgraded":[]}],"is_beta":false,"boss_relics":[{"not_picked":["halation:ForbiddenBikini","halation:LoveArrow"],"picked":"champ:ChampionCrownUpgraded"}],"items_purged_floors":[],"is_endless":false,"potions_floor_spawned":[3,6,9,14,19],"killed_by":"downfall:FleeingMerchant","ascension_level":0}}