{"host":"8e3sp1tozjyrh64l","time":1613410743,"event":{"mods":["Act Like it!","BaseMod","Better Altar","Better Match","Better Note","Better Sensory Stone","Better Silent Start","Better Skull","Better Third Choice","BetterRewards","Conspire","Curses Come First","Defuse TimeMaze Blight","Infinite Spire","Minty Spire (QoL Compilation)","Permanent Neow","Rare Cards Sparkle","Relic Sorter","Reliquary","Replay The Spire","Shop Mod","Spicy Shops","StSLib","SuperFastMode","The Jungle","The Necromancer","Wandering Minibosses"],"gold_per_floor":[113,113,288,307,307,307,325,354,354,26,26,41,4,49,49,165,165,183,211,211,211,234,246,246],"floor_reached":23,"language":"ENG","playtime":683,"items_purged":["Doubt"],"score":199,"play_id":"0711ce14-8ab5-4337-9f22-3f14099f214f","local_time":"20210215103903","is_ascension_mode":false,"campfire_choices":[{"data":"Negative_Energy_Sphere","floor":6,"key":"SMITH"},{"data":"Summon_Lich","floor":11,"key":"SMITH"},{"data":"Summon_Undead_Army","floor":15,"key":"SMITH"}],"circlet_count":0,"master_deck":["Strike_W","Strike_W","Strike_W","Strike_W","Defend_W","Defend_W","Defend_W","Defend_W","Negative_Energy_Arrows+1","Bone_Wall","Negative_Energy_Sphere+1","Summon_Undead_Army+1","Grasp_Heart","Summon_Lich+1","Summon_Lich","Vampiric_Strike+1"],"relics":["Vampire_Amulet","reliquary:TridentHead","Singing Bowl","Replay:Bottled Flurry","Membership Card","BranchBurnRelic","Replay:Bandana","reliquary:QuartzCube","Nloth\u0027s Gift"],"acts_visited":["Exordium","TheCity"],"potions_floor_usage":[8],"damage_taken":[{"damage":0,"enemies":"Cultist","floor":1,"turns":4},{"damage":0,"enemies":"2 Louse","floor":4,"turns":2},{"damage":0,"enemies":"Small Slimes","floor":7,"turns":2},{"damage":22,"enemies":"Gremlin Nob","floor":8,"turns":4},{"damage":9,"enemies":"Blue Slaver","floor":12,"turns":3},{"damage":9,"enemies":"3 Sentries","floor":14,"turns":2},{"damage":6,"enemies":"Slime Boss","floor":16,"turns":6},{"damage":36,"enemies":"Shell Parasite","floor":18,"turns":5},{"damage":5,"enemies":"Chosen","floor":19,"turns":4},{"damage":21,"enemies":"Snake Plant","floor":22,"turns":4},{"damage":34,"enemies":"Nightmare","floor":23,"turns":4}],"seed_played":"-2211764462326570294","potions_obtained":[{"floor":1,"key":"Cursed Concoction"},{"floor":4,"key":"FearPotion"},{"floor":14,"key":"Swift Potion"}],"is_trial":false,"path_per_floor":["M","T","?","M","?","R","M","E","T","$","R","M","$","E","R","B",null,"M","M","?","?","M","NM"],"character_chosen":"NECROMANCER","items_purchased":["Membership Card","Summon_Lich","Dead Branch","Replay:Bandana"],"campfire_rested":0,"item_purchase_floors":[10,10,10,13],"current_hp_per_floor":[75,75,75,75,75,75,75,55,55,55,55,59,59,56,56,73,79,47,44,44,44,28,0,0],"gold":246,"neow_bonus":"UPGRADE_CARD","is_daily":false,"chose_seed":false,"campfire_upgraded":3,"win_rate":0.0,"timestamp":1613410743,"path_taken":["M","?","?","M","?","R","M","E","T","$","R","?","?","E","R","BOSS","M","M","?","?","?","NM"],"items_purchased_type":["Relic","Card","Relic","Relic"],"build_version":"2020-12-22","purchased_purges":1,"victory":false,"max_hp_per_floor":[75,75,75,75,75,75,75,75,75,75,75,77,77,77,77,79,79,81,81,81,81,83,83,83],"card_choices":[{"not_picked":["Bone_Shift","Plague_Bolt"],"picked":"Negative_Energy_Sphere","floor":1},{"not_picked":["Necromantic_Selection","Shackles_Of_Pain","Negative_Energy_Sphere"],"picked":"SKIP","floor":4},{"not_picked":["Negative_Energy_Shield","Death_March_Dance"],"picked":"Summon_Undead_Army","floor":7},{"not_picked":["Death_Coil","Bone_Spikes"],"picked":"Grasp_Heart","floor":8},{"not_picked":["Plague_Bolt","Vampiric_Strike","Blood_for_Blood"],"picked":"Singing Bowl","floor":12},{"not_picked":["Life_Drain","Vampiric_Strike"],"picked":"Summon_Lich","floor":14},{"not_picked":["Reap_The_Weak","Grasp_Heart","Blood_Magic"],"picked":"Singing Bowl","floor":16},{"not_picked":["Vampiric_Strike","Negative_Energy_Javelin","Blood_Whip"],"picked":"Singing Bowl","floor":18},{"not_picked":["Scare","Acid_Javelin+1"],"picked":"Vampiric_Strike+1","floor":19},{"not_picked":["Negative_Energy_Bomb","Shade_Step","Bone_Bullets"],"picked":"Singing Bowl","floor":22}],"player_experience":956736,"relics_obtained":[{"floor":2,"key":"reliquary:TridentHead"},{"floor":8,"key":"Singing Bowl"},{"floor":9,"key":"Replay:Bottled Flurry"},{"floor":14,"key":"reliquary:QuartzCube"}],"event_choices":[{"damage_healed":0,"gold_gain":175,"player_choice":"AGREE","damage_taken":113,"max_hp_gain":0,"max_hp_loss":0,"event_name":"betterThird:BetterSerpent","floor":3,"gold_loss":0},{"damage_healed":0,"gold_gain":0,"player_choice":"Bought 0 Potions","damage_taken":0,"max_hp_gain":0,"max_hp_loss":0,"event_name":"The Woman in Blue","floor":5,"gold_loss":0},{"damage_healed":0,"gold_gain":0,"player_choice":"Got Potions","damage_taken":0,"max_hp_gain":0,"max_hp_loss":0,"event_name":"Lab","floor":20,"gold_loss":0},{"damage_healed":0,"gold_gain":0,"player_choice":"Traded Relic","damage_taken":0,"relics_obtained":["Nloth\u0027s Gift"],"max_hp_gain":0,"max_hp_loss":0,"event_name":"N\u0027loth","floor":21,"relics_lost":["Ring of Chaos"],"gold_loss":0}],"is_beta":false,"boss_relics":[{"not_picked":["ReplayTheSpireMod:SealedPack","reliquary:RedCape"],"picked":"Ring of Chaos"}],"items_purged_floors":[10],"is_endless":false,"potions_floor_spawned":[1,4,14,19,22],"killed_by":"Nightmare","ascension_level":0}}