{"host":"0mk07bycsqo1qk03","time":1613403146,"event":{"mods":["BaseMod","Downfall","Hermit","Hubris","Minty Spire (QoL Compilation)","Reliquary","Replay The Spire","StSLib","The Cursed"],"gold_per_floor":[118,118,118,137,154,188,188,213,237,237,254,254,254,37,37,37,37],"floor_reached":16,"language":"ENG","playtime":384,"items_purged":[],"score":216,"play_id":"064667aa-07c1-4bb6-8c53-5d3218899c4c","local_time":"20210215163226","is_ascension_mode":true,"campfire_choices":[{"data":"Hemokinesis","floor":7,"key":"SMITH"},{"data":"ReplayTheSpireMod:Muscle Training","floor":10,"key":"SMITH"},{"floor":12,"key":"REST"},{"data":"Replay:Undeath\u0027s Touch","floor":15,"key":"SMITH"}],"circlet_count":0,"master_deck":["AscendersBane","Strike_R","Strike_R","Strike_R","Strike_R","Strike_R","Defend_R","Defend_R","Defend_R","Defend_R","Bash+1","Hemokinesis+1","ReplayTheSpireMod:Stacked","ReplayTheSpireMod:Muscle Training+1","Shockwave","Replay:Undeath\u0027s Touch+1","Shrug It Off"],"relics":["Burning Blood","Replay:Wax Seal","Chameleon Ring","reliquary:Knoch","reliquary:RoseTintedGlasses","hubris:TenFootPole"],"acts_visited":["Exordium"],"potions_floor_usage":[6,11],"damage_taken":[{"damage":0,"enemies":"2 Louse","floor":1,"turns":2},{"damage":7,"enemies":"Small Slimes","floor":4,"turns":3},{"damage":6,"enemies":"Cultist","floor":5,"turns":4},{"damage":28,"enemies":"Gremlin Nob","floor":6,"turns":4},{"damage":26,"enemies":"Replay:BlueRogue","floor":8,"turns":5},{"damage":21,"enemies":"Exordium Thugs","floor":11,"turns":5},{"damage":52,"enemies":"Fading Forest","floor":16,"turns":7}],"seed_played":"2111810789940130485","potions_obtained":[{"floor":5,"key":"Weak Potion"},{"floor":8,"key":"champ:CounterPotion"}],"is_trial":false,"path_per_floor":["M","?","?","M","M","E","R","E","T","R","M","R","T","$","R","B"],"character_chosen":"IRONCLAD","items_purchased":["hubris:TenFootPole","Shrug It Off"],"campfire_rested":1,"item_purchase_floors":[14,14],"current_hp_per_floor":[74,74,74,73,73,51,51,31,31,31,16,38,38,38,38,0,0],"gold":37,"neow_bonus":"UPGRADE_CARD","is_daily":false,"chose_seed":false,"campfire_upgraded":3,"win_rate":0.0,"timestamp":1613403146,"path_taken":["M","?","?","M","M","E","R","E","T","R","?","R","?","$","R","BOSS"],"items_purchased_type":["Relic","Card"],"build_version":"2020-12-22","purchased_purges":0,"victory":false,"max_hp_per_floor":[75,75,75,75,75,75,75,75,75,75,75,75,75,75,75,75,75],"card_choices":[{"not_picked":["Cleave","ReplayTheSpireMod:Strike From Hell"],"picked":"Hemokinesis","floor":1},{"not_picked":["Clothesline","Twin Strike"],"picked":"ReplayTheSpireMod:Stacked","floor":4},{"not_picked":["Warcry","Wild Strike"],"picked":"ReplayTheSpireMod:Muscle Training","floor":5},{"not_picked":["Second Wind","Dark Embrace","Fire Breathing"],"picked":"SKIP","floor":6},{"not_picked":["Clothesline","ReplayTheSpireMod:Muscle Training"],"picked":"Shockwave","floor":8},{"not_picked":["Run Through","Bloodletting"],"picked":"Replay:Undeath\u0027s Touch","floor":11}],"player_experience":1056465,"relics_obtained":[{"floor":6,"key":"Replay:Wax Seal"},{"floor":8,"key":"Chameleon Ring"},{"floor":9,"key":"reliquary:Knoch"},{"floor":13,"key":"reliquary:RoseTintedGlasses"}],"event_choices":[{"damage_healed":0,"gold_gain":0,"player_choice":"Ignored","damage_taken":0,"max_hp_gain":0,"max_hp_loss":0,"event_name":"Liars Game","floor":2,"gold_loss":0},{"damage_healed":0,"gold_gain":0,"player_choice":"0 cards matched","damage_taken":0,"max_hp_gain":0,"max_hp_loss":0,"event_name":"Match and Keep!","floor":3,"gold_loss":0,"cards_obtained":[]}],"is_beta":false,"boss_relics":[],"items_purged_floors":[],"is_endless":false,"potions_floor_spawned":[5,8],"killed_by":"Fading Forest","ascension_level":20}}