{"host":"w01zow3jg16g8jdh","time":1613396923,"event":{"mods":["2.2 Compatiblity","AchievementEnabler","BaseMod","DeckTracker","Hermit","Keyboard Shortcuts","Marisa£¨Ùöéë¡¡Øª×âÞÞ£©","Minty Spire (QoL Compilation)","Permanent Neow","StSLib","SuperFastMode"],"gold_per_floor":[10,10,23,33,46,77,77,102,126,141,141,159,159,171,171,246,246,256,181,201,218,118,118,134,134,134,165,180,230,255,266,266,340,340,360,378,403,453,453,453,453,484,484,502,377,393,407,435,435,435,435,435,435,123,153,153],"floor_reached":57,"language":"KOR","playtime":1607,"items_purged":["Strike_G","Strike_G","Defend_G","Defend_G"],"score":3032,"play_id":"74d87b38-99ca-4f1f-8426-3f36f5b8b7d7","local_time":"20210215224843","is_ascension_mode":true,"campfire_choices":[{"floor":7.0,"key":"REST"},{"data":"Adrenaline","floor":11.0,"key":"SMITH"},{"floor":13.0,"key":"REST"},{"data":"Catalyst","floor":15.0,"key":"SMITH"},{"data":"Night Terror","floor":23.0,"key":"SMITH"},{"data":"Wraith Form v2","floor":25.0,"key":"SMITH"},{"data":"Well Laid Plans","floor":32.0,"key":"SMITH"},{"data":"Acrobatics","floor":41.0,"key":"SMITH"},{"floor":49.0,"key":"RECALL"},{"data":"Catalyst","floor":53.0,"key":"SMITH"}],"circlet_count":0,"master_deck":["AscendersBane","Defend_G","Survivor","Neutralize","Adrenaline+1","Deadly Poison","Corpse Explosion","Bane","Wraith Form v2+1","Calculated Gamble","Catalyst+1","Night Terror+1","Burst+1","Crippling Poison+1","Bouncing Flask+1","Well Laid Plans+1","Acrobatics+1","Catalyst+1"],"relics":["Ring of the Snake","Gambling Chip","PreservedInsect","Bag of Preparation","Astrolabe","MealTicket","Toy Ornithopter","Empty Cage","Tingsha","CatCart","Vajra","Blue Candle","Potion Belt","Art of War","Torii"],"acts_visited":["Exordium","TheCity","TheBeyond","TheEnding"],"potions_floor_usage":[56,56,56,56,56,56,56],"damage_taken":[{"damage":7.0,"enemies":"Jaw Worm","floor":1.0,"turns":7.0},{"damage":0.0,"enemies":"Cultist","floor":3.0,"turns":4.0},{"damage":6.0,"enemies":"Small Slimes","floor":4.0,"turns":3.0},{"damage":3.0,"enemies":"2 Fungi Beasts","floor":5.0,"turns":4.0},{"damage":33.0,"enemies":"Gremlin Nob","floor":6.0,"turns":5.0},{"damage":19.0,"enemies":"Lagavulin","floor":8.0,"turns":6.0},{"damage":12.0,"enemies":"Exordium Thugs","floor":10.0,"turns":4.0},{"damage":14.0,"enemies":"Large Slime","floor":12.0,"turns":8.0},{"damage":0.0,"enemies":"3 Louse","floor":14.0,"turns":2.0},{"damage":8.0,"enemies":"The Guardian","floor":16.0,"turns":5.0},{"damage":2.0,"enemies":"2 Thieves","floor":18.0,"turns":3.0},{"damage":0.0,"enemies":"Chosen","floor":20.0,"turns":1.0},{"damage":2.0,"enemies":"Snecko","floor":21.0,"turns":4.0},{"damage":0.0,"enemies":"Centurion and Healer","floor":24.0,"turns":3.0},{"damage":3.0,"enemies":"Slavers","floor":27.0,"turns":2.0},{"damage":0.0,"enemies":"Snake Plant","floor":28.0,"turns":1.0},{"damage":4.0,"enemies":"Gremlin Leader","floor":30.0,"turns":4.0},{"damage":0.0,"enemies":"Cultist and Chosen","floor":31.0,"turns":2.0},{"damage":0.0,"enemies":"Collector","floor":33.0,"turns":2.0},{"damage":0.0,"enemies":"Orb Walker","floor":35.0,"turns":2.0},{"damage":0.0,"enemies":"3 Darklings","floor":36.0,"turns":1.0},{"damage":6.0,"enemies":"Mind Bloom Boss Battle","floor":37.0,"turns":3.0},{"damage":15.0,"enemies":"Orin","floor":38.0,"turns":5.0},{"damage":0.0,"enemies":"Reptomancer","floor":42.0,"turns":2.0},{"damage":8.0,"enemies":"Jaw Worm Horde","floor":44.0,"turns":4.0},{"damage":2.0,"enemies":"Writhing Mass","floor":46.0,"turns":3.0},{"damage":8.0,"enemies":"Sphere and 2 Shapes","floor":47.0,"turns":3.0},{"damage":1.0,"enemies":"Nemesis","floor":48.0,"turns":1.0},{"damage":30.0,"enemies":"Awakened One","floor":50.0,"turns":8.0},{"damage":11.0,"enemies":"Donu and Deca","floor":51.0,"turns":2.0},{"damage":0.0,"enemies":"Shield and Spear","floor":55.0,"turns":2.0},{"damage":37,"enemies":"The Heart","floor":56,"turns":5}],"seed_played":"9009553909378931018","potions_obtained":[{"floor":3.0,"key":"LiquidBronze"},{"floor":6.0,"key":"Fruit Juice"},{"floor":8.0,"key":"Regen Potion"},{"floor":12.0,"key":"Energy Potion"},{"floor":14.0,"key":"SkillPotion"},{"floor":21.0,"key":"AttackPotion"},{"floor":30.0,"key":"Poison Potion"},{"floor":31.0,"key":"Regen Potion"},{"floor":37.0,"key":"EntropicBrew"},{"floor":48.0,"key":"EssenceOfSteel"},{"floor":55.0,"key":"LiquidBronze"}],"is_trial":false,"path_per_floor":["M","?","M","M","M","E","R","E","T","M","R","M","R","M","R","B",null,"M","$","M","M","$","R","M","R","T","E","M","?","E","M","R","B",null,"M","M","?","?","?","?","R","E","T","M","$","M","M","E","R","B","B",null,"R","$","E","B",null],"character_chosen":"THE_SILENT","items_purchased":["Art of War"],"campfire_rested":2,"item_purchase_floors":[54],"current_hp_per_floor":[52,52,52,46,43,10,29,10,10,3,3,4,25,25,25,17,58,56,56,56,54,54,54,54,54,54,51,51,44,40,40,40,40,63,63,63,57,42,42,42,42,42,42,34,49,47,39,38,38,28,17,58,58,71,71,59],"gold":153,"neow_bonus":"THREE_RARE_CARDS","is_daily":false,"chose_seed":false,"campfire_upgraded":7,"win_rate":0.0,"timestamp":1613396923,"path_taken":["M","?","M","M","M","E","R","E","T","?","R","M","R","M","R","BOSS","M","$","M","M","$","R","M","R","T","E","M","?","E","M","R","BOSS","M","M","?","?","?","?","R","E","T","M","$","M","M","E","R","BOSS","BOSS","R","$","E","BOSS"],"items_purchased_type":["Relic"],"build_version":"2020-12-22","purchased_purges":4,"victory":true,"max_hp_per_floor":[66,66,66,66,66,66,66,66,66,71,71,71,71,71,71,71,71,71,71,71,71,71,71,71,71,71,71,71,71,71,71,71,71,71,71,71,71,71,71,71,71,71,71,71,71,71,71,71,71,71,71,71,71,71,71,71],"card_choices":[{"not_picked":["After Image","Phantasmal Killer"],"picked":"Adrenaline","floor":0.0},{"not_picked":["Prepared","Quick Slash"],"picked":"Deadly Poison","floor":1.0},{"not_picked":["Cloak And Dagger","Dodge and Roll"],"picked":"Bane","floor":3.0},{"not_picked":["Expertise","Quick Slash","Outmaneuver"],"picked":"SKIP","floor":4.0},{"not_picked":["Poisoned Stab","Heel Hook"],"picked":"Wraith Form v2","floor":5.0},{"not_picked":["Blade Dance","Outmaneuver"],"picked":"Calculated Gamble","floor":6.0},{"not_picked":["Heel Hook","Dash","Deadly Poison"],"picked":"SKIP","floor":8.0},{"not_picked":["Blade Dance","Underhanded Strike"],"picked":"Catalyst","floor":10.0},{"not_picked":["Caltrops","Dagger Throw","Setup"],"picked":"SKIP","floor":12.0},{"not_picked":["Outmaneuver","Distraction","Prepared"],"picked":"SKIP","floor":14.0},{"not_picked":["Corpse Explosion","Malaise"],"picked":"Night Terror","floor":16.0},{"not_picked":["Quick Slash","Crippling Poison","Dodge and Roll"],"picked":"SKIP","floor":18.0},{"not_picked":["Deflect","Dagger Spray","Tools of the Trade"],"picked":"SKIP","floor":20.0},{"not_picked":["Slice","Calculated Gamble","Backflip"],"picked":"SKIP","floor":21.0},{"not_picked":["Deadly Poison+1","Eviscerate","Blade Dance"],"picked":"SKIP","floor":24.0},{"not_picked":["Flying Knee","Dagger Spray","Sucker Punch"],"picked":"SKIP","floor":27.0},{"not_picked":["Bane","Dagger Throw"],"picked":"Well Laid Plans","floor":28.0},{"not_picked":["Prepared","Bouncing Flask"],"picked":"Acrobatics","floor":30.0},{"not_picked":["Finisher","Quick Slash","Die Die Die"],"picked":"SKIP","floor":31.0},{"not_picked":["Poisoned Stab+1","Dash","Predator"],"picked":"SKIP","floor":35.0},{"not_picked":["Flechettes","Distraction","Endless Agony"],"picked":"SKIP","floor":36.0},{"not_picked":["Tools of the Trade","PiercingWail","Cloak And Dagger"],"picked":"SKIP","floor":42.0},{"not_picked":["Backstab","Crippling Poison+1"],"picked":"Catalyst","floor":44.0},{"not_picked":["Deflect+1","Deadly Poison","PiercingWail"],"picked":"SKIP","floor":46.0},{"not_picked":["Backstab+1","Skewer+1","Choke"],"picked":"SKIP","floor":47.0},{"not_picked":["Slice+1","PiercingWail","Finisher+1"],"picked":"SKIP","floor":48.0},{"not_picked":["Venomology","Glass Knife","Deflect"],"picked":"SKIP","floor":55.0}],"player_experience":392114,"relics_obtained":[{"floor":6.0,"key":"Gambling Chip"},{"floor":8.0,"key":"PreservedInsect"},{"floor":9.0,"key":"Bag of Preparation"},{"floor":27.0,"key":"MealTicket"},{"floor":30.0,"key":"Toy Ornithopter"},{"floor":37.0,"key":"Tingsha"},{"floor":38.0,"key":"CatCart"},{"floor":42.0,"key":"Vajra"},{"floor":43.0,"key":"Blue Candle"},{"floor":48.0,"key":"Potion Belt"},{"floor":55.0,"key":"Torii"}],"event_choices":[{"damage_healed":0.0,"max_hp_gain":0.0,"max_hp_loss":0.0,"gold_gain":0.0,"event_name":"Match and Keep!","player_choice":"1 cards matched","floor":2.0,"gold_loss":0.0,"damage_taken":0.0,"cards_obtained":["Corpse Explosion"]},{"damage_healed":0.0,"max_hp_gain":0.0,"max_hp_loss":0.0,"gold_gain":50.0,"event_name":"FaceTrader","player_choice":"Touch","floor":29.0,"gold_loss":0.0,"damage_taken":7.0},{"damage_healed":0.0,"max_hp_gain":0.0,"max_hp_loss":0.0,"gold_gain":0.0,"event_name":"MindBloom","player_choice":"Fight","floor":37.0,"gold_loss":0.0,"damage_taken":0.0},{"damage_healed":0.0,"max_hp_gain":0.0,"max_hp_loss":0.0,"gold_gain":0.0,"event_name":"OrinTheCat","player_choice":"Fight","floor":38.0,"gold_loss":0.0,"damage_taken":0.0},{"damage_healed":0.0,"max_hp_gain":0.0,"max_hp_loss":0.0,"gold_gain":0.0,"event_name":"SensoryStone","player_choice":"Memory 1","floor":39.0,"gold_loss":0.0,"damage_taken":0.0},{"damage_healed":0.0,"max_hp_gain":0.0,"max_hp_loss":0.0,"gold_gain":0.0,"event_name":"Tomb of Lord Red Mask","player_choice":"Ignored","floor":40.0,"gold_loss":0.0,"damage_taken":0.0}],"is_beta":false,"boss_relics":[{"not_picked":["Runic Dome","Sozu"],"picked":"Astrolabe"},{"not_picked":["WristBlade","Cursed Key"],"picked":"Empty Cage"}],"items_purged_floors":[19,22,45,54],"is_endless":false,"potions_floor_spawned":[3,6,8,12,14,21,30,31,36,37,42,47,48,55],"ascension_level":20}}