{"host":"q5l3nirlejh5mn15","time":1613382289,"event":{"mods":["BaseMod","Bossed Relics","Downfall","Energized Spire","FoggyMod","Hermit","Koishi","Lobotomy","LobotomyExtend","Marisa£¨ìFÓê¡¡Ä§ÀíÉ³£©","Minty Spire (QoL Compilation)","MostiFishMod","Reimu£¨²©ÀöÁéÃÎ£©","Relic Filter Mod","Reliquary","Remilia£¨ÀÙÃ×ÀòÑÇ£©","RumiaBox-Â¶Ã×æ«µÄÉñÃØºÐ×Ó","Spicy Shops","StSLib","TestMod","The Hierophant","The Servant 0.9.4","UnlockEverythingMod","¡¾¹¦ÄÜMod¡¿»ìãçÖ®»·ÐÞ¸´²¹¶¡","¡¾ÒÅÎï¿¨ÅÆ¡¿REMEMod"],"gold_per_floor":[109,109,120,295,295,327,408,408,408,427,452,452,452,90,90,193,193,207,217,217,217,317,351,351,361,386,311,311,63,463,491,491,592,592,608,269,320,320,16,16,47,47,70,70,94,129,129,129,129,129],"floor_reached":51,"language":"ZHS","playtime":2167,"items_purged":["Doubt","Gluttony_TH","Decay"],"score":1104,"play_id":"81f3e7a5-d035-4a5e-8e4c-823e7b4eb5ed","local_time":"20210215174449","is_ascension_mode":false,"campfire_choices":[{"floor":12.0,"key":"REST"},{"data":"MostiFishMod:SephirahHod","floor":15,"key":"SMITH"},{"floor":24,"key":"RECALL"},{"floor":32,"key":"REST"},{"data":"SatelliteIllusion","floor":40,"key":"SMITH"},{"floor":42,"key":"REST"},{"data":"StarBarrage","floor":44,"key":"SMITH"},{"data":"OpenUniverse","floor":47,"key":"SMITH"},{"floor":49,"key":"REST"}],"circlet_count":0,"master_deck":["Strike_MRS","Strike_MRS","Strike_MRS","Defend_MRS","Defend_MRS","Defend_MRS","Defend_MRS","MasterSpark","UpSweep","hexamod:TimeOfNeed","MostiFishMod:SephirahHod+1","PowerUp+1","GrandCross+1","UltimateShortwave","Strike_MRS","AsteroidBelt","Parasite","Parasite","SatelliteIllusion+1","BinaryStars","GalacticHalo","UltimateShortwave","ShootingEcho+1","MagicAbsorber","downfall:Haunted","downfall:Haunted","UltimateShortwave","downfall:Haunted","Injury","GrandCross","SporeBomb+1","Occultation","JA","StarBarrage+1","OpenUniverse+1","GravityBeat+1","MostiFishMod:SephirahHod+1"],"relics":["MiniHakkero","DaveBox","testmod-TestBox","testmod-D¨¦j¨¤vu","MostiFishMod:Hod","RabbitCall","SynthV:TestCard","LetterFromLob","testmod-IntensifyImprint","reliquary:NewFriend","ShroomBag","MostiFishMod:Haymaker","JellyFishMachine","MutagenicStrength","Du-Vu Doll","REME_PuzzleBoxRelic","MealTicket","REME_HourglassOfDeath","Juzu Bracelet","reliquary:QuartzCube","SoulBox","Omamori","Potion Belt","CatCart","SimpleLauncher","Blood Vial","PreservedInsect","reliquary:TatteredRug","Anchor"],"acts_visited":["Exordium","TheCity","TheBeyond"],"potions_floor_usage":[23,51],"damage_taken":[{"damage":0.0,"enemies":"2 Louse","floor":1.0,"turns":2.0},{"damage":0.0,"enemies":"Cultist","floor":3.0,"turns":2.0},{"damage":22.0,"enemies":"Lagavulin","floor":6.0,"turns":4.0},{"damage":0.0,"enemies":"Jaw Worm","floor":10.0,"turns":1.0},{"damage":0.0,"enemies":"The Mushroom Lair","floor":11.0,"turns":3.0},{"damage":0,"enemies":"Slime Boss","floor":16,"turns":3},{"damage":0,"enemies":"Chosen","floor":18,"turns":3},{"damage":1,"enemies":"3 Byrds","floor":19,"turns":6},{"damage":0,"enemies":"REME_1_Revenger","floor":23,"turns":3},{"damage":0,"enemies":"Centurion and Healer","floor":25,"turns":1},{"damage":16,"enemies":"Slavers","floor":31,"turns":3},{"damage":8,"enemies":"Automaton","floor":33,"turns":4},{"damage":0,"enemies":"3 Darklings","floor":35,"turns":3},{"damage":6,"enemies":"Orin","floor":37,"turns":5},{"damage":3,"enemies":"Nemesis","floor":41,"turns":5},{"damage":0,"enemies":"Reptomancer","floor":46,"turns":3},{"damage":31,"enemies":"Donu and Deca","floor":50,"turns":5},{"damage":53,"enemies":"Malkuth","floor":51,"turns":7},{"damage":41,"enemies":"Hod","floor":51,"turns":6},{"damage":183,"enemies":"Geburah","floor":51,"turns":11}],"seed_played":"7305315405745149970","potions_obtained":[{"floor":6.0,"key":"CultistPotion"},{"floor":11.0,"key":"ZuzhouPotion:ReiMu"},{"floor":16,"key":"SpeedPotion"},{"floor":19,"key":"AttackPotion"},{"floor":25,"key":"Weak Potion"},{"floor":35,"key":"FairyPotion"},{"floor":41,"key":"SteroidPotion"},{"floor":41,"key":"BlessingOfTheForge"}],"is_trial":false,"path_per_floor":["M","?","M","?","?","E","T","?","T","M","?","R","?","$","R","B",null,"M","M","?","?","?","E","R","M","T","?","T","$","?","E","R","B",null,"M","$","?","?","$","R","E","R","T","R","T","E","R","?","R","B",null],"character_chosen":"MARISA","items_purchased":["MostiFishMod:Haymaker","Juzu Bracelet","Omamori","Potion Belt","SimpleLauncher"],"campfire_rested":4,"item_purchase_floors":[14,29,36,36,39],"current_hp_per_floor":[75,75,75,75,60,38,38,38,38,38,38,60,60,60,60,64,75,75,75,90,90,95,95,95,95,95,95,95,95,95,79,95,87,95,95,95,91,91,95,95,94,95,95,95,95,95,95,95,95,69],"gold":99,"neow_bonus":"","is_daily":false,"chose_seed":false,"campfire_upgraded":4,"win_rate":0.0,"timestamp":1613382289,"path_taken":["M","?","?","?","?","E","?","?","T","?","?","R","?","$","R","BOSS","M","?","?","?","?","E","R","?","T","?","?","$","?","E","R","BOSS","M","$","?","?","$","R","E","R","T","R","?","E","R","?","R","BOSS"],"items_purchased_type":["Relic","Relic","Relic","Relic","Relic"],"build_version":"2020-12-22","purchased_purges":3,"victory":true,"max_hp_per_floor":[75,75,75,75,75,75,75,75,75,75,75,75,75,75,75,75,75,75,75,90,90,95,95,95,95,95,95,95,95,95,95,95,95,95,95,95,95,95,95,95,95,95,95,95,95,95,95,95,95,95],"card_choices":[{"not_picked":["MilkyWay","GrandCross"],"picked":"PowerUp","floor":1.0},{"not_picked":["DarkMatter","StarlightTyphoon","6A","DoubleSpark"],"picked":"GrandCross","floor":3.0},{"not_picked":["ShootingEcho","ShootTheMoon","MilkyWay","LuminesStrike"],"picked":"UltimateShortwave","floor":6.0},{"not_picked":["OpenUniverse","GravityBeat","Acceleration","GalacticHalo"],"picked":"AsteroidBelt","floor":10.0},{"not_picked":["MagicAbsorber","Acceleration","DarkSpark","DarkMatter"],"picked":"SatelliteIllusion","floor":11.0},{"not_picked":["ManaRampage","BlazingStar","MaximisePower","BinaryStars"],"picked":"UltimateShortwave","floor":16},{"not_picked":["SprinkleStarSeal+1","MysteriousBeam","WitchLeyline","PulseMagic"],"picked":"ShootingEcho+1","floor":18},{"not_picked":["WitchLeyline","SporeBomb","LuminesStrike","PowerUp"],"picked":"MagicAbsorber","floor":19},{"not_picked":["FairyDestructionRay","MaximisePower","MysteriousBeam","UnstableBomb"],"picked":"GrandCross","floor":23},{"not_picked":["GrandCross","EnergyRecoil","RefractionSpark","PowerUp"],"picked":"SporeBomb+1","floor":25},{"not_picked":["GalacticHalo","MaximisePower","Acceleration","NonDirectionalLaser+1"],"picked":"Occultation","floor":31},{"not_picked":["TreasureHunter","BinaryStars","StarDustReverie","BigCrunch"],"picked":"JA","floor":33},{"not_picked":["6A","DC","SporeBomb+1","GrandCross","PulseMagic"],"picked":"SKIP","floor":35},{"not_picked":["EnergyRecoil","DoubleSpark","WitchLeyline","DC"],"picked":"StarBarrage","floor":37},{"not_picked":["AsteroidBelt","LuminesStrike+1","SatelliteIllusion","OneTimeOff+1"],"picked":"OpenUniverse","floor":41},{"not_picked":["Acceleration+1","WitchLeyline","AsteroidBelt","PowerUp"],"picked":"GravityBeat+1","floor":46}],"player_experience":278600,"relics_obtained":[{"floor":1.0,"key":"SynthV:TestCard"},{"floor":1.0,"key":"LetterFromLob"},{"floor":6.0,"key":"testmod-IntensifyImprint"},{"floor":7.0,"key":"reliquary:NewFriend"},{"floor":11.0,"key":"ShroomBag"},{"floor":23,"key":"REME_PuzzleBoxRelic"},{"floor":26,"key":"MealTicket"},{"floor":28,"key":"REME_HourglassOfDeath"},{"floor":31,"key":"reliquary:QuartzCube"},{"floor":37,"key":"CatCart"},{"floor":41,"key":"Blood Vial"},{"floor":43,"key":"PreservedInsect"},{"floor":45,"key":"reliquary:TatteredRug"},{"floor":46,"key":"Anchor"}],"event_choices":[{"damage_healed":0.0,"max_hp_gain":0.0,"max_hp_loss":0.0,"gold_gain":0.0,"event_name":"Wheel of Change","player_choice":"Cursed","floor":2.0,"gold_loss":0.0,"damage_taken":0.0,"cards_obtained":["Decay"]},{"damage_healed":0.0,"max_hp_gain":0.0,"max_hp_loss":0.0,"gold_gain":175.0,"event_name":"Liars Game","player_choice":"AGREE","floor":4.0,"gold_loss":0.0,"damage_taken":0.0,"cards_obtained":["Doubt"]},{"damage_healed":0.0,"max_hp_gain":0.0,"max_hp_loss":0.0,"gold_gain":0.0,"event_name":"Shining Light","player_choice":"Entered Light","floor":5.0,"gold_loss":0.0,"damage_taken":15.0,"cards_upgraded":["GrandCross","PowerUp"]},{"cards_removed":["Strike_MRS"],"damage_healed":0.0,"max_hp_gain":0.0,"max_hp_loss":0.0,"gold_gain":0.0,"event_name":"NoteForYourself","player_choice":"Took Card","floor":8.0,"gold_loss":0.0,"damage_taken":0.0,"cards_obtained":["Strike_MRS"]},{"damage_healed":0.0,"max_hp_gain":0.0,"max_hp_loss":0.0,"gold_gain":0.0,"event_name":"Mushrooms_MRS","player_choice":"Fought Mushrooms","floor":11.0,"gold_loss":0.0,"damage_taken":0.0},{"damage_healed":0.0,"max_hp_gain":0.0,"max_hp_loss":0.0,"gold_gain":0.0,"event_name":"Match and Keep!","player_choice":"2 cards matched","floor":13.0,"gold_loss":0.0,"damage_taken":0.0,"cards_obtained":["BinaryStars","GalacticHalo"]},{"damage_healed":0,"gold_gain":0,"player_choice":"Inject Mutagens","damage_taken":0,"relics_obtained":["MutagenicStrength"],"max_hp_gain":0,"max_hp_loss":0,"event_name":"Drug Dealer","floor":21,"gold_loss":0},{"cards_removed":["downfall:Aged"],"damage_healed":0,"gold_gain":0,"player_choice":"Gave Gold","damage_taken":0,"max_hp_gain":0,"max_hp_loss":0,"event_name":"Beggar","floor":27,"gold_loss":75},{"damage_healed":0,"gold_gain":400,"player_choice":"Sell","damage_taken":0,"max_hp_gain":0,"max_hp_loss":0,"event_name":"¶÷ÂåË¹µÄÅÌ×Ó","floor":30,"relics_lost":["REME_ComplimentaryCards"],"gold_loss":0},{"damage_healed":0,"gold_gain":0,"player_choice":"Fight","damage_taken":0,"max_hp_gain":0,"max_hp_loss":0,"event_name":"OrinTheCat","floor":37,"gold_loss":0},{"damage_healed":0,"gold_gain":0,"player_choice":"Ignored","damage_taken":0,"max_hp_gain":0,"max_hp_loss":0,"event_name":"Tomb of Lord Red Mask","floor":38,"gold_loss":0},{"damage_healed":0,"gold_gain":0,"player_choice":"Copied","damage_taken":0,"max_hp_gain":0,"max_hp_loss":0,"event_name":"Duplicator","floor":48,"gold_loss":0,"cards_obtained":["MostiFishMod:SephirahHod"]}],"is_beta":false,"boss_relics":[{"not_picked":["Pandora\u0027s Box","bronze:MakeshiftBattery"],"picked":"JellyFishMachine"},{"not_picked":["energizedSpire:DeadBattery","reliquary:KinkedSpring"],"picked":"SoulBox"}],"items_purged_floors":[14,29,36],"is_endless":false,"potions_floor_spawned":[6,11,16,19,25,33,35,41],"ascension_level":0}}