{"host":"5oe6e4b9xi36nq9o","time":1613420111,"event":{"mods":["2.2 Compatiblity","AchievementEnabler","Aspiration","Bard","BaseMod","Better Altar","Better Match","Better Note","Better Sensory Stone","Better Skull","Better Third Choice","BetterRewards","Block Reminder","Colored Powertips","Conspire","Downfall","Energized Spire","Hermit","Highlight Path","Hubris","Infinite Spire","Ironclad Rager","Jedi Mod","Minty Spire (QoL Compilation)","Permanent Neow","Quick Restart","Random Character Button","Random Character Mod","Rare Cards Sparkle","Relic Stats","Replay The Spire","StSLib","The Construct","The Hierophant"],"gold_per_floor":[99,99,99,99,99,99,99,38,49,76,95,123,123,133,152,152,152,152],"floor_reached":16,"language":"ENG","playtime":1338,"items_purged":[],"score":103,"play_id":"393cabed-22f4-4604-96db-0551d6624cc5","local_time":"20210215181511","is_ascension_mode":true,"campfire_choices":[{"data":"construct:FlameCore","floor":6,"key":"SMITH"}],"circlet_count":0,"master_deck":["sneckomod:Strike","sneckomod:Strike","sneckomod:Strike","sneckomod:Defend","sneckomod:Defend","sneckomod:Defend","sneckomod:TailWhip","sneckomod:SnekBite","sneckomod:Unknown+1","construct:FlameCore+1","sneckomod:DiceBlock","sneckomod:UnknownClassTHE_BRONZE_AUTOMATON","sneckomod:SnakeSap","sneckomod:UnknownClassBLUE","sneckomod:UnknownClassINFINITE_BLACK","sneckomod:UnknownRarePower","sneckomod:UnknownExhaust","sneckomod:ImprovisedGuard","sneckomod:UnknownStrength","Offering","sneckomod:UnknownColorless","sneckomod:Unknown0Cost","hexamod:SixthSeal","sneckomod:SnekBeam","sneckomod:UnknownDexterity"],"relics":["sneckomod:SneckoSoul","downfall:HeartsMalice","infinitespire:BottledMercury","Odd Mushroom","Prayer Wheel","Girya"],"acts_visited":["Exordium"],"potions_floor_usage":[11,12,15,16,16],"damage_taken":[{"damage":0,"enemies":"Cultist","floor":2,"turns":1},{"damage":0,"enemies":"conspire:RoseBush","floor":3,"turns":1},{"damage":0,"enemies":"Small Slimes","floor":4,"turns":1},{"damage":0,"enemies":"downfall:FleeingMerchant","floor":8,"turns":4},{"damage":8,"enemies":"3 Louse","floor":9,"turns":4},{"damage":20,"enemies":"The Mushroom Lair","floor":10,"turns":4},{"damage":11,"enemies":"Exordium Wildlife","floor":11,"turns":4},{"damage":3,"enemies":"Lagavulin","floor":12,"turns":7},{"damage":7,"enemies":"Red Slaver","floor":14,"turns":5},{"damage":2,"enemies":"Blue Slaver","floor":15,"turns":5},{"damage":58,"enemies":"IC_STATUS_ARCHETYPE","floor":16,"turns":11}],"seed_played":"-8816023942396149925","potions_obtained":[{"floor":9,"key":"Energy Potion"},{"floor":10,"key":"PowerPotion"},{"floor":11,"key":"EssenceOfSteel"},{"floor":12,"key":"Flashbang"},{"floor":14,"key":"ColorlessPotion"}],"is_trial":false,"path_per_floor":["R","M","M","M","?","R","T","$","M","?","M","E","R","M","M","B"],"character_chosen":"THE_SNECKO","items_purchased":["sneckomod:UnknownClassINFINITE_BLACK"],"campfire_rested":0,"item_purchase_floors":[8],"current_hp_per_floor":[90,90,90,90,90,90,90,90,82,62,51,48,48,41,39,0,0,0],"gold":152,"neow_bonus":"THREE_ENEMY_KILL","is_daily":false,"chose_seed":false,"campfire_upgraded":1,"win_rate":0.0,"timestamp":1613420111,"path_taken":["R","M","M","?","?","R","T","$","?","?","M","E","R","M","M","BOSS"],"items_purchased_type":["Card"],"build_version":"2020-12-22","purchased_purges":0,"victory":false,"max_hp_per_floor":[90,90,90,90,90,90,90,90,90,90,90,90,90,90,90,90,90,90],"relic_stats":{"counters":[11,42],"Prayer Wheel":3,"obtain_stats":[{"infinitespire:BottledMercury":7,"Girya":12,"downfall:HeartsMalice":0,"Prayer Wheel":11,"Odd Mushroom":10,"sneckomod:SneckoSoul":0},{"infinitespire:BottledMercury":3,"Girya":8,"downfall:HeartsMalice":0,"Prayer Wheel":7,"Odd Mushroom":6,"sneckomod:SneckoSoul":0},{"infinitespire:BottledMercury":0,"Girya":22,"downfall:HeartsMalice":0,"Prayer Wheel":13,"Odd Mushroom":11,"sneckomod:SneckoSoul":0}]},"card_choices":[{"not_picked":["sneckomod:UnknownDexterity","sneckomod:UnknownCommonSkill"],"picked":"sneckomod:DiceBlock","floor":2},{"not_picked":["sneckomod:UnknownClassGUARDIAN","sneckomod:WideSting"],"picked":"sneckomod:UnknownClassTHE_BRONZE_AUTOMATON","floor":3},{"not_picked":["sneckomod:UnknownUncommonSkill","sneckomod:UnknownCommonSkill"],"picked":"sneckomod:SnakeSap","floor":4},{"not_picked":["sneckomod:UnknownClassGUARDIAN","sneckomod:QuickMove"],"picked":"sneckomod:UnknownClassBLUE","floor":8},{"not_picked":["sneckomod:QuickBite","sneckomod:UnknownDraw"],"picked":"sneckomod:UnknownRarePower","floor":9},{"not_picked":["sneckomod:SnakeSap","sneckomod:UnknownWeak"],"picked":"sneckomod:UnknownExhaust","floor":10},{"not_picked":["sneckomod:SoulRoll","sneckomod:RainOfDice"],"picked":"sneckomod:UnknownDraw","floor":11},{"not_picked":["sneckomod:UnknownVulnerable","sneckomod:UnknownCommonAttack"],"picked":"sneckomod:ImprovisedGuard","floor":11},{"not_picked":["sneckomod:UnlimitedRolls","sneckomod:SnakeSap"],"picked":"sneckomod:UnknownStrength","floor":12},{"not_picked":["sneckomod:QuickBite","sneckomod:ImprovisedAttack"],"picked":"sneckomod:UnknownColorless","floor":14},{"not_picked":["sneckomod:UnknownClassBLUE","sneckomod:UnknownClassRED"],"picked":"sneckomod:Unknown0Cost","floor":14},{"not_picked":["hexamod:ThirdSeal","hexamod:FirstSeal"],"picked":"hexamod:SixthSeal","floor":15},{"not_picked":["sneckomod:QuickBite","sneckomod:UnknownClassSLIMEBOUND"],"picked":"sneckomod:SnekBeam","floor":15},{"not_picked":["sneckomod:Unknown2Cost","sneckomod:UnknownUncommonAttack"],"picked":"sneckomod:UnknownDexterity","floor":15}],"player_experience":1226661,"relics_obtained":[{"floor":7,"key":"infinitespire:BottledMercury"},{"floor":10,"key":"Odd Mushroom"},{"floor":12,"key":"Girya"}],"event_choices":[{"damage_healed":0,"gold_gain":0,"player_choice":"Fought Mushrooms","damage_taken":0,"max_hp_gain":0,"max_hp_loss":0,"event_name":"Mushrooms","floor":10,"gold_loss":0}],"is_beta":false,"boss_relics":[],"items_purged_floors":[],"is_endless":false,"potions_floor_spawned":[9,10,11,12,14],"killed_by":"IC_STATUS_ARCHETYPE","ascension_level":1}}