{"host":"me7pax5d7uwssv6n","time":1613408897,"event":{"mods":["BaseMod","Downfall","Minty Spire (QoL Compilation)","StSLib"],"gold_per_floor":[99,109,120,120,139,139,139,139,289,289,52,65,76,92,104,209,209,109,129,157,184,202,202,227,227,237,272,297,36,36,56,69,172,172,172,191,191,28,28,28,28,40,40,85,85,95,127,27,37,37],"floor_reached":51,"language":"ENG","playtime":6963,"items_purged":["downfall:Icky"],"score":766,"play_id":"a0c0f9d9-36e7-4269-b433-34e450dfab36","local_time":"20210216010817","is_ascension_mode":false,"campfire_choices":[{"data":"sneckomod:SnekBite","floor":1,"key":"SMITH"},{"data":"sneckomod:WideSting","floor":6,"key":"SMITH"},{"floor":10,"key":"RECALL"},{"data":"sneckomod:Mudshield","floor":18,"key":"SMITH"},{"floor":25,"key":"REST"},{"data":"sneckomod:UnlimitedRolls","floor":30,"key":"SMITH"},{"data":"sneckomod:UnknownRarePower","floor":35,"key":"SMITH"},{"data":"sneckomod:Restock","floor":40,"key":"SMITH"},{"floor":48,"key":"REST"}],"circlet_count":0,"master_deck":["sneckomod:Strike+1","sneckomod:Strike+1","sneckomod:Strike","sneckomod:Defend","sneckomod:Defend","sneckomod:Defend","sneckomod:TailWhip","sneckomod:SnekBite+1","sneckomod:Unknown","sneckomod:Unknown","sneckomod:UnknownDraw","sneckomod:SoulCleanse","sneckomod:WideSting+1","sneckomod:QuickMove","sneckomod:SnakeSap","sneckomod:UnlimitedRolls+1","sneckomod:SerpentIdol","sneckomod:Mudshield+1","sneckomod:UnlimitedRolls","sneckomod:SlitherStrike","sneckomod:SerpentIdol","sneckomod:ImprovisedAttack","sneckomod:SoulDraw","sneckomod:Unknown3Cost","sneckomod:SoulRoll+1","sneckomod:UnknownDraw","sneckomod:UnendingSupply+1","sneckomod:UnknownClassHEXA_GHOST_PURPLE+1","sneckomod:UnknownUncommonPower","sneckomod:ImprovisedGuard","sneckomod:Restock+1","sneckomod:UnknownRarePower+1","sneckomod:SerpentMind","sneckomod:Mudshield+1","sneckomod:MasterEye+1","sneckomod:QuickBite+1","sneckomod:Unknown2Cost"],"relics":["sneckomod:SneckoSoul","Letter Opener","Gremlin Horn","Blue Candle","Orrery","Runic Pyramid","downfall:HeartBlessingRed","MealTicket","Strawberry","Question Card","Mummified Hand","Philosopher\u0027s Stone","Bag of Marbles","Ornamental Fan","Calipers","Blood Vial","downfall:HeartBlessingGreen"],"acts_visited":["Exordium","TheCity","TheBeyond"],"potions_floor_usage":[27,36,42,47,50,50,50],"damage_taken":[{"damage":1,"enemies":"Jaw Worm","floor":2,"turns":4},{"damage":4,"enemies":"2 Louse","floor":3,"turns":3},{"damage":0,"enemies":"Cultist","floor":5,"turns":2},{"damage":6,"enemies":"downfall:FleeingMerchant","floor":11,"turns":4},{"damage":0,"enemies":"3 Louse","floor":12,"turns":3},{"damage":4,"enemies":"2 Fungi Beasts","floor":13,"turns":2},{"damage":11,"enemies":"Red Slaver","floor":14,"turns":5},{"damage":7,"enemies":"3 Louse","floor":15,"turns":3},{"damage":40,"enemies":"WA_ARCHETYPE_RETAIN","floor":16,"turns":8},{"damage":5,"enemies":"Chosen","floor":19,"turns":3},{"damage":15,"enemies":"Shell Parasite","floor":20,"turns":4},{"damage":26,"enemies":"Shelled Parasite and Fungi","floor":22,"turns":3},{"damage":0,"enemies":"Sentry and Sphere","floor":26,"turns":2},{"damage":18,"enemies":"Gremlin Leader","floor":27,"turns":4},{"damage":1,"enemies":"3 Cultists","floor":28,"turns":4},{"damage":8,"enemies":"downfall:FleeingMerchant","floor":29,"turns":4},{"damage":2,"enemies":"Cultist and Chosen","floor":31,"turns":4},{"damage":7,"enemies":"Snake Plant","floor":32,"turns":3},{"damage":8,"enemies":"DF_ARCHETYPE_CLAW","floor":33,"turns":4},{"damage":4,"enemies":"3 Darklings","floor":36,"turns":2},{"damage":14,"enemies":"downfall:FleeingMerchant","floor":38,"turns":4},{"damage":2,"enemies":"Orb Walker","floor":42,"turns":4},{"damage":10,"enemies":"downfall:FleeingMerchant","floor":44,"turns":4},{"damage":29,"enemies":"Spire Growth","floor":46,"turns":4},{"damage":0,"enemies":"Nemesis","floor":47,"turns":5},{"damage":11,"enemies":"4 Shapes","floor":49,"turns":3},{"damage":38,"enemies":"IC_BLOCK_ARCHETYPE","floor":50,"turns":7}],"seed_played":"6087047917721600713","potions_obtained":[{"floor":11,"key":"Swift Potion"},{"floor":12,"key":"SteroidPotion"},{"floor":13,"key":"AttackPotion"},{"floor":28,"key":"SkillPotion"},{"floor":32,"key":"SneckoOil"},{"floor":46,"key":"ColorlessPotion"},{"floor":47,"key":"Fruit Juice"},{"floor":49,"key":"EntropicBrew"}],"is_trial":false,"path_per_floor":["R","M","M","?","M","R","T","?","?","R","$","M","M","M","M","B",null,"R","M","M","T","M","?","T","R","M","E","M","$","R","M","M","B",null,"R","M","?","$","?","R","T","M","?","$","?","M","E","R","M","B",null],"character_chosen":"THE_SNECKO","items_purchased":["Orrery","Mummified Hand","sneckomod:SerpentMind","Calipers"],"campfire_rested":2,"item_purchase_floors":[11,29,38,44],"current_hp_per_floor":[99,98,94,94,94,94,94,89,89,89,83,83,79,68,61,21,99,99,94,79,79,53,53,60,91,91,73,72,79,79,77,77,69,106,106,106,106,92,92,92,92,90,90,95,87,58,63,96,87,51],"gold":37,"neow_bonus":"TEN_PERCENT_HP_BONUS","is_daily":false,"chose_seed":false,"campfire_upgraded":6,"win_rate":0.0,"timestamp":1613408897,"path_taken":["R","M","M","?","M","R","T","?","?","R","?","M","M","M","M","BOSS","R","M","M","?","M","?","T","R","M","E","M","$","R","M","M","BOSS","R","M","?","$","?","R","T","?","?","$","?","M","E","R","M","BOSS"],"items_purchased_type":["Relic","Relic","Card","Relic"],"build_version":"2020-12-22","purchased_purges":1,"victory":true,"max_hp_per_floor":[99,99,99,99,99,99,99,99,99,99,99,99,99,99,99,99,99,99,99,99,99,99,99,106,106,106,106,106,106,106,106,106,106,106,106,106,106,106,106,106,106,106,106,106,106,106,111,111,111,111],"card_choices":[{"not_picked":["sneckomod:Unknown1Cost","sneckomod:SoulRoll"],"picked":"sneckomod:UnknownDraw","floor":2},{"not_picked":["sneckomod:UnknownCommonSkill","sneckomod:DiceBoulder"],"picked":"sneckomod:SoulCleanse","floor":3},{"not_picked":["sneckomod:UnknownBlock","sneckomod:UnknownX"],"picked":"sneckomod:WideSting","floor":5},{"not_picked":["sneckomod:UnknownVulnerable","sneckomod:UnknownUncommonAttack"],"picked":"sneckomod:QuickMove","floor":11},{"not_picked":["sneckomod:Nope","sneckomod:Unknown2Cost"],"picked":"sneckomod:SnakeSap","floor":11},{"not_picked":["sneckomod:UnknownCommonAttack","sneckomod:MasterEye"],"picked":"sneckomod:UnlimitedRolls","floor":11},{"not_picked":["sneckomod:TrashToTreasure","sneckomod:UnknownDraw"],"picked":"sneckomod:SerpentIdol","floor":11},{"not_picked":["sneckomod:DiceBoulder","sneckomod:RainOfDice"],"picked":"sneckomod:Mudshield","floor":11},{"not_picked":["sneckomod:IronFang","sneckomod:UnknownUncommonAttack"],"picked":"sneckomod:UnlimitedRolls","floor":11},{"not_picked":["sneckomod:UnknownCommonSkill","sneckomod:RainOfDice"],"picked":"sneckomod:SlitherStrike","floor":12},{"not_picked":["sneckomod:RainOfDice","sneckomod:Nope"],"picked":"sneckomod:SerpentIdol","floor":13},{"not_picked":["sneckomod:UnknownWeak","sneckomod:DiceBlock"],"picked":"sneckomod:ImprovisedAttack","floor":14},{"not_picked":["sneckomod:Unknown1Cost","sneckomod:IronFang"],"picked":"sneckomod:SoulDraw","floor":15},{"not_picked":["sneckomod:UnknownRareSkill","sneckomod:Mudshield"],"picked":"sneckomod:Unknown3Cost","floor":16},{"not_picked":["sneckomod:DiceBlock+1","sneckomod:QuickBite"],"picked":"sneckomod:SoulRoll+1","floor":19},{"not_picked":["sneckomod:SlitherStrike","sneckomod:UnknownCommonAttack"],"picked":"sneckomod:UnknownDraw","floor":20},{"not_picked":["sneckomod:UnknownWeak","sneckomod:QuickMove"],"picked":"sneckomod:UnendingSupply","floor":22},{"not_picked":["sneckomod:UnknownClassGUARDIAN","sneckomod:DiceBlock+1"],"picked":"sneckomod:UnknownClassHEXA_GHOST_PURPLE+1","floor":26},{"not_picked":["sneckomod:UnknownExhaust","sneckomod:ImprovisedGuard","sneckomod:UnknownDraw"],"picked":"SKIP","floor":27},{"not_picked":["sneckomod:UnknownCommonAttack","sneckomod:UnknownDraw","sneckomod:QuickMove"],"picked":"sneckomod:UnknownUncommonPower","floor":28},{"not_picked":["sneckomod:QuickBite","sneckomod:UnknownX+1","sneckomod:UnknownClassHEXA_GHOST_PURPLE"],"picked":"sneckomod:ImprovisedGuard","floor":29},{"not_picked":["sneckomod:QuickMove+1","sneckomod:SoulRoll","sneckomod:UnknownClassGUARDIAN","sneckomod:SnekBeam"],"picked":"SKIP","floor":31},{"not_picked":["sneckomod:SoulDraw","sneckomod:Unknown2Cost","sneckomod:Unknown1Cost"],"picked":"sneckomod:Restock","floor":32},{"not_picked":["sneckomod:UnknownBoss","sneckomod:Cheat","sneckomod:UnlimitedRolls"],"picked":"sneckomod:UnknownRarePower","floor":33},{"not_picked":["sneckomod:DiceCrush","sneckomod:UnknownClassHEXA_GHOST_PURPLE+1","sneckomod:Unknown1Cost","sneckomod:QuickMove+1"],"picked":"SKIP","floor":36},{"not_picked":["sneckomod:SoulDraw+1","sneckomod:QuickBite+1","sneckomod:UnknownUncommonAttack","sneckomod:CheapStock+1"],"picked":"SKIP","floor":38},{"not_picked":["sneckomod:UnknownUncommonAttack","sneckomod:UnknownDraw","sneckomod:UnknownWeak+1","sneckomod:UnknownClassHEXA_GHOST_PURPLE"],"picked":"SKIP","floor":42},{"not_picked":["sneckomod:Nope+1","sneckomod:UnknownUncommonSkill+1","sneckomod:SlitherStrike"],"picked":"sneckomod:MasterEye+1","floor":44},{"not_picked":["sneckomod:Cheat","sneckomod:RainOfDice+1","sneckomod:UnknownX"],"picked":"sneckomod:QuickBite+1","floor":46},{"not_picked":["sneckomod:UnknownClassBLUE","sneckomod:UnknownDraw","sneckomod:UnknownCommonAttack"],"picked":"sneckomod:Unknown2Cost","floor":47},{"not_picked":["sneckomod:UnknownClassGUARDIAN","sneckomod:DiceCrush","sneckomod:QuickMove+1","sneckomod:MorePower"],"picked":"SKIP","floor":49}],"player_experience":33828,"relics_obtained":[{"floor":7,"key":"Gremlin Horn"},{"floor":21,"key":"MealTicket"},{"floor":24,"key":"Strawberry"},{"floor":27,"key":"Question Card"},{"floor":37,"key":"Bag of Marbles"},{"floor":41,"key":"Ornamental Fan"},{"floor":47,"key":"Blood Vial"}],"event_choices":[{"damage_healed":0,"gold_gain":0,"player_choice":"Ignored","damage_taken":0,"max_hp_gain":0,"max_hp_loss":0,"event_name":"Mysterious Sphere","floor":43,"gold_loss":0}],"is_beta":false,"boss_relics":[{"not_picked":["Velvet Choker","Astrolabe"],"picked":"Runic Pyramid"},{"not_picked":["Empty Cage","SacredBark"],"picked":"Philosopher\u0027s Stone"}],"items_purged_floors":[11],"is_endless":false,"potions_floor_spawned":[12,13,15,22,26,28,31,32,33,46,47,49],"ascension_level":0}}