{"host":"7ij4m6ehapfophuy","time":1613423245,"event":{"mods":["BaseMod","Bestiary","Curses Come First","Filter the Spire","Minty Spire (QoL Compilation)","Relic Stats","StSLib","ojb\u0027s Better Paths Mod"],"gold_per_floor":[114,114,125,145,165,183,183,33,33,65,65,10,40,54,54,132,132,150,161,161,174,37,37,37],"floor_reached":23,"language":"ENG","playtime":922,"items_purged":["Pain","Strike_B"],"score":406,"play_id":"43f0210d-7b8d-4420-aa4d-e0e5b6114f89","local_time":"20210215160725","is_ascension_mode":true,"campfire_choices":[{"floor":7.0,"key":"REST"},{"data":"Dualcast","floor":15,"key":"SMITH"}],"circlet_count":0,"master_deck":["AscendersBane","Strike_B","Strike_B","Defend_B","Defend_B","Defend_B","Defend_B","Zap","Dualcast+1","Ball Lightning","Compile Driver","Undo","Coolheaded","Doom and Gloom","Biased Cognition","Ball Lightning","Lockon","Core Surge","Electrodynamics","Leap+1","Go for the Eyes+1","Defragment"],"relics":["Cracked Core","Akabeko","WarpedTongs","White Beast Statue","Regal Pillow","Eternal Feather","Inserter"],"acts_visited":["Exordium","TheCity"],"potions_floor_usage":[10,13,18,19,23,23],"damage_taken":[{"damage":0.0,"enemies":"Small Slimes","floor":1.0,"turns":3.0},{"damage":3.0,"enemies":"Cultist","floor":3.0,"turns":2.0},{"damage":1.0,"enemies":"2 Louse","floor":4.0,"turns":2.0},{"damage":21.0,"enemies":"Lots of Slimes","floor":5.0,"turns":3.0},{"damage":8.0,"enemies":"Looter","floor":6.0,"turns":2.0},{"damage":8,"enemies":"Gremlin Nob","floor":10,"turns":3},{"damage":17,"enemies":"Lagavulin","floor":13,"turns":5},{"damage":6,"enemies":"Blue Slaver","floor":14,"turns":2},{"damage":4,"enemies":"The Guardian","floor":16,"turns":9},{"damage":31,"enemies":"Shell Parasite","floor":18,"turns":5},{"damage":7,"enemies":"3 Byrds","floor":19,"turns":3},{"damage":22,"enemies":"Sentry and Sphere","floor":21,"turns":4},{"damage":15,"enemies":"Book of Stabbing","floor":23,"turns":4}],"seed_played":"6890192515659180917","potions_obtained":[{"floor":3.0,"key":"FearPotion"},{"floor":5.0,"key":"Regen Potion"},{"floor":10,"key":"Energy Potion"},{"floor":11,"key":"CultistPotion"},{"floor":13,"key":"Strength Potion"},{"floor":14,"key":"EssenceOfDarkness"},{"floor":18,"key":"EssenceOfSteel"},{"floor":19,"key":"DuplicationPotion"}],"is_trial":false,"path_per_floor":["M","?","M","M","M","M","R","$","T","E","?","$","E","M","R","B",null,"M","M","?","M","$","E"],"character_chosen":"DEFECT","items_purchased":["Biased Cognition","Ball Lightning","Defragment"],"campfire_rested":1,"item_purchase_floors":[8,12,22],"current_hp_per_floor":[64,64,61,60,39,31,52,52,52,44,44,44,27,21,33,29,61,44,37,37,15,15,0,0],"gold":37,"neow_bonus":"RANDOM_COMMON_RELIC","is_daily":false,"chose_seed":false,"campfire_upgraded":1,"win_rate":0.0,"timestamp":1613423245,"path_taken":["M","?","M","?","M","M","R","$","T","E","?","?","E","?","R","BOSS","M","M","?","?","$","E"],"items_purchased_type":["Card","Card","Card"],"build_version":"2020-12-22","purchased_purges":2,"victory":false,"max_hp_per_floor":[71,71,71,71,71,71,71,71,71,71,71,71,71,71,71,71,71,71,71,71,71,71,71,71],"relic_stats":{"Regal Pillow":0,"Inserter":[8],"counters":[13,47],"Eternal Feather":12,"obtain_stats":[{"Regal Pillow":10,"Inserter":17,"Eternal Feather":13,"Cracked Core":0,"Akabeko":0,"White Beast Statue":9,"WarpedTongs":2},{"Regal Pillow":6,"Inserter":9,"Eternal Feather":7,"Cracked Core":0,"Akabeko":0,"White Beast Statue":5,"WarpedTongs":1},{"Regal Pillow":15,"Inserter":31,"Eternal Feather":20,"Cracked Core":0,"Akabeko":0,"White Beast Statue":12,"WarpedTongs":3}],"WarpedTongs":[44]},"card_choices":[{"not_picked":["Consume","Steam"],"picked":"Ball Lightning","floor":1.0},{"not_picked":["Rip and Tear","Stack"],"picked":"Compile Driver","floor":3.0},{"not_picked":["Double Energy","Turbo"],"picked":"Undo","floor":4.0},{"not_picked":["Sweeping Beam","Force Field"],"picked":"Coolheaded","floor":5.0},{"not_picked":["Cold Snap","Redo"],"picked":"Doom and Gloom","floor":6.0},{"not_picked":["Barrage","Storm","Coolheaded"],"picked":"SKIP","floor":10},{"not_picked":["Streamline","Self Repair"],"picked":"Lockon","floor":13},{"not_picked":["Heatsinks","Double Energy"],"picked":"Core Surge","floor":14},{"not_picked":["Rainbow","Biased Cognition"],"picked":"Electrodynamics","floor":16},{"not_picked":["Coolheaded","Static Discharge"],"picked":"Leap+1","floor":18},{"not_picked":["Sweeping Beam","Compile Driver"],"picked":"Go for the Eyes+1","floor":19},{"not_picked":["Cold Snap","Streamline","Storm"],"picked":"SKIP","floor":21}],"player_experience":1134821,"relics_obtained":[{"floor":9.0,"key":"White Beast Statue"},{"floor":10,"key":"Regal Pillow"},{"floor":13,"key":"Eternal Feather"}],"event_choices":[{"damage_healed":0.0,"max_hp_gain":0.0,"max_hp_loss":0.0,"gold_gain":0.0,"event_name":"Accursed Blacksmith","player_choice":"Rummage","floor":2.0,"gold_loss":0.0,"damage_taken":0.0,"relics_obtained":["WarpedTongs"],"cards_obtained":["Pain"]},{"damage_healed":0,"gold_gain":0,"player_choice":"Got Potions","damage_taken":0,"max_hp_gain":0,"max_hp_loss":0,"event_name":"Lab","floor":11,"gold_loss":0},{"cards_removed":["Strike_B"],"damage_healed":0,"gold_gain":0,"player_choice":"Purged","damage_taken":0,"max_hp_gain":0,"max_hp_loss":0,"event_name":"Purifier","floor":20,"gold_loss":0}],"is_beta":false,"boss_relics":[{"not_picked":["Busted Crown","Philosopher\u0027s Stone"],"picked":"Inserter"}],"items_purged_floors":[8,22],"is_endless":false,"potions_floor_spawned":[3,5,10,13,14,16,18,19,21],"killed_by":"Book of Stabbing","ascension_level":20}}