{"host":"0rn20prxkpuv2e47","time":1613397249,"event":{"mods":["100% Spire Juice","ATMod(阿瑾Mod)","Act Like it!","Arknights","Aspiration","BaseMod","Challenge The Spire","Downfall","Friendly Minions","Gensokyo","GungeonMod","Hallownest","Hermit","Koishi","KomeijiMod","Luminous","Marisa（F雨　魔理沙）","Minty Spire (QoL Compilation)","MostiFishMod","Prisma Mod","Quick Restart","Reimu（博丽灵梦）","Remilia（蕾米莉亚）","Robot Space Explorer","SIMod","StSLib","The Administrix","The Alterego","The Animator","The Blackbeard","The Bug Knight","The Construct","The Cursed","The Jungle","The Mystic","The Runesmith","The Senshi","The Servant 0.9.4","WarShipGirlsR/战舰少女R mod","Warlord Emblem","Wide Potions","Yuyuko","[GremlinLeader]The Maniac","[IsaacMod]以撒尖塔","[功能]功能增强和修复MOD","noobMod","【功能Mod】聪明的最终Boss","【遗物卡牌】REMEMod"],"gold_per_floor":[152,192,236,191,250,250,368,368,393,447,447,454,447,530,530,790,790,864,917,917,996,996,996,1190,1190,1190,1199,1269,1348,1348,1348,1348,1605,1605,1648,1704,1757,1847,1152,1152,1152,1373,1373,1373,1376,1480,1480,1480,1480,1720],"floor_reached":51,"language":"ZHS","playtime":2194,"items_purged":["blackbeard:BlackbeardStrike","blackbeard:BlackbeardStrike","blackbeard:IntimidatingStrike","blackbeard:BlackbeardDefend","blackbeard:BlackbeardDefend","blackbeard:BlackbeardDefend","blackbeard:BlackbeardDefend","blackbeard:BlackbeardStrike","blackbeard:BlackbeardStrike","AT_ShrugMaster+1","AT_ShrugMaster+1","Dramatic Entrance","blackbeard:BeatUp","MostiFishMod:OneDayCity","blackbeard:SwordDance","blackbeard:WiseDefense+1","blackbeard:BountyHunter+1","blackbeard:BuriedTreasure+1","blackbeard:Bandana+1"],"score":1049,"play_id":"f58e841b-6ed0-4522-96ff-2303d90a5fac","local_time":"20210215215409","is_ascension_mode":false,"campfire_choices":[{"data":"BettingIsNotGood","floor":6,"key":"SMITH"},{"data":"blackbeard:Salvager","floor":8,"key":"SMITH"},{"data":"blackbeard:GoldenGuillotine","floor":11,"key":"SMITH"},{"data":"blackbeard:WeaponProficiency","floor":15,"key":"SMITH"},{"data":"blackbeard:SwordDance","floor":23,"key":"SMITH"},{"data":"blackbeard:BoostMorale","floor":25,"key":"SMITH"},{"data":"1","floor":32,"key":"LIFT"},{"data":"2","floor":40,"key":"LIFT"},{"data":"3","floor":44,"key":"LIFT"},{"data":"Deep Breath","floor":49,"key":"SMITH"}],"circlet_count":0,"master_deck":["blackbeard:Cutlass+1","BettingIsNotGood+1","blackbeard:BlindAttacks+1","blackbeard:Salvager+1","blackbeard:GoldenGuillotine+1","blackbeard:GoldenStrike+1","blackbeard:WeaponMastery+1","blackbeard:Sword+1","blackbeard:DeadlyArsenal+1","blackbeard:WeaponProficiency+1","blackbeard:SwordDance+1","blackbeard:BoostMorale+1","Deep Breath+1","blackbeard:Spear+1","blackbeard:BoostMorale+1","blackbeard:Dagger+1","blackbeard:PowderKeg+1","blackbeard:CatONineTails+1","blackbeard:RearmingStrike+1","GreatAndPowerful","REME_ShortnessOfBreath","Gensokyo:BlemishedSteel","Gensokyo:TarnishedGold","blackbeard:MegaUpgrade+1","Enlightenment+1","Violence"],"relics":["blackbeard:LoadTheCannons","ice","AT_ATBox","REME_ComplimentaryCards","HushsDoor","DaveBox","OriginationStaff","SalivaCoin","SynthV:TestCard","REME_CardOfGreed","WarlordEmblem:MantleCaireseth","Mummified Hand","AT_SunfireAegis","blackbeard:HipFlask","AT_TheCollector","CeramicFish","Potion Belt","WarlordEmblem:MantleKazakus","Chemical X","bronze:MakeshiftBattery","TentaclePot:ReiMu","WarlordEmblem:QuestWarrior","WarlordEmblem:MantleLiam","theJungle:WildMango","Blood Vial","Shuriken","AT_RedTearstoneRing","blackbeard:CannonballsOfSteel","Civilization","Ninja Scroll","TimeFreeze","Girya","UnicornStump","theJungle:BirthdayCakeSlice","WarlordEmblem:SaveLoadDisk","Damocles","Ornamental Fan","AT_MibuBalloonWealth","Omamori","blackbeard:GoldenRing","Orrery","Bag of Preparation","NineVolt","blackbeard:CrossedSwords","TheBattery","BirthdayGift-Tetrahedron","DemoMod:GlassGuonStoneRelic","WarlordEmblem:QuestShaman","blackbeard:TreasureChest","Bottled Flame","Whetstone","TakeMeEscape","Happy Flower","Gensokyo:TheCrow","AT_Kusabimaru","Bag of Marbles","Technique"],"acts_visited":["Gensokyo:Gensokyo","theJungle:Jungle","Gensokyo:Gensokyoest"],"potions_floor_usage":[37,38],"damage_taken":[{"damage":19,"enemies":"Gensokyo:Gryphon","floor":1,"turns":4},{"damage":3,"enemies":"Gensokyo:2_Kodama","floor":2,"turns":3},{"damage":8,"enemies":"Gensokyo:3_Fairies","floor":3,"turns":5},{"damage":15,"enemies":"Gensokyo:Python_and_Kodama","floor":5,"turns":4},{"damage":14,"enemies":"Gensokyo:Mamizou","floor":7,"turns":6},{"damage":4,"enemies":"Gensokyo:Aya","floor":10,"turns":4},{"damage":20,"enemies":"Gensokyo:Gryphon_and_Rabbit","floor":14,"turns":4},{"damage":14,"enemies":"Gensokyo:Reimu","floor":16,"turns":5},{"damage":10,"enemies":"theJungle:MUSHROOMGANG","floor":18,"turns":2},{"damage":0,"enemies":"theJungle:5_Spyders","floor":19,"turns":3},{"damage":0,"enemies":"theJungle:Snecko_Cultist_And_Trap","floor":21,"turns":2},{"damage":0,"enemies":"theJungle:MamaSnecko","floor":24,"turns":2},{"damage":18,"enemies":"JungleHuntersEvent","floor":28,"turns":1},{"damage":11,"enemies":"theJungle:SlimyTreeVines","floor":29,"turns":2},{"damage":0,"enemies":"theJungle:FunGuy","floor":33,"turns":1},{"damage":0,"enemies":"Gensokyo:3_Boulders","floor":35,"turns":2},{"damage":0,"enemies":"Gensokyo:3_Bats","floor":36,"turns":2},{"damage":0,"enemies":"Gensokyo:Dusk_and_Dawn","floor":38,"turns":1},{"damage":0,"enemies":"Gensokyo:Doremy","floor":42,"turns":1},{"damage":0,"enemies":"Gensokyo:Yuyuko","floor":50,"turns":1}],"seed_played":"-1098011789504444128","potions_obtained":[{"floor":2,"key":"Guardian:BlockOnCardUsePotion"},{"floor":5,"key":"CalmPotion"},{"floor":18,"key":"ZuzhouPotion:ReiMu"},{"floor":21,"key":"blackbeard:OrangeJuicePotion"},{"floor":24,"key":"GrandPatriotsElixir:ReiMu"},{"floor":29,"key":"GrandPatriotsElixir:ReiMu"},{"floor":38,"key":"REME_GoldPotion"},{"floor":38,"key":"DemoMod:LeadSkinPotion"}],"is_trial":false,"path_per_floor":["M","M","M","$","M","R","E","R","T","E","R","?","$","M","R","B",null,"M","M","$","M","?","R","E","R","T","$","?","M","$","?","R","B",null,"M","M","$","M","COS","R","?","E","T","R","$","?","?","$","R","B",null],"character_chosen":"BLACKBEARD_CLASS","items_purchased":["REME_CardOfGreed","WarlordEmblem:MantleCaireseth","Mummified Hand","blackbeard:Salvager","blackbeard:GoldenGuillotine","blackbeard:GoldenStrike","Dramatic Entrance","Potion Belt","WarlordEmblem:MantleKazakus","Chemical X","blackbeard:DeadlyArsenal","MostiFishMod:OneDayCity","Energy Potion","TentaclePot:ReiMu","WarlordEmblem:QuestWarrior","WarlordEmblem:MantleLiam","AT_RedTearstoneRing","blackbeard:CannonballsOfSteel","Civilization","Deep Breath","TimeFreeze","Girya","UnicornStump","Damocles","Omamori","blackbeard:GoldenRing","Orrery","GreatAndPowerful","REME_ShortnessOfBreath","REME_GoldPotion","Enlightenment","Whetstone","TakeMeEscape","Violence","Happy Flower","AT_Kusabimaru","Bag of Marbles","Technique","DistilledChaos","Energy Potion"],"campfire_rested":0,"item_purchase_floors":[4,4,4,4,4,4,4,13,13,13,13,13,13,20,20,20,27,27,27,27,30,30,30,34,37,37,37,37,37,37,45,45,45,45,45,48,48,48,48,48],"current_hp_per_floor":[56,53,50,50,35,35,31,31,31,37,37,22,22,22,22,18,75,75,75,75,75,89,89,89,89,89,89,74,69,69,74,74,81,96,55,58,58,70,70,70,70,63,63,63,63,48,48,48,48,48],"gold":1720,"neow_bonus":"UPGRADE_CARD","is_daily":false,"chose_seed":false,"campfire_upgraded":7,"win_rate":0.0,"timestamp":1613397249,"path_taken":["M","M","?","$","?","R","E","R","T","E","R","?","$","M","R","BOSS","M","M","$","M","?","R","E","R","T","$","?","M","$","?","R","BOSS","M","M","$","M","COS","R","?","E","T","R","$","?","?","?","R","BOSS"],"items_purchased_type":["Relic","Relic","Relic","Card","Card","Card","Card","Relic","Relic","Relic","Card","Card","Potion","Relic","Relic","Relic","Relic","Relic","Relic","Card","Relic","Relic","Relic","Relic","Relic","Relic","Relic","Card","Card","Potion","Card","Relic","Relic","Card","Relic","Relic","Relic","Relic","Potion","Potion"],"build_version":"2020-12-22","purchased_purges":19,"victory":true,"max_hp_per_floor":[75,75,75,75,75,75,75,75,75,75,75,75,75,75,75,75,75,75,75,75,75,89,89,89,89,89,89,92,96,96,101,101,106,96,101,106,106,111,111,111,111,116,116,116,116,116,116,116,116,121],"card_choices":[{"not_picked":[],"picked":"BettingIsNotGood","floor":0},{"not_picked":["blackbeard:Toast","blackbeard:Dagger"],"picked":"blackbeard:BeatUp","floor":1},{"not_picked":["blackbeard:PirateEarring","blackbeard:ArmorUp","blackbeard:Fencing","blackbeard:DeadlyArsenal"],"picked":"blackbeard:BuriedTreasure","floor":2},{"not_picked":["blackbeard:BuriedTreasure","blackbeard:Shrapnel","blackbeard:TacticalRetreat","blackbeard:CloakAndCannonball"],"picked":"blackbeard:BlindAttacks","floor":3},{"not_picked":["blackbeard:PiratesWill","blackbeard:SwordDance","blackbeard:Anchor","blackbeard:DelayedPain"],"picked":"blackbeard:WeaponMastery","floor":5},{"not_picked":["blackbeard:FishingNets","blackbeard:GoldenDefense","blackbeard:DeadlyArsenal","blackbeard:Revenge"],"picked":"blackbeard:Sword","floor":7},{"not_picked":["blackbeard:CloakAndCannonball","blackbeard:Sharpening","blackbeard:RearmingStrike","blackbeard:ChaoticDefense"],"picked":"blackbeard:Bandana","floor":10},{"not_picked":["blackbeard:Bandana","blackbeard:Provisioning","blackbeard:Shrapnel","blackbeard:Toast"],"picked":"blackbeard:WeaponProficiency","floor":14},{"not_picked":["blackbeard:GoldenDefense","blackbeard:CannonBarrage+1","blackbeard:DoubleBottom","blackbeard:Fencing","blackbeard:Anchor"],"picked":"SKIP","floor":18},{"not_picked":["blackbeard:JollyRoger","blackbeard:Toast","blackbeard:Rum+1","blackbeard:Sharpening","blackbeard:UndeadForm"],"picked":"SKIP","floor":19},{"not_picked":["blackbeard:WiseDefense","blackbeard:PirateHook","blackbeard:AgileStrike","blackbeard:FishingNets"],"picked":"blackbeard:SwordDance","floor":21},{"not_picked":["blackbeard:Shrapnel","blackbeard:SmithingHammer","blackbeard:Upgrade","blackbeard:RemoveScurvy+1"],"picked":"blackbeard:BoostMorale","floor":24},{"not_picked":["blackbeard:InfiniteBarrage","blackbeard:SwordDance","blackbeard:Anchor","blackbeard:CloakAndCannonball"],"picked":"blackbeard:Spear+1","floor":28},{"not_picked":["blackbeard:TacticalRetreat+1","blackbeard:Sword","blackbeard:JollyRoger","blackbeard:VengefulSpirit","blackbeard:PiratesWill+1"],"picked":"SKIP","floor":29},{"not_picked":["blackbeard:PirateStrength","blackbeard:GoldenGuillotine","blackbeard:Salvager","blackbeard:CaptainsHat"],"picked":"blackbeard:BoostMorale","floor":33},{"not_picked":["blackbeard:Toast","blackbeard:Scrap+1","blackbeard:RearmingStrike+1","blackbeard:TacticalRetreat+1"],"picked":"blackbeard:Dagger+1","floor":35},{"not_picked":["blackbeard:BeatUp","blackbeard:Fencing","blackbeard:FieryDefense","blackbeard:Toast"],"picked":"blackbeard:PowderKeg+1","floor":36},{"not_picked":["blackbeard:DeadlyArsenal+1","blackbeard:SwordDance","blackbeard:CaptainsCabin","blackbeard:GoldenRain"],"picked":"blackbeard:CatONineTails+1","floor":37},{"not_picked":["blackbeard:CannonballSupply","blackbeard:WoodenLeg","blackbeard:BrownPants","blackbeard:Shrapnel+1"],"picked":"blackbeard:RearmingStrike+1","floor":37},{"not_picked":["blackbeard:WoodenLeg","blackbeard:Dagger+1","blackbeard:PiratesWill","blackbeard:RemoveScurvy"],"picked":"blackbeard:WiseDefense+1","floor":37},{"not_picked":["blackbeard:RearmingStrike+1","blackbeard:Scrap+1","blackbeard:Sword","blackbeard:GoldenDefense"],"picked":"blackbeard:SwordDance","floor":37},{"not_picked":["blackbeard:Fencing+1","blackbeard:BeatUp","blackbeard:FishingNets","blackbeard:DelayedPain+1"],"picked":"blackbeard:BountyHunter","floor":37},{"not_picked":["blackbeard:GoldenDefense+1","blackbeard:Dagger","blackbeard:CannonballSupply","blackbeard:Spear","blackbeard:Shrapnel"],"picked":"SKIP","floor":38},{"not_picked":["blackbeard:PiratesWill+1","blackbeard:BlindAttacks+1","blackbeard:PirateEarring+1","blackbeard:GoldenStrike"],"picked":"blackbeard:MegaUpgrade","floor":42}],"player_experience":187320,"relics_obtained":[{"floor":1,"key":"SynthV:TestCard"},{"floor":7,"key":"AT_SunfireAegis"},{"floor":9,"key":"blackbeard:HipFlask"},{"floor":10,"key":"AT_TheCollector"},{"floor":24,"key":"Blood Vial"},{"floor":26,"key":"Shuriken"},{"floor":28,"key":"Ninja Scroll"},{"floor":35,"key":"Ornamental Fan"},{"floor":36,"key":"AT_MibuBalloonWealth"},{"floor":38,"key":"Bag of Preparation"},{"floor":42,"key":"WarlordEmblem:QuestShaman"},{"floor":42,"key":"blackbeard:TreasureChest"},{"floor":43,"key":"Bottled Flame"}],"event_choices":[],"is_beta":false,"boss_relics":[{"not_picked":["aspiration:SilentSkillbook","EctoplasmExtend"],"picked":"bronze:MakeshiftBattery"},{"not_picked":[]},{"not_picked":["WarlordEmblem:HeavyShield","EE1DDrone"],"picked":"WarlordEmblem:SaveLoadDisk"},{"not_picked":[]}],"items_purged_floors":[4,4,4,4,4,4,4,4,4,13,13,13,13,13,37,37,45,45,45],"is_endless":false,"potions_floor_spawned":[2,2,3,5,5,7,7,10,14,16,16,16,18,19,21,21,24,29,35,38,38,42],"ascension_level":0}}