{"host":"0ma1l65sntb3rtgl","time":1613424483,"event":{"mods":["AchievementEnabler","BaseMod","Better Note","Better Third Choice","Colored Map","Colored Powertips","Curses Come First","Highlight Path","Minty Spire (QoL Compilation)","Rare Cards Sparkle","Relic Stats","Spire Arcade","StSLib"],"gold_per_floor":[119,138,138,138,213,243,255,288,288,59,75,75,92,13,13,112,162,181,181,45,62,76,76,96,130,130,110,110,143,143,9,9,106,106,119,119,119,119,138,138,156,191,191,202,202,202,202],"floor_reached":46,"language":"ENG","playtime":3328,"items_purged":["Regret","Intimidate"],"score":596,"play_id":"0b44b696-a77c-42f2-b784-90306f64af44","local_time":"20210215152803","daily_mods":["SealedDeck"],"is_ascension_mode":false,"campfire_choices":[{"data":"True Grit","floor":12,"key":"SMITH"},{"data":"Power Through","floor":15,"key":"SMITH"},{"data":"Barricade","floor":23,"key":"SMITH"},{"data":"Entrench","floor":28,"key":"SMITH"},{"data":"Berserk","floor":30,"key":"SMITH"},{"data":"Metallicize","floor":32,"key":"SMITH"},{"floor":40,"key":"REST"},{"data":"Impervious","floor":45,"key":"SMITH"}],"circlet_count":0,"master_deck":["Twin Strike","Thunderclap","Body Slam+1","Iron Wave","Entrench+1","Inflame","Power Through+1","Body Slam+1","Metallicize+1","Rage","Iron Wave+1","Anger","Berserk+1","Reaper","True Grit+1","Shrug It Off","Battle Trance","Barricade+1","Power Through","Cleave","Second Wind","Feel No Pain","Warcry+1","Havoc","Juggernaut","Impervious+1","Evolve","Panacea","Fiend Fire+1","Parasite","Disarm+1"],"relics":["Burning Blood","Toy Ornithopter","Meat on the Bone","Blue Candle","Letter Opener","Tiny House","Mango","Molten Egg 2","Bottled Flame","Runic Pyramid","Pear","InkBottle"],"acts_visited":["TheCity","TheBeyond"],"potions_floor_usage":[8,25,25,27],"damage_taken":[{"damage":0,"enemies":"2 Louse","floor":1,"turns":4},{"damage":6,"enemies":"Jaw Worm","floor":2,"turns":5},{"damage":13,"enemies":"3 Sentries","floor":6,"turns":7},{"damage":4,"enemies":"Small Slimes","floor":7,"turns":3},{"damage":13,"enemies":"Lagavulin","floor":8,"turns":6},{"damage":10,"enemies":"Red Slaver","floor":11,"turns":4},{"damage":0,"enemies":"Blue Slaver","floor":13,"turns":4},{"damage":27,"enemies":"Slime Boss","floor":16,"turns":6},{"damage":7,"enemies":"Chosen","floor":18,"turns":7},{"damage":2,"enemies":"Spheric Guardian","floor":21,"turns":4},{"damage":35,"enemies":"Snecko","floor":22,"turns":7},{"damage":18,"enemies":"3 Cultists","floor":24,"turns":7},{"damage":31,"enemies":"Slavers","floor":25,"turns":6},{"damage":19,"enemies":"Gremlin Leader","floor":29,"turns":7},{"damage":52,"enemies":"Collector","floor":33,"turns":10},{"damage":8,"enemies":"Orb Walker","floor":35,"turns":3},{"damage":77,"enemies":"3 Shapes","floor":39,"turns":4},{"damage":27,"enemies":"Writhing Mass","floor":41,"turns":7},{"damage":1,"enemies":"Giant Head","floor":42,"turns":7},{"damage":23,"enemies":"Sphere and 2 Shapes","floor":44,"turns":6},{"damage":92,"enemies":"Reptomancer","floor":46,"turns":6}],"seed_played":"-6744133467746377351","potions_obtained":[{"floor":6,"key":"DistilledChaos"},{"floor":13,"key":"SkillPotion"},{"floor":17,"key":"Weak Potion"},{"floor":22,"key":"Strength Potion"},{"floor":25,"key":"Ancient Potion"},{"floor":27,"key":"Fruit Juice"},{"floor":42,"key":"DuplicationPotion"}],"is_trial":true,"path_per_floor":["M","M","?","?","?","E","M","E","T","$","M","R","M","$","R","B",null,"M","?","$","M","M","R","M","E","T","?","R","E","R","$","R","B",null,"M","?","?","$","M","R","M","E","T","M","R","E"],"character_chosen":"IRONCLAD","items_purchased":["Intimidate","Reaper","Battle Trance","Second Wind","Metallicize","HeartOfIron"],"campfire_rested":1,"item_purchase_floors":[10,10,14,20,31,31],"current_hp_per_floor":[80,80,80,80,72,65,67,65,65,65,67,67,73,73,73,70,85,84,84,84,85,58,58,54,69,69,79,79,84,84,84,84,58,104,102,102,102,102,51,82,61,76,76,71,71,0,0],"gold":202,"neow_bonus":"","is_daily":false,"chose_seed":false,"campfire_upgraded":7,"win_rate":0.0,"timestamp":1613424483,"path_taken":["M","M","?","?","?","E","?","E","T","$","M","R","M","$","R","BOSS","M","?","$","M","M","R","M","E","T","?","R","E","R","$","R","BOSS","M","?","?","$","M","R","?","E","T","M","R","E"],"items_purchased_type":["Card","Card","Card","Card","Card","Potion"],"build_version":"2020-12-22","purchased_purges":2,"victory":false,"max_hp_per_floor":[80,80,80,80,80,80,80,80,80,80,80,80,80,80,80,80,85,85,85,85,85,85,85,85,99,99,104,104,104,104,104,104,104,104,104,104,104,104,104,104,104,114,114,114,114,114,114],"relic_stats":{"counters":[21,120],"Blue Candle":[1],"Letter Opener":[135],"obtain_stats":[{"Bottled Flame":29,"Tiny House":17,"Pear":42,"Blue Candle":8,"Mango":25,"Molten Egg 2":26,"Letter Opener":9,"Burning Blood":0,"Toy Ornithopter":4,"InkBottle":43,"Meat on the Bone":6,"Runic Pyramid":34},{"Bottled Flame":14,"Tiny House":8,"Pear":19,"Blue Candle":5,"Mango":13,"Molten Egg 2":13,"Letter Opener":5,"Burning Blood":0,"Toy Ornithopter":2,"InkBottle":19,"Meat on the Bone":3,"Runic Pyramid":15},{"Bottled Flame":77,"Tiny House":39,"Pear":108,"Blue Candle":25,"Mango":70,"Molten Egg 2":70,"Letter Opener":25,"Burning Blood":0,"Toy Ornithopter":9,"InkBottle":108,"Meat on the Bone":16,"Runic Pyramid":87}],"Burning Blood":111,"Toy Ornithopter":20,"InkBottle":[3],"Meat on the Bone":36},"card_choices":[{"not_picked":["Bloodletting","Clothesline"],"picked":"Iron Wave","floor":1},{"not_picked":["Heavy Blade","Cleave"],"picked":"Anger","floor":2},{"not_picked":["Corruption","Iron Wave"],"picked":"Berserk","floor":6},{"not_picked":["Flex","Body Slam","Clothesline"],"picked":"SKIP","floor":7},{"not_picked":["Iron Wave","Infernal Blade","Headbutt"],"picked":"SKIP","floor":8},{"not_picked":["Cleave","Perfected Strike"],"picked":"True Grit","floor":11},{"not_picked":["Cleave","Flex"],"picked":"Shrug It Off","floor":13},{"not_picked":["Juggernaut","Corruption"],"picked":"Barricade","floor":16},{"not_picked":["Iron Wave","Fire Breathing"],"picked":"Power Through","floor":17},{"not_picked":["Flex","Headbutt"],"picked":"Cleave","floor":18},{"not_picked":["Hemokinesis","Sword Boomerang"],"picked":"Feel No Pain","floor":21},{"not_picked":["Intimidate","Clash"],"picked":"Warcry+1","floor":22},{"not_picked":["Twin Strike","Seeing Red","Blood for Blood"],"picked":"SKIP","floor":24},{"not_picked":["Wild Strike","Infernal Blade"],"picked":"Havoc","floor":25},{"not_picked":["Anger+1","Seeing Red"],"picked":"Juggernaut","floor":29},{"not_picked":["Juggernaut","Double Tap"],"picked":"Impervious","floor":33},{"not_picked":["Havoc","Perfected Strike+1"],"picked":"Evolve","floor":35},{"not_picked":["Heavy Blade+1","Dropkick+1","Anger+1"],"picked":"SKIP","floor":39},{"not_picked":["Clash+1","Hemokinesis+1","Dropkick+1"],"picked":"SKIP","floor":41},{"not_picked":["Fire Breathing","Shockwave","Pummel+1"],"picked":"SKIP","floor":42},{"not_picked":["Searing Blow+1","Double Tap"],"picked":"Disarm+1","floor":44}],"player_experience":402450,"relics_obtained":[{"floor":6,"key":"Meat on the Bone"},{"floor":8,"key":"Blue Candle"},{"floor":9,"key":"Letter Opener"},{"floor":25,"key":"Mango"},{"floor":26,"key":"Molten Egg 2"},{"floor":29,"key":"Bottled Flame"},{"floor":42,"key":"Pear"},{"floor":43,"key":"InkBottle"}],"event_choices":[{"damage_healed":0,"gold_gain":0,"player_choice":"Grow","damage_taken":0,"max_hp_gain":0,"max_hp_loss":0,"event_name":"Living Wall","floor":3,"gold_loss":0,"cards_upgraded":["Body Slam"]},{"damage_healed":0,"gold_gain":0,"player_choice":"Box","damage_taken":0,"relics_obtained":["Toy Ornithopter"],"max_hp_gain":0,"max_hp_loss":0,"event_name":"Big Fish","floor":4,"gold_loss":0,"cards_obtained":["Regret"]},{"damage_healed":0,"gold_gain":75,"player_choice":"Touch","damage_taken":8,"max_hp_gain":0,"max_hp_loss":0,"event_name":"FaceTrader","floor":5,"gold_loss":0},{"damage_healed":0,"gold_gain":0,"player_choice":"Upgraded","damage_taken":0,"max_hp_gain":0,"max_hp_loss":0,"event_name":"Upgrade Shrine","floor":19,"gold_loss":0,"cards_upgraded":["Body Slam"]},{"damage_healed":0,"gold_gain":0,"player_choice":"Bought 1 Potion","damage_taken":0,"max_hp_gain":0,"max_hp_loss":0,"event_name":"The Woman in Blue","floor":27,"gold_loss":0},{"cards_removed":["Metallicize"],"damage_healed":0,"gold_gain":0,"player_choice":"Removed Power","damage_taken":0,"max_hp_gain":0,"max_hp_loss":0,"event_name":"Falling","floor":36,"gold_loss":0},{"damage_healed":0,"gold_gain":0,"player_choice":"2 cards matched","damage_taken":0,"max_hp_gain":0,"max_hp_loss":0,"event_name":"Match and Keep!","floor":37,"gold_loss":0,"cards_obtained":["Panacea","Fiend Fire"]},{"damage_healed":0,"gold_gain":0,"player_choice":"2 cards matched","damage_taken":0,"max_hp_gain":0,"max_hp_loss":0,"event_name":"Match and Keep!","floor":37,"gold_loss":0,"cards_obtained":["Panacea","Fiend Fire"]}],"is_beta":false,"boss_relics":[{"not_picked":["Mark of Pain","Empty Cage"],"picked":"Tiny House"},{"not_picked":["Black Blood","Velvet Choker"],"picked":"Runic Pyramid"}],"items_purged_floors":[10,20],"is_endless":false,"potions_floor_spawned":[6,13,22,25,35,42],"killed_by":"Reptomancer","ascension_level":0}}