{"host":"o5jvvi5yapo90aia","time":1613416354,"event":{"mods":["BaseMod","CapriCore","Minty Spire (QoL Compilation)","MostiFishMod","Prisma Mod","Spicy Shops","StSLib","TestMod","The Immortal","Yakumo Yukari mod","【人物mod】游戏王New YuGiOh mod","【功能Mod】Neow奖励"],"gold_per_floor":[124,124,157,207,239,239,284,284,331,374,404,435,435,37,37,179,179,210,210,56,56,88,128,159,199,199,246,177,177,177,222,222,365,365,399,464,495,495,520,563,563,563,563,490,235,285,311,355,355,370,385,385,385,-1350,-1302,-1287],"floor_reached":57,"language":"ZHS","playtime":2343,"items_purged":[],"score":3873,"play_id":"89746cb9-5bce-46f7-b5d5-7a9e080eda97","local_time":"20210216031234","is_ascension_mode":true,"campfire_choices":[{"data":"Defend_P","floor":6.0,"key":"PURGE"},{"data":"Defend_P","floor":8.0,"key":"PURGE"},{"data":"Defend_P","floor":13.0,"key":"PURGE"},{"data":"Defend_P","floor":15.0,"key":"PURGE"},{"data":"Strike_P","floor":30.0,"key":"PURGE"},{"data":"Strike_P","floor":32.0,"key":"PURGE"},{"data":"Eruption+1","floor":41.0,"key":"PURGE"},{"floor":49,"key":"RECALL"},{"data":"MostiFishMod:Minus+6","floor":53,"key":"SMITH"}],"circlet_count":0,"master_deck":["AscendersBane","Vigilance+1","Scrawl+1","MostiFishMod:DisColor+1","MostiFishMod:Speedup+1","FearNoEvil+1","MostiFishMod:Adaptation+1","MostiFishMod:LegendTransform+1","Tantrum+1","LessonLearned+1","MostiFishMod:Minus+8","InnerPeace+1","MostiFishMod:StarOceanP+1","TalkToTheHand"],"relics":["DaveBox","testmod-TestBox","testmod-Fanaticism","GuanYuAspect","testmod-AscensionHeart","SynthV:TestCard","Toy Ornithopter","Toxic Egg 2","Regal Pillow","Akabeko","DianPoetry","TimeKeys","Membership Card","PreservedInsect","Torii","HornCleat","Pen Nib","Juzu Bracelet","Centennial Puzzle","Pear","Empty Cage","testmod-Déjàvu","Oddly Smooth Stone","Peace Pipe","Mummified Hand","ClockworkSouvenir","TheAbacus","Medical Kit","Ice Cream","Darkstone Periapt","Happy Flower","Vajra","GoldenEye","Sling","SynthV:MejaisSoulstealer","TeardropLocket"],"acts_visited":["Exordium","TheCity","TheBeyond","TheEnding"],"potions_floor_usage":[56,56],"damage_taken":[{"damage":0.0,"enemies":"Jaw Worm","floor":1.0,"turns":2.0},{"damage":0.0,"enemies":"Small Slimes","floor":3.0,"turns":2.0},{"damage":0.0,"enemies":"Cultist","floor":5.0,"turns":2.0},{"damage":14.0,"enemies":"Gremlin Nob","floor":7.0,"turns":3.0},{"damage":22.0,"enemies":"3 Sentries","floor":10.0,"turns":4.0},{"damage":17.0,"enemies":"Exordium Wildlife","floor":11.0,"turns":3.0},{"damage":0.0,"enemies":"Blue Slaver","floor":12.0,"turns":1.0},{"damage":0.0,"enemies":"Slime Boss","floor":16.0,"turns":2.0},{"damage":0.0,"enemies":"Chosen","floor":18.0,"turns":2.0},{"damage":17.0,"enemies":"2 Thieves","floor":22.0,"turns":2.0},{"damage":0.0,"enemies":"Book of Stabbing","floor":23.0,"turns":1.0},{"damage":0.0,"enemies":"Cultist and Chosen","floor":24.0,"turns":2.0},{"damage":0.0,"enemies":"Gremlin Leader","floor":25.0,"turns":1.0},{"damage":0.0,"enemies":"Book of Stabbing","floor":27.0,"turns":1.0},{"damage":0.0,"enemies":"Slavers","floor":31.0,"turns":1.0},{"damage":0.0,"enemies":"Automaton","floor":33.0,"turns":2.0},{"damage":0.0,"enemies":"3 Darklings","floor":35.0,"turns":1.0},{"damage":0.0,"enemies":"2 Orb Walkers","floor":36.0,"turns":1.0},{"damage":0.0,"enemies":"Orb Walker","floor":37.0,"turns":1.0},{"damage":0.0,"enemies":"3 Darklings","floor":39.0,"turns":1.0},{"damage":0.0,"enemies":"Reptomancer","floor":40.0,"turns":1.0},{"damage":0,"enemies":"Nemesis","floor":46,"turns":1},{"damage":0,"enemies":"Writhing Mass","floor":47,"turns":2},{"damage":0,"enemies":"Giant Head","floor":48,"turns":1},{"damage":0,"enemies":"Donu and Deca","floor":50,"turns":2},{"damage":0,"enemies":"Awakened One","floor":51,"turns":2},{"damage":0,"enemies":"Shield and Spear","floor":55,"turns":1},{"damage":0,"enemies":"The Heart","floor":56,"turns":5}],"seed_played":"4196943362683266414","potions_obtained":[{"floor":5.0,"key":"SpeedPotion"},{"floor":10.0,"key":"Fire Potion"}],"is_trial":false,"path_per_floor":["M","?","M","?","M","R","E","R","T","E","M","M","R","$","R","B",null,"M","?","$","?","M","E","M","E","T","E","$","?","R","E","R","B",null,"M","?","M","T","M","E","R","?","T","$","$","E","M","E","R","B","B",null,"R","$","E","B",null],"character_chosen":"WATCHER","items_purchased":["Akabeko","DianPoetry","Membership Card","Juzu Bracelet","ClockworkSouvenir","TheAbacus","Medical Kit","Ice Cream","Vajra","GoldenEye","TalkToTheHand","Sling","SynthV:MejaisSoulstealer"],"campfire_rested":0,"item_purchase_floors":[14,14,20,28,44,45,45,45,54,54,54,54,54],"current_hp_per_floor":[34,29,34,33,34,34,28,28,28,27,23,31,31,31,31,39,40,41,41,41,41,41,42,42,43,43,44,44,44,44,50,50,58,59,60,60,60,60,60,61,61,61,61,61,61,62,62,63,63,66,71,72,72,72,74,77],"gold":-1287,"neow_bonus":"BOSS_RELIC","is_daily":false,"chose_seed":false,"campfire_upgraded":1,"win_rate":0.0,"timestamp":1613416354,"path_taken":["M","?","M","?","?","R","E","R","T","E","M","M","R","$","R","BOSS","M","?","$","?","M","E","M","E","T","E","?","?","R","E","R","BOSS","M","?","M","?","M","E","R","?","T","?","$","E","M","E","R","BOSS","BOSS","R","$","E","BOSS"],"items_purchased_type":["Relic","Relic","Relic","Relic","Relic","Relic","Relic","Relic","Relic","Relic","Card","Relic","Relic"],"build_version":"2020-12-22","purchased_purges":0,"victory":true,"max_hp_per_floor":[34,34,34,34,34,34,35,35,35,36,36,36,36,36,36,41,41,41,41,41,41,41,42,42,43,43,44,44,44,44,55,55,60,60,60,60,60,60,60,61,61,61,61,61,61,62,62,63,63,68,73,73,73,73,74,79],"card_choices":[{"not_picked":["JustLucky","Study","EmptyBody"],"picked":"SKIP","floor":1.0},{"not_picked":["FlyingSleeves","ClearTheMind","PathToVictory","BattleHymn","Crescendo"],"picked":"SKIP","floor":3.0},{"not_picked":["JustLucky","Sanctity","EmptyFist","MostiFishMod:Minus","Swivel"],"picked":"SKIP","floor":5.0},{"not_picked":["Blasphemy+1","DevaForm","MostiFishMod:Pointsdynamics","Judgement+1"],"picked":"Scrawl+1","floor":7.0},{"not_picked":["Alpha","MostiFishMod:DisColor","MostiFishMod:Minus","Brilliance"],"picked":"MostiFishMod:DisColor","floor":10.0},{"not_picked":["EmptyFist","Study","MostiFishMod:Nomercy","Vengeance+1"],"picked":"MostiFishMod:Speedup","floor":11.0},{"not_picked":["PathToVictory+1","WindmillStrike","Consecrate","Conclude"],"picked":"FearNoEvil","floor":12.0},{"not_picked":["MostiFishMod:Disappear","MostiFishMod:StarHerder","Scrawl+1","Vault+1"],"picked":"MostiFishMod:Adaptation","floor":16.0},{"not_picked":["Prostrate+1","CrushJoints","Conclude","Consecrate+1","FollowUp"],"picked":"SKIP","floor":18.0},{"not_picked":["Weave","PathToVictory+1","MostiFishMod:Speedup","DevaForm"],"picked":"Tantrum","floor":21.0},{"not_picked":["Consecrate","PathToVictory+1","Pray+1","Perseverance+1","EmptyBody+1"],"picked":"SKIP","floor":22.0},{"not_picked":["Ragnarok","MostiFishMod:KamiSmash","DeusExMachina","MostiFishMod:Moonprays","MostiFishMod:Disappear"],"picked":"SKIP","floor":23.0},{"not_picked":["FlurryOfBlows","Indignation+1","PathToVictory+1","CarveReality","EmptyMind+1"],"picked":"SKIP","floor":24.0},{"not_picked":["Omniscience","MostiFishMod:DisColor","Vault","MostiFishMod:Disappear","Ragnarok"],"picked":"SKIP","floor":25.0},{"not_picked":["SpiritShield","MostiFishMod:DustFall","ConjureBlade","Judgement","MostiFishMod:KamiSmash"],"picked":"SKIP","floor":27.0},{"not_picked":["MostiFishMod:DisColor","Establishment","MostiFishMod:Adaptation","MostiFishMod:DisColor"],"picked":"LessonLearned","floor":31.0},{"not_picked":["MostiFishMod:Dust","ConjureBlade+1","MostiFishMod:OutWit","Vault+1"],"picked":"MostiFishMod:Minus+1","floor":33.0},{"not_picked":["CrushJoints","Wireheading","BowlingBash","Crescendo+1","WreathOfFlame+1"],"picked":"SKIP","floor":35.0},{"not_picked":["EmptyFist+1","ClearTheMind+1","Wireheading","Consecrate"],"picked":"InnerPeace+1","floor":37.0},{"not_picked":["Meditate+1","SandsOfTime","Devotion","CutThroughFate+1","Evaluate+1"],"picked":"SKIP","floor":39.0},{"not_picked":["Devotion","Vault","MostiFishMod:KamiSmash","MostiFishMod:Disappear"],"picked":"MostiFishMod:StarOceanP","floor":40.0},{"not_picked":["Establishment","MostiFishMod:StarHerder","MostiFishMod:Pointsdynamics","LessonLearned","MostiFishMod:Minus"],"picked":"SKIP","floor":46},{"not_picked":["Swivel+1","MostiFishMod:Unraveling+1","EmptyMind+1","Worship+1","SandsOfTime"],"picked":"SKIP","floor":47},{"not_picked":["DeusExMachina","Vault+1","MostiFishMod:Pointsdynamics","MostiFishMod:Moonprays","Omniscience"],"picked":"SKIP","floor":48},{"not_picked":["Judgement","Establishment","DeusExMachina","MostiFishMod:KamiSmash","MostiFishMod:StarWish"],"picked":"SKIP","floor":55}],"player_experience":1563887,"relics_obtained":[{"floor":1.0,"key":"SynthV:TestCard"},{"floor":7.0,"key":"Toxic Egg 2"},{"floor":10.0,"key":"Regal Pillow"},{"floor":23.0,"key":"PreservedInsect"},{"floor":25.0,"key":"Torii"},{"floor":26.0,"key":"HornCleat"},{"floor":27.0,"key":"Pen Nib"},{"floor":29.0,"key":"Centennial Puzzle"},{"floor":31.0,"key":"Pear"},{"floor":36.0,"key":"testmod-Déjàvu"},{"floor":38.0,"key":"Oddly Smooth Stone"},{"floor":40.0,"key":"Peace Pipe"},{"floor":43.0,"key":"Mummified Hand"},{"floor":46,"key":"Darkstone Periapt"},{"floor":48,"key":"Happy Flower"},{"floor":55,"key":"TeardropLocket"}],"event_choices":[{"damage_healed":0.0,"max_hp_gain":0.0,"max_hp_loss":0.0,"gold_gain":0.0,"event_name":"Scrap Ooze","player_choice":"Success","floor":2.0,"gold_loss":0.0,"damage_taken":11.0,"relics_obtained":["Toy Ornithopter"]},{"damage_healed":0.0,"max_hp_gain":0.0,"max_hp_loss":0.0,"gold_gain":50.0,"event_name":"FaceTrader","player_choice":"Touch","floor":4.0,"gold_loss":0.0,"damage_taken":3.0},{"damage_healed":0.0,"max_hp_gain":0.0,"max_hp_loss":0.0,"gold_gain":0.0,"event_name":"The Library","player_choice":"Read","floor":19.0,"gold_loss":0.0,"damage_taken":0.0,"cards_obtained":["MostiFishMod:LegendTransform"]},{"damage_healed":0.0,"max_hp_gain":0.0,"max_hp_loss":0.0,"gold_gain":0.0,"event_name":"给自己的盒子","player_choice":"Swap Relic","floor":21.0,"relics_lost":["Orrery"],"gold_loss":0.0,"damage_taken":0.0,"relics_obtained":["Orrery"]},{"damage_healed":0.0,"max_hp_gain":0.0,"max_hp_loss":0.0,"gold_gain":0.0,"event_name":"Wheel of Change","player_choice":"Relic","floor":29.0,"gold_loss":0.0,"damage_taken":0.0},{"damage_healed":0.0,"max_hp_gain":0.0,"max_hp_loss":0.0,"gold_gain":0.0,"event_name":"Mysterious Sphere","player_choice":"Fight","floor":36.0,"gold_loss":0.0,"damage_taken":0.0},{"damage_healed":0.0,"max_hp_gain":0.0,"max_hp_loss":0.0,"gold_gain":0.0,"event_name":"Duplicator","player_choice":"Ignored","floor":42.0,"gold_loss":0.0,"damage_taken":0.0}],"is_beta":false,"boss_relics":[{"not_picked":["EE1DDrone","BloodWine"],"picked":"TimeKeys"},{"not_picked":["testmod-EnergyCheck","PatriotShield"],"picked":"Empty Cage"}],"items_purged_floors":[],"is_endless":false,"potions_floor_spawned":[5,10,16,22,24,25,33,37,39,48,55],"ascension_level":20}}