{"host":"d52brwsy6af8zvaq","time":1613357625,"event":{"mods":["AchievementEnabler","BaseMod","Bestiary","Highlight Path","Minty Spire (QoL Compilation)","Quick Restart","Relic Stats","ojb\u0027s Better Paths Mod"],"gold_per_floor":[115,128,143,217,217,244,244,276,301,301,327,341,341,352,352,430,430,450,450,468,338,338,338],"floor_reached":22,"language":"ENG","playtime":781,"items_purged":["Strike_B"],"score":408,"play_id":"d5249384-134a-4b5f-9806-78bd0819707b","local_time":"20210214195345","is_ascension_mode":true,"campfire_choices":[{"data":"Defragment","floor":7.0,"key":"SMITH"},{"floor":10.0,"key":"REST"},{"floor":13.0,"key":"REST"},{"floor":15.0,"key":"REST"}],"circlet_count":0,"master_deck":["AscendersBane","Strike_B+1","Strike_B","Strike_B","Defend_B","Defend_B","Defend_B","Defend_B","Zap","Dualcast","Rebound","Doom and Gloom+1","Leap","Streamline","Defragment+1","BootSequence","Steam","Coolheaded","Coolheaded","Buffer","Stack+1","Capacitor","Coolheaded"],"relics":["Cracked Core","Whetstone","Vajra","Cables","SlaversCollar"],"acts_visited":["Exordium","TheCity"],"potions_floor_usage":[],"damage_taken":[{"damage":3.0,"enemies":"2 Louse","floor":1.0,"turns":2.0},{"damage":6.0,"enemies":"Small Slimes","floor":2.0,"turns":3.0},{"damage":2.0,"enemies":"Jaw Worm","floor":3.0,"turns":4.0},{"damage":21.0,"enemies":"3 Sentries","floor":6.0,"turns":5.0},{"damage":20.0,"enemies":"Lagavulin","floor":8.0,"turns":7.0},{"damage":26.0,"enemies":"3 Sentries","floor":11.0,"turns":7.0},{"damage":0.0,"enemies":"3 Louse","floor":12.0,"turns":2.0},{"damage":1.0,"enemies":"Exordium Wildlife","floor":14.0,"turns":4.0},{"damage":14.0,"enemies":"Slime Boss","floor":16.0,"turns":10.0},{"damage":15.0,"enemies":"Spheric Guardian","floor":18.0,"turns":7.0},{"damage":29,"enemies":"2 Thieves","floor":20,"turns":4},{"damage":19,"enemies":"Masked Bandits","floor":22,"turns":2}],"seed_played":"-7439048559770409689","potions_obtained":[{"floor":3.0,"key":"EntropicBrew"},{"floor":11.0,"key":"FocusPotion"},{"floor":12.0,"key":"Weak Potion"}],"is_trial":false,"path_per_floor":["M","M","M","?","?","E","R","E","T","R","E","M","R","M","R","B",null,"M","?","M","$","?"],"character_chosen":"DEFECT","items_purchased":["Coolheaded"],"campfire_rested":3,"item_purchase_floors":[21],"current_hp_per_floor":[61,55,53,53,53,32,32,12,12,33,7,7,28,27,48,34,62,47,47,18,18,0,0],"gold":338,"neow_bonus":"THREE_CARDS","is_daily":false,"chose_seed":false,"campfire_upgraded":1,"win_rate":0.0,"timestamp":1613357625,"path_taken":["M","M","M","?","?","E","R","E","T","R","E","M","R","M","R","BOSS","M","?","M","$","?"],"items_purchased_type":["Card"],"build_version":"2020-12-22","purchased_purges":1,"victory":false,"max_hp_per_floor":[71,71,71,71,71,71,71,71,71,71,71,71,71,71,71,71,71,71,71,71,71,71,71],"relic_stats":{"counters":[12,57],"Whetstone":["Doom and Gloom","Strike_B"],"obtain_stats":[{"SlaversCollar":17,"Vajra":8,"Whetstone":6,"Cracked Core":0,"Cables":11},{"SlaversCollar":9,"Vajra":5,"Whetstone":4,"Cracked Core":0,"Cables":6},{"SlaversCollar":44,"Vajra":21,"Whetstone":14,"Cracked Core":0,"Cables":28}],"Cables":[25,12,3,10,0]},"card_choices":[{"not_picked":["Steam","Hello World"],"picked":"Rebound","floor":0.0},{"not_picked":["Gash","Go for the Eyes"],"picked":"Doom and Gloom","floor":1.0},{"not_picked":["Hello World","Beam Cell"],"picked":"Leap","floor":2.0},{"not_picked":["Leap","Turbo"],"picked":"Streamline","floor":3.0},{"not_picked":["Stack","BootSequence"],"picked":"Defragment","floor":6.0},{"not_picked":["Rebound","Chaos"],"picked":"BootSequence","floor":8.0},{"not_picked":["Chaos","Darkness"],"picked":"Steam","floor":11.0},{"not_picked":["Rip and Tear","Redo"],"picked":"Coolheaded","floor":12.0},{"not_picked":["Skim","Hologram"],"picked":"Coolheaded","floor":14.0},{"not_picked":["Amplify","Rainbow"],"picked":"Buffer","floor":16.0},{"not_picked":["Loop+1","Reinforced Body"],"picked":"Stack+1","floor":18},{"not_picked":["Capacitor","Compile Driver","Stack"],"picked":"SKIP","floor":20}],"player_experience":2269722,"relics_obtained":[{"floor":6.0,"key":"Whetstone"},{"floor":8.0,"key":"Vajra"},{"floor":11.0,"key":"Cables"}],"event_choices":[{"damage_healed":0.0,"max_hp_gain":0.0,"max_hp_loss":0.0,"gold_gain":74.0,"event_name":"Golden Wing","player_choice":"Gained Gold","floor":4.0,"gold_loss":0.0,"damage_taken":0.0},{"damage_healed":0.0,"max_hp_gain":0.0,"max_hp_loss":0.0,"gold_gain":0.0,"event_name":"Shining Light","player_choice":"Ignored","floor":5.0,"gold_loss":0.0,"damage_taken":0.0},{"damage_healed":0,"gold_gain":0,"player_choice":"Read","damage_taken":0,"max_hp_gain":0,"max_hp_loss":0,"event_name":"The Library","floor":19,"gold_loss":0,"cards_obtained":["Capacitor"]},{"damage_healed":0,"gold_gain":0,"player_choice":"Fought Bandits","damage_taken":0,"max_hp_gain":0,"max_hp_loss":0,"event_name":"Masked Bandits","floor":22,"gold_loss":0}],"is_beta":false,"boss_relics":[{"not_picked":["Calling Bell","Runic Dome"],"picked":"SlaversCollar"}],"items_purged_floors":[21],"is_endless":false,"potions_floor_spawned":[3,11,12,14],"killed_by":"Masked Bandits","ascension_level":20}}