{"host":"g53g9qlo34vrqi92","time":1613375003,"event":{"mods":["Aspiration","Bard","BaseMod","Beaked The Cultist","BetterRewards","Colored Map","Conspire","Energized Spire","Fiend Mod","GifTheSpireLib","Googly Eyes","Gremlin Skip","Halation","Hermit","Hubris","Infinite Spire","Jedi Mod","Minty Spire (QoL Compilation)","Permanent Neow","Quick Restart","Relic Filter","Replay The Spire","Spikes Relics","StSLib","Stuff the Spire","Synergy Search","The Bladedancer","The Bug Knight","The Construct","The Cursed","The Forsaken","The Jungle","The Necromancer","The Spell Scribe","The Trickster","Trackpad","slay the spire mod where everything is the same but ironclad has a cowboy hat"],"gold_per_floor":[213,213,227,88,102,102,137,137,137,171,185,185,195,39,39,140,140,121,141,141,141,161,161,161,171,197,214,214,224,224,166,166,262,262,279,293,343,369,389,420,420,442,492,492,492,526,451,486,486,522,522,522,25,59,59],"floor_reached":54,"language":"ENG","playtime":6163,"items_purged":["conspire:Purge","Strike_R"],"score":854,"play_id":"5d14389f-80b6-4044-86c3-4ac713256ea9","local_time":"20210214234323","is_ascension_mode":false,"campfire_choices":[{"data":"Bash","floor":6,"key":"SMITH"},{"data":"Intimidate","floor":8,"key":"SMITH"},{"data":"BarbarianYell","floor":12,"key":"SMITH"},{"floor":15,"key":"RECALL"},{"data":"Spot Weakness","floor":23,"key":"SMITH"},{"data":"Blood for Blood","floor":30,"key":"SMITH"},{"data":"Flame Barrier","floor":32,"key":"SMITH"},{"data":"bard:SplendidForm","floor":41,"key":"SMITH"},{"data":"Flame Barrier","floor":44,"key":"SMITH"},{"data":"Shrug It Off","floor":49,"key":"SMITH"},{"data":"ReplayTheSpireMod:Stacked","floor":52,"key":"SMITH"}],"circlet_count":0,"master_deck":["Strike_R+1","Defend_R+1","Defend_R","Defend_R+1","Bash+1","Shrug It Off+1","Intimidate+1","Dropkick","Hemogenesis+1","Blood for Blood+1","BarbarianYell+1","ReplayTheSpireMod:Stacked+1","Intimidate+1","Spot Weakness+1","TheCursedMod:WearCloak+1","Madness+1","Flame Barrier+1","Flame Barrier+1","bard:SplendidForm+1","bard:Greatness+1","Blood_Curse+1","Hallucinations","Spreading Infection","theTrickster:EyeForEye+1","jedi:BattleThirst"],"relics":["Burning Blood","Bag of Marbles","Whetstone","Oddly Smooth Stone","hubris:Backtick","beaked:MendingPlumage","PrismaticShard","Replay:Rubber Ducky","energizedSpire:OgreHead","Ring of Greed","halation:IllGainedPizza","MealTicket","ReplayTheSpireMod:Ring of Addiction","Potion Belt","Toy Ornithopter","aspiration:TomeofQuesting","Simple Rune","aspiration:Lifesprig","aspiration:StickyExplosives_weak","Anchor"],"acts_visited":["Exordium","TheCity","TheBeyond","TheEnding"],"potions_floor_usage":[7,13,16,25,29,33,39,42,48,50,50,50],"damage_taken":[{"damage":0,"enemies":"conspire:RoseBush","floor":1,"turns":4},{"damage":4,"enemies":"Cultist","floor":3,"turns":4},{"damage":4,"enemies":"2 Louse","floor":5,"turns":4},{"damage":21,"enemies":"Lagavulin","floor":7,"turns":7},{"damage":13,"enemies":"Replay:BlueRogue","floor":10,"turns":7},{"damage":4,"enemies":"Exordium Thugs","floor":11,"turns":3},{"damage":0,"enemies":"Large Slime","floor":13,"turns":5},{"damage":49,"enemies":"Fading Forest","floor":16,"turns":11},{"damage":16,"enemies":"2 Thieves","floor":18,"turns":4},{"damage":20,"enemies":"conspire:FuzzyDice","floor":19,"turns":8},{"damage":34,"enemies":"3 Cultists","floor":22,"turns":9},{"damage":5,"enemies":"Snake Plant","floor":25,"turns":6},{"damage":15,"enemies":"Centurion and Healer","floor":27,"turns":6},{"damage":39,"enemies":"Chosen and Byrds","floor":29,"turns":10},{"damage":63,"enemies":"Pondfish","floor":33,"turns":14},{"damage":26,"enemies":"3 Darklings","floor":35,"turns":11},{"damage":15,"enemies":"3 Shapes","floor":36,"turns":7},{"damage":28,"enemies":"Maw","floor":39,"turns":9},{"damage":3,"enemies":"R_Hoarder","floor":40,"turns":8},{"damage":35,"enemies":"Spire Growth","floor":42,"turns":7},{"damage":11,"enemies":"4 Shapes","floor":46,"turns":11},{"damage":3,"enemies":"Sphere and 2 Shapes","floor":48,"turns":11},{"damage":84,"enemies":"Awakened One","floor":50,"turns":16},{"damage":115,"enemies":"Shield and Spear","floor":54,"turns":12}],"seed_played":"5066662408239529148","potions_obtained":[{"floor":1,"key":"Toxic Potion"},{"floor":7,"key":"Fire Potion"},{"floor":10,"key":"ColorlessPotion"},{"floor":11,"key":"construct:ShiftPotion"},{"floor":18,"key":"HeartOfIron"},{"floor":22,"key":"Block Potion"},{"floor":27,"key":"Block Potion"},{"floor":33,"key":"Fruit Juice"},{"floor":37,"key":"BlessingOfTheForge"},{"floor":37,"key":"Fire Potion"},{"floor":37,"key":"SkillPotion"},{"floor":39,"key":"Swift Potion"},{"floor":40,"key":"FearPotion"},{"floor":48,"key":"FearPotion"}],"is_trial":false,"path_per_floor":["M","?","M","$","M","R","E","R","T","E","M","R","M","$","R","B",null,"M","M","?","?","M","R","$","M","T","M","$","M","R","$","R","B",null,"M","M","?","T","M","E","R","M","T","R","$","M","$","M","R","B",null,"R","$","E"],"character_chosen":"IRONCLAD","items_purchased":["Hemogenesis","Oddly Smooth Stone","Flame Barrier","aspiration:StickyExplosives_weak","Anchor"],"campfire_rested":0,"item_purchase_floors":[4,14,31,53,53],"current_hp_per_floor":[80,80,80,80,80,80,65,65,65,63,73,73,80,80,80,45,80,80,72,64,64,73,73,73,80,80,80,80,70,70,70,70,45,80,80,80,80,80,80,85,85,73,73,73,85,83,83,83,83,61,83,83,83,0,0],"gold":59,"neow_bonus":"HUNDRED_GOLD","is_daily":false,"chose_seed":false,"campfire_upgraded":10,"win_rate":0.0,"timestamp":1613375003,"path_taken":["M","?","M","$","?","R","E","R","T","E","M","R","M","?","R","BOSS","M","M","?","?","M","R","$","M","T","?","?","M","R","$","R","BOSS","M","M","?","?","M","E","R","?","T","R","$","M","?","M","R","BOSS","R","$","E"],"items_purchased_type":["Card","Relic","Card","Relic","Relic"],"build_version":"2020-12-22","purchased_purges":2,"victory":false,"max_hp_per_floor":[80,80,80,80,80,80,80,80,80,80,80,80,80,80,80,80,80,80,80,80,80,80,80,80,80,80,80,80,80,80,80,80,80,80,80,80,80,80,85,85,85,85,85,85,85,83,83,83,83,83,83,83,83,81,81],"card_choices":[{"not_picked":["Twin Strike","Headbutt"],"picked":"Shrug It Off","floor":1},{"not_picked":["StuffTheSpire:Slingshot","Replay:Undeath\u0027s Touch"],"picked":"Dropkick","floor":3},{"not_picked":["Clothesline","StuffTheSpire:BloodClot","Run Through"],"picked":"SKIP","floor":5},{"not_picked":["Clash","Shockwave","Carnage"],"picked":"SKIP","floor":7},{"not_picked":["Warcry","StuffTheSpire:RockThrow"],"picked":"Blood for Blood","floor":10},{"not_picked":["Blood for Blood","Absolvement"],"picked":"BarbarianYell","floor":11},{"not_picked":["Flex","True Grit"],"picked":"ReplayTheSpireMod:Stacked","floor":13},{"not_picked":["Demonic Infusion","Juggernaut"],"picked":"conspire:Purge","floor":16},{"not_picked":["Clash","Pummel","infinitespire:OneForAll"],"picked":"SKIP","floor":18},{"not_picked":["Feel No Pain+1","StuffTheSpire:Slingshot"],"picked":"Intimidate+1","floor":19},{"not_picked":["StuffTheSpire:Slingshot+1","Sentinel"],"picked":"Spot Weakness","floor":20},{"not_picked":["Fiend:FiendRage","bard:BucklerBash","theForsaken:HorrifyingStrike"],"picked":"SKIP","floor":22},{"not_picked":["True Grit","TheCursedMod:SpitefulPray","Armaments"],"picked":"SKIP","floor":25},{"not_picked":["HollowMod:NewLittleFool","bard:Demoralize"],"picked":"TheCursedMod:WearCloak+1","floor":27},{"not_picked":["theTrickster:Efficiency","Leap"],"picked":"Madness+1","floor":29},{"not_picked":["theTrickster:BlurTheLines","Chrysalis"],"picked":"bard:SplendidForm","floor":33},{"not_picked":["theTrickster:SwiftSlash","Perseverance"],"picked":"bard:Greatness+1","floor":35},{"not_picked":["theTrickster:RampingUpDefend+1","StuffTheSpire:PlasmaPulse+1"],"picked":"Blood_Curse+1","floor":36},{"not_picked":["Stack","construct:VentSteam","theTrickster:Volley"],"picked":"SKIP","floor":39},{"not_picked":["HollowMod:CycloneSlash+1","theScribe:Overcharge+1","bard:Fermata"],"picked":"SKIP","floor":40},{"not_picked":["theForsaken:QuickAttack","TheCursedMod:SurpriseAttack+1","jedi:collectorstrike+1"],"picked":"SKIP","floor":42},{"not_picked":["blademaster:Sharpen","construct:Analyze","Fiend:FiendAlchemeat+1"],"picked":"SKIP","floor":46},{"not_picked":["Searing Blow","theScribe:Thunder"],"picked":"theTrickster:EyeForEye+1","floor":48}],"player_experience":1214672,"relics_obtained":[{"floor":7,"key":"Bag of Marbles"},{"floor":10,"key":"Whetstone"},{"floor":20,"key":"PrismaticShard"},{"floor":26,"key":"Replay:Rubber Ducky"},{"floor":37,"key":"Ring of Greed"},{"floor":37,"key":"halation:IllGainedPizza"},{"floor":37,"key":"MealTicket"},{"floor":37,"key":"ReplayTheSpireMod:Ring of Addiction"},{"floor":37,"key":"Potion Belt"},{"floor":37,"key":"Toy Ornithopter"},{"floor":38,"key":"aspiration:TomeofQuesting"},{"floor":40,"key":"Simple Rune"},{"floor":43,"key":"aspiration:Lifesprig"}],"event_choices":[{"damage_healed":0,"gold_gain":0,"player_choice":"2 cards matched","damage_taken":0,"max_hp_gain":0,"max_hp_loss":0,"event_name":"Match and Keep!","floor":2,"gold_loss":0,"cards_obtained":["Intimidate","Warcry"]}],"is_beta":false,"boss_relics":[{"not_picked":["hubris:CrackedHourglass","aspiration:RunicSpoon"],"picked":"hubris:Backtick"},{"not_picked":["Sandwich","aspiration:BardSkillbook"],"picked":"energizedSpire:OgreHead"}],"items_purged_floors":[47,53],"is_endless":false,"potions_floor_spawned":[1,7,10,11,18,22,27,33,39,40,48],"killed_by":"Shield and Spear","ascension_level":0}}