{"host":"o5jvvi5yapo90aia","time":1613385323,"event":{"mods":["BaseMod","CapriCore","Minty Spire (QoL Compilation)","MostiFishMod","Prisma Mod","Spicy Shops","StSLib","TestMod","The Immortal","Yakumo Yukari mod","【人物mod】游戏王New YuGiOh mod","【功能Mod】Neow奖励"],"gold_per_floor":[112,112,122,142,154,184,184,184,184],"floor_reached":8,"language":"ZHS","playtime":140,"items_purged":[],"score":116,"play_id":"37e27814-cf94-4ba0-b5ff-e858ad3493cf","local_time":"20210215183523","is_ascension_mode":true,"campfire_choices":[{"data":"Defend_P","floor":7,"key":"PURGE"}],"circlet_count":0,"master_deck":["AscendersBane","Strike_P","Strike_P","Strike_P","Strike_P","Defend_P","Defend_P","Defend_P","Eruption","Vigilance","MostiFishMod:Speedup"],"relics":["DaveBox","testmod-TestBox","testmod-BatchProcessingSystem","FeatherPendant","testmod-Temperance","SynthV:TestCard","testmod-Justice","Ancient Tea Set"],"acts_visited":["Exordium"],"potions_floor_usage":[],"damage_taken":[{"damage":11,"enemies":"Small Slimes","floor":1,"turns":2},{"damage":0,"enemies":"Cultist","floor":3,"turns":3},{"damage":0,"enemies":"Jaw Worm","floor":4,"turns":3},{"damage":17,"enemies":"Looter","floor":5,"turns":2},{"damage":18,"enemies":"Gremlin Nob","floor":6,"turns":3},{"damage":24,"enemies":"Lagavulin","floor":8,"turns":3}],"seed_played":"-302952289921764015","potions_obtained":[{"floor":3,"key":"Ancient Potion"},{"floor":4,"key":"Ambrosia"}],"is_trial":false,"path_per_floor":["M","?","M","M","M","E","R","E"],"character_chosen":"WATCHER","items_purchased":[],"campfire_rested":0,"item_purchase_floors":[],"current_hp_per_floor":[51,51,52,53,37,20,20,0,0],"gold":184,"neow_bonus":"BOSS_RELIC","is_daily":false,"chose_seed":false,"campfire_upgraded":0,"win_rate":0.0,"timestamp":1613385323,"path_taken":["M","?","M","M","M","E","R","E"],"items_purchased_type":[],"build_version":"2020-12-22","purchased_purges":0,"victory":false,"max_hp_per_floor":[68,68,68,68,68,68,68,68,68],"card_choices":[{"not_picked":["FlurryOfBlows","FollowUp"],"picked":"BowlingBash","floor":1},{"not_picked":["ThirdEye","PathToVictory","Vengeance","ClearTheMind","Pray"],"picked":"SKIP","floor":3},{"not_picked":["SignatureMove","JustLucky","FlyingSleeves","Halt"],"picked":"MostiFishMod:Speedup","floor":4},{"not_picked":["MostiFishMod:StarWish","Consecrate","Protect","CrushJoints","PathToVictory"],"picked":"SKIP","floor":5},{"not_picked":["MostiFishMod:StarLaLaLa","EmptyFist","JustLucky","Protect","Crescendo"],"picked":"SKIP","floor":6}],"player_experience":1542620,"relics_obtained":[{"floor":1,"key":"SynthV:TestCard"},{"floor":6,"key":"Ancient Tea Set"}],"event_choices":[{"cards_removed":["BowlingBash"],"damage_healed":0,"gold_gain":0,"player_choice":"Gave Card","damage_taken":0,"relics_obtained":["testmod-Justice"],"max_hp_gain":0,"max_hp_loss":0,"event_name":"WeMeetAgain","floor":2,"gold_loss":0}],"is_beta":false,"boss_relics":[],"items_purged_floors":[],"is_endless":false,"potions_floor_spawned":[3,4],"killed_by":"Lagavulin","ascension_level":20}}