{"host":"jz4ul6vrcxqkcr33","time":1613364345,"event":{"mods":["BaseMod","Minty Spire (QoL Compilation)","StSLib"],"gold_per_floor":[119,50,70,81,96,131,206,206,206,236,252,252,265,280,280,382,382,399,399,399,409,45,74,74,104,127,145,172,191,209,3,3,102,102,121,121,132,132,54,54,89,106,106,135,58,58,68,78,78,78,78,78,15,44,44],"floor_reached":56,"language":"ENG","playtime":3138,"items_purged":["Strike_P","Strike_P","Defend_P"],"score":1650,"play_id":"f64b86de-7c8b-4958-9540-f51c855ff18f","local_time":"20210214234545","is_ascension_mode":true,"campfire_choices":[{"floor":12.0,"key":"REST"},{"floor":15.0,"key":"REST"},{"data":"Devotion","floor":24.0,"key":"SMITH"},{"data":"Wallop","floor":32.0,"key":"SMITH"},{"floor":40.0,"key":"RECALL"},{"data":"Ghostly","floor":49,"key":"SMITH"},{"data":"Ragnarok","floor":52,"key":"SMITH"}],"circlet_count":0,"master_deck":["Defend_P+1","Vigilance","CarveReality+1","InnerPeace","Wallop+1","Tantrum+1","Consecrate+1","LessonLearned","Pray+1","Swivel","Protect","TalkToTheHand+1","Devotion+1","Prostrate","DeusExMachina","Swivel","Ghostly+1","Ghostly","Ghostly","Ghostly+1","Ghostly","FlurryOfBlows+1","FearNoEvil+1","Prostrate+1","Scrawl","ThirdEye+1","Indignation+1","Brilliance","WheelKick+1","Nirvana+1","WheelKick+1","ThirdEye+1","Conclude+1","Vault+1","Perseverance+1","Ragnarok+1","Wallop+1"],"relics":["PureWater","Ancient Tea Set","Dead Branch","White Beast Statue","Bottled Flame","Empty Cage","Incense Burner","Pen Nib","Toy Ornithopter","War Paint","Bronze Scales","Membership Card","Philosopher\u0027s Stone","Vajra","Toxic Egg 2","Whetstone","Sundial"],"acts_visited":["Exordium","TheCity","TheBeyond","TheEnding"],"potions_floor_usage":[54,55],"damage_taken":[{"damage":1.0,"enemies":"Cultist","floor":1.0,"turns":5.0},{"damage":0.0,"enemies":"Small Slimes","floor":3.0,"turns":3.0},{"damage":2.0,"enemies":"Jaw Worm","floor":4.0,"turns":3.0},{"damage":9.0,"enemies":"Lots of Slimes","floor":5.0,"turns":3.0},{"damage":0.0,"enemies":"Gremlin Nob","floor":6.0,"turns":2.0},{"damage":34.0,"enemies":"Lagavulin","floor":10.0,"turns":4.0},{"damage":0.0,"enemies":"Looter","floor":11.0,"turns":2.0},{"damage":8.0,"enemies":"Large Slime","floor":13.0,"turns":4.0},{"damage":4.0,"enemies":"Exordium Wildlife","floor":14.0,"turns":4.0},{"damage":60.0,"enemies":"Hexaghost","floor":16.0,"turns":6.0},{"damage":10.0,"enemies":"Shell Parasite","floor":18.0,"turns":6.0},{"damage":0.0,"enemies":"2 Thieves","floor":21.0,"turns":5.0},{"damage":3.0,"enemies":"Slavers","floor":23.0,"turns":5.0},{"damage":6.0,"enemies":"Gremlin Leader","floor":25.0,"turns":4.0},{"damage":0.0,"enemies":"3 Cultists","floor":27.0,"turns":5.0},{"damage":0.0,"enemies":"Book of Stabbing","floor":28.0,"turns":8.0},{"damage":1.0,"enemies":"Snake Plant","floor":29.0,"turns":4.0},{"damage":0.0,"enemies":"Snecko","floor":30.0,"turns":4.0},{"damage":0.0,"enemies":"Collector","floor":33.0,"turns":7.0},{"damage":4.0,"enemies":"3 Shapes","floor":35.0,"turns":5.0},{"damage":1.0,"enemies":"Orb Walker","floor":37.0,"turns":2.0},{"damage":3.0,"enemies":"Reptomancer","floor":41.0,"turns":4.0},{"damage":0.0,"enemies":"Spire Growth","floor":42.0,"turns":2.0},{"damage":0.0,"enemies":"Giant Head","floor":44.0,"turns":4.0},{"damage":0,"enemies":"Jaw Worm Horde","floor":47,"turns":3},{"damage":0,"enemies":"Sphere and 2 Shapes","floor":48,"turns":5},{"damage":37,"enemies":"Time Eater","floor":50,"turns":9},{"damage":3,"enemies":"Shield and Spear","floor":54,"turns":4},{"damage":16,"enemies":"The Heart","floor":55,"turns":7}],"seed_played":"3208017249060139514","potions_obtained":[{"floor":1.0,"key":"CultistPotion"},{"floor":3.0,"key":"Strength Potion"},{"floor":4.0,"key":"AttackPotion"},{"floor":6.0,"key":"Fruit Juice"},{"floor":10.0,"key":"ColorlessPotion"},{"floor":11.0,"key":"SteroidPotion"},{"floor":13.0,"key":"FairyPotion"},{"floor":16.0,"key":"Ancient Potion"},{"floor":18.0,"key":"GamblersBrew"},{"floor":27.0,"key":"FairyPotion"},{"floor":28.0,"key":"LiquidBronze"},{"floor":29.0,"key":"SpeedPotion"},{"floor":30.0,"key":"Energy Potion"},{"floor":35.0,"key":"SpeedPotion"},{"floor":37.0,"key":"CultistPotion"},{"floor":41.0,"key":"EntropicBrew"},{"floor":42.0,"key":"Strength Potion"},{"floor":44.0,"key":"Explosive Potion"},{"floor":54,"key":"SkillPotion"}],"is_trial":false,"path_per_floor":["M","$","M","M","M","E","?","?","T","E","M","R","M","M","R","B",null,"M","?","?","M","$","E","R","E","T","M","E","M","M","$","R","B",null,"M","?","M","?","$","R","E","M","T","E","$","?","M","M","R","B",null,"R","$","E","B",null],"character_chosen":"WATCHER","items_purchased":["InnerPeace","Incense Burner","Membership Card","Vajra","Vault+1"],"campfire_rested":2,"item_purchase_floors":[2,22,31,39,45],"current_hp_per_floor":[78,78,78,76,67,67,56,56,56,27,27,52,44,40,65,5,84,74,74,42,42,42,39,39,33,33,38,42,41,41,41,41,41,42,42,42,41,41,41,41,42,42,42,42,42,42,42,42,42,5,42,42,42,42,26],"gold":44,"neow_bonus":"TEN_PERCENT_HP_BONUS","is_daily":false,"chose_seed":false,"campfire_upgraded":4,"win_rate":0.0,"timestamp":1613364345,"path_taken":["M","?","M","M","M","E","?","?","T","E","M","R","?","M","R","BOSS","M","?","?","M","?","E","R","E","T","?","E","M","?","?","R","BOSS","M","?","M","?","$","R","E","?","T","E","$","?","M","M","R","BOSS","R","$","E","BOSS"],"items_purchased_type":["Card","Relic","Relic","Relic","Card"],"build_version":"2020-12-13","purchased_purges":3,"victory":true,"max_hp_per_floor":[79,79,79,79,79,79,79,79,79,84,84,84,84,84,84,84,84,84,84,42,42,42,42,42,42,42,42,42,42,42,42,42,42,42,42,42,42,42,42,42,42,42,42,42,42,42,42,42,42,42,42,42,42,42,42],"card_choices":[{"not_picked":["BattleHymn","ClearTheMind"],"picked":"CarveReality","floor":1.0},{"not_picked":["FollowUp","DeceiveReality"],"picked":"Wallop","floor":3.0},{"not_picked":["WheelKick","ClearTheMind"],"picked":"Tantrum","floor":4.0},{"not_picked":["FlyingSleeves","BowlingBash"],"picked":"Consecrate","floor":5.0},{"not_picked":["Study","EmptyBody"],"picked":"LessonLearned","floor":6.0},{"not_picked":["JustLucky","WreathOfFlame"],"picked":"Pray","floor":10.0},{"not_picked":["SashWhip","Evaluate"],"picked":"Swivel","floor":11.0},{"not_picked":["FlyingSleeves","Evaluate"],"picked":"Protect","floor":13.0},{"not_picked":["Consecrate","CrushJoints"],"picked":"TalkToTheHand","floor":14.0},{"not_picked":["LessonLearned","Wish"],"picked":"Devotion","floor":16.0},{"not_picked":["EmptyBody","Pray"],"picked":"Prostrate","floor":18.0},{"not_picked":["Conclude","ReachHeaven"],"picked":"FlurryOfBlows+1","floor":21.0},{"not_picked":["InnerPeace","SignatureMove+1"],"picked":"FearNoEvil+1","floor":23.0},{"not_picked":["SandsOfTime","WheelKick+1"],"picked":"Prostrate+1","floor":25.0},{"not_picked":["PathToVictory+1","Evaluate"],"picked":"Scrawl","floor":27.0},{"not_picked":["MentalFortress","ForeignInfluence"],"picked":"ThirdEye+1","floor":28.0},{"not_picked":["WheelKick","SandsOfTime"],"picked":"Indignation+1","floor":29.0},{"not_picked":["ClearTheMind","ThirdEye","WreathOfFlame+1"],"picked":"SKIP","floor":30.0},{"not_picked":["Alpha","MasterReality"],"picked":"Brilliance","floor":33.0},{"not_picked":["ThirdEye","Protect+1"],"picked":"WheelKick+1","floor":35.0},{"not_picked":["ClearTheMind","PathToVictory+1"],"picked":"Nirvana+1","floor":37.0},{"not_picked":["EmptyMind+1","PathToVictory+1"],"picked":"WheelKick+1","floor":41.0},{"not_picked":["LikeWater","PathToVictory+1"],"picked":"ThirdEye+1","floor":42.0},{"not_picked":["BowlingBash+1","Evaluate+1"],"picked":"Conclude+1","floor":44.0},{"not_picked":["EmptyBody+1","Consecrate"],"picked":"Ragnarok","floor":47},{"not_picked":["FollowUp","InnerPeace+1"],"picked":"Wallop+1","floor":48},{"not_picked":["Fasting2+1","SignatureMove+1","Establishment"],"picked":"SKIP","floor":54}],"player_experience":240251,"relics_obtained":[{"floor":6.0,"key":"Ancient Tea Set"},{"floor":9.0,"key":"White Beast Statue"},{"floor":10.0,"key":"Bottled Flame"},{"floor":23.0,"key":"Pen Nib"},{"floor":25.0,"key":"Toy Ornithopter"},{"floor":26.0,"key":"War Paint"},{"floor":28.0,"key":"Bronze Scales"},{"floor":41.0,"key":"Toxic Egg 2"},{"floor":44.0,"key":"Whetstone"},{"floor":54,"key":"Sundial"}],"event_choices":[{"damage_healed":0.0,"max_hp_gain":0.0,"max_hp_loss":0.0,"gold_gain":75.0,"event_name":"World of Goop","player_choice":"Gather Gold","floor":7.0,"gold_loss":0.0,"damage_taken":11.0},{"damage_healed":0.0,"max_hp_gain":0.0,"max_hp_loss":0.0,"gold_gain":0.0,"event_name":"WeMeetAgain","player_choice":"Gave Potion","floor":8.0,"gold_loss":0.0,"damage_taken":0.0,"relics_obtained":["Dead Branch"]},{"damage_healed":0.0,"max_hp_gain":0.0,"max_hp_loss":0.0,"gold_gain":0.0,"cards_transformed":["Strike_P","Defend_P"],"event_name":"Drug Dealer","player_choice":"Became Test Subject","floor":19.0,"gold_loss":0.0,"damage_taken":0.0,"cards_obtained":["DeusExMachina","Swivel"]},{"damage_healed":0.0,"max_hp_gain":0.0,"max_hp_loss":42.0,"gold_gain":0.0,"event_name":"Ghosts","player_choice":"Became a Ghost","floor":20.0,"gold_loss":0.0,"damage_taken":0.0,"cards_obtained":["Ghostly","Ghostly","Ghostly","Ghostly","Ghostly"]},{"damage_healed":0.0,"max_hp_gain":0.0,"max_hp_loss":0.0,"gold_gain":0.0,"event_name":"SensoryStone","player_choice":"Memory 1","floor":36.0,"gold_loss":0.0,"damage_taken":0.0},{"damage_healed":0.0,"max_hp_gain":0.0,"max_hp_loss":0.0,"gold_gain":0.0,"event_name":"Upgrade Shrine","player_choice":"Upgraded","floor":38.0,"gold_loss":0.0,"damage_taken":0.0,"cards_upgraded":["Consecrate"]},{"damage_healed":0,"gold_gain":0,"cards_transformed":["Eruption"],"player_choice":"Transformed","damage_taken":0,"max_hp_gain":0,"max_hp_loss":0,"event_name":"Transmorgrifier","floor":46,"gold_loss":0,"cards_obtained":["Perseverance"]}],"is_beta":false,"boss_relics":[{"not_picked":["Runic Dome","Tiny House"],"picked":"Empty Cage"},{"not_picked":["HolyWater","SlaversCollar"],"picked":"Philosopher\u0027s Stone"}],"items_purged_floors":[22,31,53],"is_endless":false,"potions_floor_spawned":[1,3,4,6,10,11,13,14,16,18,21,23,25,27,28,29,30,33,35,37,41,42,44,47,48,54],"ascension_level":4}}