{"host":"qgrlfjrqk9z96gfi","time":1613431938,"event":{"mods":["BaseMod","Block Reminder","Colored Map","Custom Start","DeckTracker","Minty Spire (QoL Compilation)"],"gold_per_floor":[113,129,129,30,30,57,57,72,120,120,120,164,164,202,202,295,295,311,311,326,326,326],"floor_reached":21,"language":"ENG","playtime":532,"items_purged":[],"score":440,"play_id":"8988c3ad-53cb-4a2b-9107-2043f5cea8e3","local_time":"20210215133218","is_ascension_mode":true,"campfire_choices":[{"data":"Noxious Fumes","floor":7.0,"key":"SMITH"},{"data":"Blade Dance","floor":11.0,"key":"SMITH"},{"data":"Envenom","floor":15,"key":"SMITH"}],"circlet_count":0,"master_deck":["AscendersBane","Strike_G","Strike_G","Strike_G","Strike_G","Defend_G","Defend_G","Defend_G","Defend_G","Defend_G","Survivor","Neutralize","Blade Dance+1","Slice","Noxious Fumes+1","Underhanded Strike","Quick Slash","Blade Dance","Envenom+1","Die Die Die","Skewer"],"relics":["Ring of the Snake","Ancient Tea Set","PreservedInsect","Akabeko","Golden Idol","Smiling Mask","Prayer Wheel","Busted Crown"],"acts_visited":["Exordium","TheCity"],"potions_floor_usage":[14,18,21],"damage_taken":[{"damage":4.0,"enemies":"Small Slimes","floor":1.0,"turns":4.0},{"damage":0.0,"enemies":"Jaw Worm","floor":2.0,"turns":4.0},{"damage":2.0,"enemies":"Lagavulin","floor":6.0,"turns":6.0},{"damage":0.0,"enemies":"Cultist","floor":8.0,"turns":3.0},{"damage":7.0,"enemies":"3 Sentries","floor":12.0,"turns":5.0},{"damage":0,"enemies":"Gremlin Nob","floor":14,"turns":2},{"damage":43,"enemies":"Hexaghost","floor":16,"turns":9},{"damage":6,"enemies":"3 Byrds","floor":18,"turns":5},{"damage":6,"enemies":"Spheric Guardian","floor":20,"turns":3},{"damage":45,"enemies":"Snake Plant","floor":21,"turns":3}],"seed_played":"7846427685033903773","potions_obtained":[{"floor":1.0,"key":"DuplicationPotion"},{"floor":12.0,"key":"Energy Potion"},{"floor":14,"key":"EssenceOfSteel"},{"floor":16,"key":"PowerPotion"}],"is_trial":false,"path_per_floor":["M","M","?","$","?","E","R","M","T","?","R","E","?","E","R","B",null,"M","?","M","M"],"character_chosen":"THE_SILENT","items_purchased":["Noxious Fumes","Underhanded Strike"],"campfire_rested":0,"item_purchase_floors":[4,4],"current_hp_per_floor":[55,55,60,60,60,58,58,58,58,58,58,51,51,51,51,8,50,44,44,38,0,0],"gold":326,"neow_bonus":"RANDOM_COMMON_RELIC","is_daily":false,"chose_seed":false,"campfire_upgraded":3,"win_rate":0.0,"timestamp":1613431938,"path_taken":["M","M","?","$","?","E","R","M","T","?","R","E","?","E","R","BOSS","M","?","?","M"],"items_purchased_type":["Card","Card"],"build_version":"2020-12-22","purchased_purges":0,"victory":false,"max_hp_per_floor":[66,66,71,71,71,71,71,71,71,64,64,64,64,64,64,64,64,64,64,64,64,64],"card_choices":[{"not_picked":["Caltrops","Quick Slash"],"picked":"Blade Dance","floor":1.0},{"not_picked":["Reflex","Acrobatics"],"picked":"Slice","floor":2.0},{"not_picked":["Acrobatics","Sucker Punch"],"picked":"Quick Slash","floor":6.0},{"not_picked":["Endless Agony","Outmaneuver"],"picked":"Blade Dance","floor":8.0},{"not_picked":["Blur","Slice","Distraction"],"picked":"SKIP","floor":12.0},{"not_picked":["Deflect","Dodge and Roll"],"picked":"Envenom","floor":14},{"not_picked":["Corpse Explosion","Unload"],"picked":"Die Die Die","floor":16},{"not_picked":["Deadly Poison"],"picked":"SKIP","floor":18},{"not_picked":["Expertise"],"picked":"SKIP","floor":18},{"not_picked":[],"picked":"Skewer","floor":20},{"not_picked":["Flying Knee"],"picked":"SKIP","floor":20}],"player_experience":1149350,"relics_obtained":[{"floor":6.0,"key":"PreservedInsect"},{"floor":9.0,"key":"Akabeko"},{"floor":12.0,"key":"Smiling Mask"},{"floor":14,"key":"Prayer Wheel"}],"event_choices":[{"damage_healed":0.0,"max_hp_gain":5.0,"max_hp_loss":0.0,"gold_gain":0.0,"event_name":"Big Fish","player_choice":"Donut","floor":3.0,"gold_loss":0.0,"damage_taken":0.0},{"damage_healed":0.0,"max_hp_gain":0.0,"max_hp_loss":0.0,"gold_gain":0.0,"event_name":"Liars Game","player_choice":"Ignored","floor":5.0,"gold_loss":0.0,"damage_taken":0.0},{"damage_healed":0.0,"max_hp_gain":0.0,"max_hp_loss":7.0,"gold_gain":0.0,"event_name":"Golden Idol","player_choice":"Lose Max HP","floor":10.0,"gold_loss":0.0,"damage_taken":0.0,"relics_obtained":["Golden Idol"]},{"damage_healed":0,"gold_gain":0,"player_choice":"Fled","damage_taken":0,"max_hp_gain":0,"max_hp_loss":0,"event_name":"Scrap Ooze","floor":13,"gold_loss":0},{"cards_removed":["Strike_G"],"damage_healed":0,"gold_gain":0,"player_choice":"Offered Basic","damage_taken":0,"max_hp_gain":0,"max_hp_loss":0,"event_name":"Bonfire Elementals","floor":19,"gold_loss":0}],"is_beta":false,"boss_relics":[{"not_picked":["SlaversCollar","Pandora\u0027s Box"],"picked":"Busted Crown"}],"items_purged_floors":[],"is_endless":false,"potions_floor_spawned":[1,12,14,16],"killed_by":"Snake Plant","ascension_level":20}}