{"host":"Hova","time":1613427474,"event":{"mods":["AchievementEnabler","Aspiration","BaseMod","Better Match","Better Note","Colored Map","Colored Powertips","DeckTracker","Downfall","Hubris","Infinite Spire","Minty Spire (QoL Compilation)","Rare Cards Sparkle","Reliquary","Remilia??????","Replay The Spire","Shop Mod","StSLib","SuperFastMode","The Clintock","The Cursed","The Death Knight","The Necromancer","The Servant 0.9.4"],"gold_per_floor":[116,128,143,160,173,206,206,17,17,35,35,54,66,80,80,179,179,192,208,208,220,230,230,245,278,278,278,278,278,294,294,294,398,398,408,408,435,30,30,30,42,67,92,92,106,123,123,123,123],"floor_reached":50,"language":"ENG","playtime":3639,"items_purged":["Strike_B","Strike_B","Strike_B"],"score":598,"play_id":"bfa877df-44ca-4262-86a8-b6c6415e0b87","local_time":"20210216011754","is_ascension_mode":false,"campfire_choices":[{"data":"Consume","floor":11,"key":"SMITH"},{"floor":15,"key":"REST"},{"floor":23,"key":"REST"},{"floor":27,"key":"REST"},{"floor":29,"key":"REST"},{"floor":32,"key":"REST"},{"data":"Transmutation","floor":40,"key":"SMITH"},{"floor":49,"key":"DIG"}],"circlet_count":0,"master_deck":["Strike_B","Defend_B","Defend_B","Defend_B","Defend_B","Zap","Dualcast","hubris:Ukulele","Consume+1","Ball Lightning","Redo","Ball Lightning","Ball Lightning","Capacitor","Defragment","hubris:SpecializedCircuitry","Seek","hubris:Fate+1","infinitespire:Collect","infinitespire:NeuralNetwork","Streamline","ReplayTheSpireMod:System Scan","Conserve Battery","Heatsinks+1","Coolheaded","Enlightenment","Electrodynamics","FIFO Queue+1","Amnesia","Transmutation+1","Transmutation+1","Jack Of All Trades","Specialist","Fusion","Self Repair","Time Bomb","Darkness"],"relics":["Cracked Core","Strawberry","reliquary:PurpleTingedLeaf","Replay:Bottled Snecko","aspiration:Stellarator","Carrot","Honey Jar","reliquary:PorcupineQuills","aspiration:FetidBarrel","hubris:HollowSoul","Ring of Shattering","Ring of Misfortune","aspiration:TomeofQuesting","ReplayTheSpireMod:ShopPack","hubris:Teleporter","Potion Belt","hubris:SphereOfDissonance"],"acts_visited":["Exordium","TheCity","TheBeyond"],"potions_floor_usage":[6,12,16,16,16,24,25,33,46,46,50,50],"damage_taken":[{"damage":0,"enemies":"Cultist","floor":1,"turns":4},{"damage":2,"enemies":"Small Slimes","floor":2,"turns":3},{"damage":6,"enemies":"Jaw Worm","floor":3,"turns":2},{"damage":21,"enemies":"Blue Slaver","floor":4,"turns":4},{"damage":7,"enemies":"2 Fungi Beasts","floor":5,"turns":2},{"damage":15,"enemies":"Gremlin Nob","floor":6,"turns":3},{"damage":0,"enemies":"Looter","floor":10,"turns":2},{"damage":6,"enemies":"Exordium Wildlife","floor":12,"turns":3},{"damage":19,"enemies":"Blue Slaver","floor":13,"turns":3},{"damage":8,"enemies":"Red Slaver","floor":14,"turns":2},{"damage":16,"enemies":"Slime Boss","floor":16,"turns":5},{"damage":5,"enemies":"Chosen","floor":18,"turns":3},{"damage":45,"enemies":"Shell Parasite","floor":19,"turns":5},{"damage":10,"enemies":"Cultist and Chosen","floor":21,"turns":4},{"damage":17,"enemies":"Snake Plant","floor":22,"turns":3},{"damage":36,"enemies":"3 Cultists","floor":24,"turns":4},{"damage":28,"enemies":"Nightmare","floor":25,"turns":5},{"damage":32,"enemies":"Sentry and Sphere","floor":30,"turns":4},{"damage":21,"enemies":"hubris:MusketHawk","floor":33,"turns":6},{"damage":35,"enemies":"3 Darklings","floor":35,"turns":4},{"damage":15,"enemies":"Orb Walker","floor":41,"turns":3},{"damage":39,"enemies":"Reptomancer","floor":42,"turns":4},{"damage":13,"enemies":"Maw","floor":46,"turns":6},{"damage":17,"enemies":"Writhing Mass","floor":48,"turns":3},{"damage":20,"enemies":"hubris:GrandSnecko","floor":50,"turns":3}],"seed_played":"6152288642793918400","potions_obtained":[{"floor":4,"key":"DeathKnight:RimePotion"},{"floor":5,"key":"Doom Potion"},{"floor":6,"key":"Swift Potion"},{"floor":10,"key":"Fruit Juice"},{"floor":13,"key":"Energy Potion"},{"floor":18,"key":"DuplicationPotion"},{"floor":21,"key":"Explosive Potion"},{"floor":25,"key":"PotionOfCapacity"},{"floor":33,"key":"champ:CounterPotion"},{"floor":42,"key":"Energy Potion"},{"floor":46,"key":"BlessingOfTheForge"},{"floor":48,"key":"PotionOfCapacity"}],"is_trial":false,"path_per_floor":["M","M","M","M","M","E","?","$","T","M","R","M","M","M","R","B",null,"M","M","AVR","M","M","R","M","NM","T","R","?","R","M","?","R","B",null,"M","?","T","$","?","R","M","E","T","?","M","M","R_BF","B"],"character_chosen":"DEFECT","items_purchased":["Ball Lightning","PotionOfCapacity","Transmutation","ReplayTheSpireMod:ShopPack"],"campfire_rested":5,"item_purchase_floors":[8,8,38,38],"current_hp_per_floor":[82,80,74,53,46,38,38,38,38,38,38,38,20,13,41,27,94,90,46,46,37,22,50,30,4,4,32,32,60,29,17,45,26,94,59,59,59,59,59,59,44,5,5,5,47,30,30,0,0],"gold":123,"neow_bonus":"TEN_PERCENT_HP_BONUS","is_daily":false,"chose_seed":false,"campfire_upgraded":2,"win_rate":0.0,"timestamp":1613427474,"path_taken":["M","M","M","?","M","E","?","$","T","M","R","M","M","M","R","BOSS","M","M","AVR","M","M","R","M","NM","T","R","?","R","M","?","R","BOSS","M","?","?","$","?","R","?","E","T","?","M","M","R_BF","BOSS"],"items_purchased_type":["Card","Potion","Card","Relic"],"build_version":"2020-11-17","purchased_purges":3,"victory":false,"max_hp_per_floor":[82,82,82,82,82,89,89,89,89,89,89,94,94,94,94,94,94,94,94,94,94,94,94,94,94,94,94,94,94,94,94,94,94,94,94,94,94,94,94,94,94,94,94,94,94,94,94,94,94],"card_choices":[{"not_picked":["Coolheaded","Stack"],"picked":"hubris:Ukulele","floor":1},{"not_picked":["Stack","Leap","Reprogram"],"picked":"SKIP","floor":2},{"not_picked":["Gash","Aggregate"],"picked":"Consume","floor":3},{"not_picked":["Panic Button","Barrage"],"picked":"Ball Lightning","floor":4},{"not_picked":["Beam Cell","Reinforced Body"],"picked":"Redo","floor":5},{"not_picked":["Cold Snap","Panic Button","Conserve Battery"],"picked":"SKIP","floor":6},{"not_picked":["Leap","ReplayGash","hubris:PowerSurge"],"picked":"SKIP","floor":10},{"not_picked":["Gash","aspiration:Polymerization"],"picked":"Capacitor","floor":12},{"not_picked":["Self Repair","Leap"],"picked":"Defragment","floor":13},{"not_picked":["Gash","Hologram"],"picked":"hubris:SpecializedCircuitry","floor":14},{"not_picked":["hubris:Prefetch","Reboot"],"picked":"Seek","floor":16},{"not_picked":["Barrage","Glacier","Gash"],"picked":"SKIP","floor":18},{"not_picked":["Hologram","Skim+1","BootSequence+1"],"picked":"SKIP","floor":19},{"not_picked":["Go for the Eyes+1","Sweeping Beam","ReplayTheSpireMod:Repulse"],"picked":"Streamline","floor":21},{"not_picked":["Stack","Panic Button+1","ReplayTheSpireMod:Reroute Power"],"picked":"ReplayTheSpireMod:System Scan","floor":22},{"not_picked":["Leap","Cold Snap","Beam Cell+1"],"picked":"Conserve Battery","floor":24},{"not_picked":["Hologram","ReplaySort","Stack+1"],"picked":"Heatsinks+1","floor":25},{"not_picked":["Beam Cell","Rip and Tear","hubris:Ukulele+1"],"picked":"Coolheaded","floor":30},{"not_picked":["Thunder Strike","Reboot","Amplify"],"picked":"Electrodynamics","floor":33},{"not_picked":["Steam","BootSequence+1","ReplayTheSpireMod:Repulse"],"picked":"FIFO Queue+1","floor":35},{"not_picked":["The Bomb","ReplayTheSpireMod:Necrogeddon","Thinking Ahead"],"picked":"Transmutation","floor":38},{"not_picked":["Deep Breath","Trip","Blind"],"picked":"Jack Of All Trades","floor":38},{"not_picked":["Good Instincts","Purity","ReplayUltimateDefense"],"picked":"Specialist","floor":38},{"not_picked":["Coolheaded","Conserve Battery","Leap+1"],"picked":"Fusion","floor":41},{"not_picked":["Reinforced Body+1","Chaos+1","hubris:Ukulele"],"picked":"Self Repair","floor":42},{"not_picked":["Cold Snap+1","Reinforced Body+1","Force Field+1"],"picked":"Time Bomb","floor":46},{"not_picked":["Conserve Battery","Lockon+1","Leap+1"],"picked":"Darkness","floor":48}],"player_experience":14204,"relics_obtained":[{"floor":6,"key":"Strawberry"},{"floor":7,"key":"reliquary:PurpleTingedLeaf"},{"floor":9,"key":"Replay:Bottled Snecko"},{"floor":25,"key":"reliquary:PorcupineQuills"},{"floor":26,"key":"aspiration:FetidBarrel"},{"floor":36,"key":"Ring of Shattering"},{"floor":36,"key":"Ring of Misfortune"},{"floor":37,"key":"aspiration:TomeofQuesting"},{"floor":42,"key":"hubris:Teleporter"},{"floor":43,"key":"Potion Belt"},{"floor":49,"key":"hubris:SphereOfDissonance"}],"event_choices":[{"damage_healed":0,"gold_gain":0,"player_choice":"Upgraded","damage_taken":0,"max_hp_gain":0,"max_hp_loss":0,"event_name":"Upgrade Shrine","floor":28,"gold_loss":0,"cards_upgraded":["hubris:Fate"]},{"damage_healed":0,"gold_gain":0,"player_choice":"CARD ","damage_taken":12,"max_hp_gain":0,"max_hp_loss":0,"event_name":"Knowing Skull","floor":31,"potions_obtained":[],"gold_loss":0,"cards_obtained":["Enlightenment"]},{"damage_healed":0,"gold_gain":0,"player_choice":"Upgraded","damage_taken":0,"max_hp_gain":0,"max_hp_loss":0,"event_name":"Upgrade Shrine","floor":45,"gold_loss":0,"cards_upgraded":["Transmutation"]}],"is_beta":true,"boss_relics":[{"not_picked":["Painkiller Herb","Replay:Drink Me"],"picked":"aspiration:Stellarator"},{"not_picked":["reliquary:RedPaperclip","Fusion Hammer"],"picked":"hubris:HollowSoul"}],"items_purged_floors":[8,20,38],"is_endless":true,"potions_floor_spawned":[4,5,6,10,13,18,21,25,33,42,46,48],"killed_by":"hubris:GrandSnecko","ascension_level":0}}