{"host":"e4udrxcgdvpx3wcj","time":1613366773,"event":{"mods":["Act Like it!","Aspiration","Astrologer","BaseMod","Gensokyo","Highlight Path","Infinite Spire","Koishi","Marisa????????","Minty Spire (QoL Compilation)","Replay The Spire","StSLib","SuperFastMode","The Bug Knight","The Construct","The Jungle","The Runesmith","The Servant 0.9.4","TheBandit"],"gold_per_floor":[117,117,130,59,75,110,110,142,190,190,202,202,236,253,253,327,327,347,402,402,414,414,414,444,444,444,444,444,476,495,529,529,607,607,619,629,285,335,335,362,382,409,409,409,424,441,452,487,487,487,487,487,487,45,73,73,73],"floor_reached":56,"language":"ENG","playtime":3633,"items_purged":["Hallucinations","Strike_G"],"score":2201,"play_id":"58bdc13a-57e5-42f5-aa2b-83b4981aadca","local_time":"20210215002613","is_ascension_mode":true,"campfire_choices":[{"floor":10.0,"key":"REST"},{"data":"Dodge and Roll","floor":12.0,"key":"SMITH"},{"data":"Injury","floor":15.0,"key":"PURGE"},{"data":"Bouncing Flask","floor":23,"key":"SMITH"},{"data":"Tools of the Trade","floor":25,"key":"SMITH"},{"data":"Doppelganger","floor":27,"key":"SMITH"},{"floor":32,"key":"REST"},{"floor":44,"key":"RECALL"},{"data":"Strike_G","floor":49,"key":"PURGE"},{"data":"Storm of Steel","floor":53,"key":"SMITH"}],"circlet_count":0,"master_deck":["AscendersBane","Strike_G","Strike_G","Defend_G","Defend_G","Defend_G","Survivor","Neutralize","Caltrops","Dodge and Roll+1","Sucker Punch+1","Flying Knee+1","Riddle With Holes+1","Dagger Spray+1","Slice+1","Dash+1","Heel Hook+1","Slice+1","Tools of the Trade+1","Doppelganger+1","Bouncing Flask+1","Footwork","Reflex+1","Outmaneuver","Storm of Steel+1","Terror","Infinite Blades","Quick Slash+1","Tactician","Slice+1","Slice+1","Cloak And Dagger","Burst","Dagger Throw+1","Dagger Throw+1","Footwork","PiercingWail","Slice+1","Phantasmal Killer"],"relics":["Ring of the Snake","Molten Egg 2","ReplayTheSpireMod:CursedCoin","Lantern","Pocketwatch","Centennial Puzzle","Pen Nib","WristBlade","ReplayTheSpireMod:Lightbulb","Onion Ring","Du-Vu Doll","Mirror","infinitespire:PuzzleCube","aspiration:Lifesprig","Replay:Drink Me","Strawberry","Prayer Wheel","Nunchaku","Replay:Bottled Flurry","Pantograph","construct:BoolHorns","HollowMod:LifeEnderRelic","Mango"],"acts_visited":["Exordium","theJungle:Jungle","TheBeyond","TheEnding"],"potions_floor_usage":[24,29,33,36,51,56],"damage_taken":[{"damage":7.0,"enemies":"Jaw Worm","floor":1.0,"turns":6.0},{"damage":7.0,"enemies":"Small Slimes","floor":3.0,"turns":4.0},{"damage":4.0,"enemies":"Cultist","floor":5.0,"turns":3.0},{"damage":13.0,"enemies":"HollowMod:MossKnight","floor":6.0,"turns":11.0},{"damage":4.0,"enemies":"3 Sentries","floor":8.0,"turns":5.0},{"damage":0.0,"enemies":"Looter","floor":11.0,"turns":2.0},{"damage":0.0,"enemies":"Gremlin Nob","floor":13.0,"turns":3.0},{"damage":0.0,"enemies":"2 Fungi Beasts","floor":14.0,"turns":2.0},{"damage":4.0,"enemies":"Hexaghost","floor":16.0,"turns":8.0},{"damage":7.0,"enemies":"theJungle:MUSHROOMGANG","floor":18.0,"turns":5.0},{"damage":0,"enemies":"theJungle:GiantWrat","floor":21,"turns":4},{"damage":5,"enemies":"theJungle:2_Phrogs","floor":24,"turns":6},{"damage":4,"enemies":"theJungle:Cassacara","floor":29,"turns":5},{"damage":7,"enemies":"theJungle:SlimyTreeVines","floor":30,"turns":5},{"damage":8,"enemies":"theJungle:2_Phrogs","floor":31,"turns":6},{"damage":1,"enemies":"theJungle:FunGuy","floor":33,"turns":6},{"damage":2,"enemies":"3 Shapes","floor":35,"turns":3},{"damage":0,"enemies":"3 Darklings","floor":36,"turns":3},{"damage":6,"enemies":"2 Orb Walkers","floor":38,"turns":3},{"damage":0,"enemies":"HollowMod:StalkingDevout","floor":40,"turns":6},{"damage":0,"enemies":"Sphere and 2 Shapes","floor":41,"turns":1},{"damage":0,"enemies":"Nemesis","floor":42,"turns":3},{"damage":0,"enemies":"Spire Growth","floor":45,"turns":3},{"damage":0,"enemies":"Maw","floor":46,"turns":3},{"damage":1,"enemies":"HollowMod:SlobberingHusk","floor":47,"turns":5},{"damage":17,"enemies":"R_Hoarder","floor":48,"turns":4},{"damage":36,"enemies":"Awakened One","floor":50,"turns":9},{"damage":28,"enemies":"Donu and Deca","floor":51,"turns":9},{"damage":10,"enemies":"Shield and Spear","floor":55,"turns":6},{"damage":75,"enemies":"The Heart","floor":56,"turns":6}],"seed_played":"2535963043510124291","potions_obtained":[{"floor":3.0,"key":"Dexterity Potion"},{"floor":8.0,"key":"SpeedPotion"},{"floor":16.0,"key":"construct:ShiftPotion"},{"floor":21,"key":"Strength Potion"},{"floor":24,"key":"Flashbang"},{"floor":30,"key":"Elixir"},{"floor":35,"key":"Weak Potion"},{"floor":40,"key":"Strength Potion"},{"floor":42,"key":"DuplicationPotion"}],"is_trial":false,"path_per_floor":["M","?","M","$","M","E","?","E","T","R","M","R","E","M","R","B",null,"M","T","?","M","?","R","E","R","T","R","T","E","M","E","R","B",null,"M","M","$","?","?","E","M","E","T","R","M","M","M","E","R","B","B",null,"R","$","E","B"],"character_chosen":"THE_SILENT","items_purchased":["ReplayTheSpireMod:CursedCoin","Flying Knee+1","Riddle With Holes+1","Infinite Blades","Strawberry","Footwork","PiercingWail","Slice+1","HollowMod:LifeEnderRelic"],"campfire_rested":2,"item_purchase_floors":[4,4,4,37,37,54,54,54,54],"current_hp_per_floor":[52,52,45,45,41,28,28,24,24,43,43,43,43,43,43,39,59,52,52,52,52,42,42,37,37,37,37,37,33,32,24,45,44,52,50,50,57,51,51,51,51,51,51,51,51,51,50,33,33,22,19,51,51,51,55,0,0],"gold":73,"neow_bonus":"THREE_CARDS","is_daily":false,"chose_seed":false,"campfire_upgraded":5,"win_rate":0.0,"timestamp":1613366773,"path_taken":["M","?","M","$","M","E","?","E","T","R","M","R","E","M","R","BOSS","M","?","?","M","?","R","E","R","T","R","?","E","M","E","R","BOSS","M","M","$","?","?","E","?","E","T","R","M","M","M","E","R","BOSS","BOSS","R","$","E","BOSS"],"items_purchased_type":["Relic","Card","Card","Card","Relic","Card","Card","Card","Relic"],"build_version":"2020-12-22","purchased_purges":2,"victory":false,"max_hp_per_floor":[66,66,66,66,66,66,66,66,66,66,66,66,66,66,66,66,66,66,66,66,66,71,71,71,71,71,71,71,71,71,71,71,71,54,54,54,61,61,61,61,61,61,61,61,61,61,61,61,61,61,61,61,61,61,75,75,75],"card_choices":[{"not_picked":["Sucker Punch","Quick Slash"],"picked":"Caltrops","floor":0.0},{"not_picked":["Finisher","Poisoned Stab"],"picked":"Dodge and Roll","floor":1.0},{"not_picked":["Prepared","Distraction"],"picked":"Sucker Punch+1","floor":3.0},{"not_picked":["Deadly Poison","Night Terror"],"picked":"Dagger Spray+1","floor":5.0},{"not_picked":["Draining Mist","Flying Knee+1"],"picked":"Slice+1","floor":6.0},{"not_picked":["Riddle With Holes+1","PiercingWail"],"picked":"Dash+1","floor":8.0},{"not_picked":["Bane+1","Backflip"],"picked":"Heel Hook+1","floor":11.0},{"not_picked":["Quick Slash+1","Distraction"],"picked":"Slice+1","floor":13.0},{"not_picked":["Skewer+1","Fluid Movement"],"picked":"Tools of the Trade","floor":14.0},{"not_picked":["Bullet Time","Burst"],"picked":"Doppelganger","floor":16.0},{"not_picked":["Underhanded Strike+1","Skewer+1"],"picked":"Bouncing Flask","floor":18},{"not_picked":["ReplayTheSpireMod:Shiv Toss","Hidden Blade"],"picked":"Footwork","floor":21},{"not_picked":["Deflect","Crippling Poison"],"picked":"Reflex+1","floor":24},{"not_picked":["Draining Mist","Concentrate","Hidden Blade"],"picked":"SKIP","floor":29},{"not_picked":["Quick Slash+1","Eviscerate+1","PiercingWail"],"picked":"SKIP","floor":30},{"not_picked":["Night Terror","Deadly Poison"],"picked":"Outmaneuver","floor":31},{"not_picked":["ReplayTheSpireMod:Necrosis","A Thousand Cuts"],"picked":"Storm of Steel","floor":33},{"not_picked":["Outmaneuver","Bouncing Flask","Underhanded Strike+1"],"picked":"SKIP","floor":35},{"not_picked":["Dodge and Roll","Blade Dance"],"picked":"Terror","floor":36},{"not_picked":["Deadly Poison","Leg Sweep"],"picked":"Quick Slash+1","floor":40},{"not_picked":["Poisoned Stab+1","Prepared+1","Catalyst"],"picked":"SKIP","floor":41},{"not_picked":["Dodge and Roll","Riddle With Holes+1","Choke+1"],"picked":"SKIP","floor":41},{"not_picked":["Concentrate","Draining Mist"],"picked":"Tactician","floor":42},{"not_picked":["Distraction","PiercingWail"],"picked":"Slice+1","floor":45},{"not_picked":["Deadly Poison","Heel Hook+1","Backflip+1"],"picked":"SKIP","floor":45},{"not_picked":["Quick Slash+1","Caltrops"],"picked":"Slice+1","floor":46},{"not_picked":["Bouncing Flask","Sucker Punch+1"],"picked":"Cloak And Dagger","floor":46},{"not_picked":["PiercingWail","Well Laid Plans"],"picked":"Burst","floor":47},{"not_picked":["Cloak And Dagger","Tactician"],"picked":"Dagger Throw+1","floor":47},{"not_picked":["Dash+1","Quick Slash+1"],"picked":"Dagger Throw+1","floor":48},{"not_picked":["Backflip","Crippling Poison"],"picked":"Phantasmal Killer","floor":55}],"player_experience":2389951,"relics_obtained":[{"floor":6.0,"key":"Lantern"},{"floor":8.0,"key":"Centennial Puzzle"},{"floor":13.0,"key":"Pen Nib"},{"floor":19,"key":"ReplayTheSpireMod:Lightbulb"},{"floor":24,"key":"Onion Ring"},{"floor":26,"key":"Du-Vu Doll"},{"floor":28,"key":"Mirror"},{"floor":29,"key":"infinitespire:PuzzleCube"},{"floor":31,"key":"aspiration:Lifesprig"},{"floor":38,"key":"Prayer Wheel"},{"floor":40,"key":"Nunchaku"},{"floor":42,"key":"Replay:Bottled Flurry"},{"floor":43,"key":"Pantograph"},{"floor":48,"key":"construct:BoolHorns"},{"floor":55,"key":"Mango"}],"event_choices":[{"damage_healed":0.0,"max_hp_gain":0.0,"max_hp_loss":0.0,"gold_gain":0.0,"event_name":"WeMeetAgain","player_choice":"Gave Potion","floor":7.0,"gold_loss":0.0,"damage_taken":0.0,"relics_obtained":["Pocketwatch"]},{"damage_healed":0,"gold_gain":0,"player_choice":"Fight","damage_taken":0,"max_hp_gain":0,"max_hp_loss":0,"event_name":"Mysterious Sphere","floor":38,"gold_loss":0},{"damage_healed":0,"gold_gain":0,"player_choice":"Ignored","damage_taken":0,"max_hp_gain":0,"max_hp_loss":0,"event_name":"SecretPortal","floor":39,"gold_loss":0}],"is_beta":false,"boss_relics":[{"not_picked":["Tiny House","aspiration:RitualDagger"],"picked":"WristBlade"},{"not_picked":["Replay:Grab Bag","Abe\u0027s Treasure"],"picked":"Replay:Drink Me"}],"items_purged_floors":[4,37],"is_endless":false,"potions_floor_spawned":[3,8,16,21,24,30,35,40,42,45,48],"killed_by":"The Heart","ascension_level":20}}