{"host":"ve9aztkoyqeblvav","time":1613404410,"event":{"mods":["Act Like it!","Aspiration","BaseMod","Colored Map","Colored Powertips","Highlight Path","Minty Spire (QoL Compilation)","Pale of the Ancients","Quick Restart","Reorder Act Four","StSLib","The Hierophant","Waifu the Spire"],"gold_per_floor":[110,110,110,35,53,87,87,120,120,120,138,166,166,193,193,267,267,280,299,299,299,313,346,346,246,269,283,308,308,334,354,354,428,428,447,464,189,206,218,247,247,275,275,82,111,111,145,155,155,155,155,155,28,28,60,60,60],"floor_reached":56,"language":"ZHS","playtime":3017,"items_purged":["Defend_P","Defend_P","Bite","Bite"],"score":2502,"play_id":"6daaa15b-7bc3-43cd-bd24-7d0ea077abc1","local_time":"20210215235330","is_ascension_mode":true,"campfire_choices":[{"data":"Eruption","floor":7.0,"key":"SMITH"},{"data":"FlurryOfBlows","floor":10.0,"key":"SMITH"},{"floor":13.0,"key":"REST"},{"data":"Scrawl","floor":15.0,"key":"SMITH"},{"data":"Ragnarok","floor":24.0,"key":"SMITH"},{"data":"ClearTheMind","floor":29.0,"key":"SMITH"},{"data":"MasterReality","floor":32.0,"key":"SMITH"},{"floor":41.0,"key":"RECALL"},{"data":"Apotheosis","floor":49.0,"key":"SMITH"},{"data":"Purity","floor":54.0,"key":"SMITH"}],"circlet_count":0,"master_deck":["AscendersBane","Defend_P+1","Defend_P+1","Eruption+1","Vigilance","ClearTheMind+1","FlurryOfBlows+1","MasterReality+1","ForeignInfluence","Scrawl+1","Indignation","Ragnarok+1","CutThroughFate","Bite","Bite","InnerPeace","Wallop+1","LessonLearned","MentalFortress","Tantrum","MentalFortress","Flash of Steel","Finesse","Apotheosis+1","Purity+1"],"relics":["PureWater","NeowsBlessing","Art of War","Anchor","PreservedInsect","Ginger","aspiration:PoetsPen_weak","aspiration:Lifesprig","Vajra","Oddly Smooth Stone","Nunchaku","aspiration:RitualDagger","Membership Card","Strawberry","Damaru","White Beast Statue","Lantern","Boot","aspiration:HatOfInfinitePower","aspiration:Nostalgia","hierophant:PropheticMaskRelic","Bag of Marbles"],"acts_visited":["Exordium","TheCity","TheBeyond","TheEnding"],"potions_floor_usage":[56],"damage_taken":[{"damage":0.0,"enemies":"Small Slimes","floor":1.0,"turns":1.0},{"damage":0.0,"enemies":"Jaw Worm","floor":5.0,"turns":1.0},{"damage":0.0,"enemies":"Gremlin Nob","floor":6.0,"turns":1.0},{"damage":19.0,"enemies":"3 Sentries","floor":8.0,"turns":9.0},{"damage":0.0,"enemies":"2 Louse","floor":11.0,"turns":2.0},{"damage":2.0,"enemies":"Lagavulin","floor":12.0,"turns":5.0},{"damage":2.0,"enemies":"3 Sentries","floor":14.0,"turns":4.0},{"damage":0.0,"enemies":"Slime Boss","floor":16.0,"turns":4.0},{"damage":4.0,"enemies":"2 Thieves","floor":18.0,"turns":2.0},{"damage":7.0,"enemies":"3 Byrds","floor":19.0,"turns":3.0},{"damage":0.0,"enemies":"Snake Plant","floor":22.0,"turns":2.0},{"damage":0.0,"enemies":"Gremlin Leader","floor":23.0,"turns":3.0},{"damage":0.0,"enemies":"Cultist and Chosen","floor":27.0,"turns":2.0},{"damage":4.0,"enemies":"Slavers","floor":28.0,"turns":2.0},{"damage":0.0,"enemies":"Book of Stabbing","floor":30.0,"turns":1.0},{"damage":0.0,"enemies":"Centurion and Healer","floor":31.0,"turns":2.0},{"damage":7.0,"enemies":"Collector","floor":33.0,"turns":3.0},{"damage":8.0,"enemies":"3 Darklings","floor":35.0,"turns":2.0},{"damage":3.0,"enemies":"Orb Walker","floor":36.0,"turns":1.0},{"damage":18.0,"enemies":"Transient","floor":38.0,"turns":6.0},{"damage":3.0,"enemies":"Jaw Worm Horde","floor":39.0,"turns":1.0},{"damage":11.0,"enemies":"Nemesis","floor":40.0,"turns":3.0},{"damage":30.0,"enemies":"Giant Head","floor":42.0,"turns":4.0},{"damage":6.0,"enemies":"Reptomancer","floor":45.0,"turns":2.0},{"damage":6.0,"enemies":"Giant Head","floor":47.0,"turns":2.0},{"damage":23.0,"enemies":"Spire Growth","floor":48.0,"turns":3.0},{"damage":73.0,"enemies":"Time Eater","floor":50.0,"turns":3.0},{"damage":15.0,"enemies":"Donu and Deca","floor":51.0,"turns":5.0},{"damage":27.0,"enemies":"Shield and Spear","floor":55.0,"turns":3.0},{"damage":194,"enemies":"The Heart","floor":56,"turns":5}],"seed_played":"2036298101273798558","potions_obtained":[{"floor":5.0,"key":"LiquidBronze"},{"floor":6.0,"key":"Dexterity Potion"},{"floor":8.0,"key":"BlessingOfTheForge"},{"floor":11.0,"key":"ColorlessPotion"},{"floor":12.0,"key":"PowerPotion"},{"floor":22.0,"key":"CultistPotion"},{"floor":35.0,"key":"Energy Potion"},{"floor":45.0,"key":"Strength Potion"},{"floor":47.0,"key":"DistilledChaos"},{"floor":55.0,"key":"DistilledChaos"}],"is_trial":false,"path_per_floor":["M","?","?","$","M","E","R","E","T","R","M","E","R","E","R","B",null,"M","M","?","?","M","E","R","$","T","M","E","R","E","M","R","B",null,"M","M","$","M","M","E","R","E","T","$","E","?","E","M","R","B","B",null,"$","R","E","B"],"character_chosen":"WATCHER","items_purchased":["Membership Card","MentalFortress","Lantern","MentalFortress","aspiration:Nostalgia","Purity"],"campfire_rested":1,"item_purchase_floors":[37,37,44,44,53,53],"current_hp_per_floor":[61,61,43,43,43,43,43,26,26,26,28,28,48,48,48,50,64,62,57,57,57,65,68,68,68,68,68,64,64,68,68,68,68,68,68,68,68,67,64,66,66,44,44,44,42,32,30,11,11,75,75,75,75,75,58,0,0],"gold":60,"neow_bonus":"THREE_ENEMY_KILL","is_daily":false,"chose_seed":false,"campfire_upgraded":8,"win_rate":0.0,"timestamp":1613404410,"path_taken":["M","?","?","?","M","E","R","E","T","R","M","E","R","E","R","BOSS","M","M","?","?","M","E","R","$","T","M","E","R","E","M","R","BOSS","M","M","$","M","M","E","R","E","T","$","E","?","E","M","R","BOSS","BOSS","$","R","E","BOSS"],"items_purchased_type":["Relic","Card","Relic","Card","Relic","Card"],"build_version":"2020-12-22","purchased_purges":4,"victory":false,"max_hp_per_floor":[68,68,68,68,68,68,68,68,68,68,68,68,68,68,68,68,68,68,68,68,68,68,68,68,68,68,68,68,68,68,68,68,68,68,68,68,68,68,68,75,75,75,75,75,75,75,75,75,75,75,75,75,75,75,75,75,75],"card_choices":[{"not_picked":["FollowUp","FlyingSleeves","Protect"],"picked":"SKIP","floor":1.0},{"not_picked":["Sanctity","EmptyMind"],"picked":"ClearTheMind","floor":5.0},{"not_picked":["EmptyBody","Pray"],"picked":"FlurryOfBlows","floor":6.0},{"not_picked":["EmptyFist","PathToVictory"],"picked":"MasterReality","floor":8.0},{"not_picked":["FlyingSleeves","FlurryOfBlows"],"picked":"ForeignInfluence","floor":11.0},{"not_picked":["MentalFortress","Prostrate"],"picked":"Scrawl","floor":12.0},{"not_picked":["Prostrate","Study"],"picked":"Indignation","floor":14.0},{"not_picked":["Alpha","Brilliance"],"picked":"Ragnarok","floor":16.0},{"not_picked":["BattleHymn","Perseverance"],"picked":"CutThroughFate","floor":18.0},{"not_picked":["Worship","Prostrate","PathToVictory"],"picked":"SKIP","floor":19.0},{"not_picked":["Consecrate+1","Pray","Swivel"],"picked":"SKIP","floor":22.0},{"not_picked":["ClearTheMind","ThirdEye+1"],"picked":"InnerPeace","floor":23.0},{"not_picked":["Collect","Halt","Indignation"],"picked":"SKIP","floor":27.0},{"not_picked":["InnerPeace","CutThroughFate","Wireheading"],"picked":"SKIP","floor":28.0},{"not_picked":["FlurryOfBlows","CarveReality","ThirdEye"],"picked":"SKIP","floor":30.0},{"not_picked":["Evaluate","Scrawl"],"picked":"Wallop","floor":31.0},{"not_picked":["ConjureBlade","SpiritShield"],"picked":"LessonLearned","floor":33.0},{"not_picked":["EmptyBody","Wallop+1","FlyingSleeves"],"picked":"SKIP","floor":35.0},{"not_picked":["Indignation","Halt+1","Weave"],"picked":"SKIP","floor":36.0},{"not_picked":["CutThroughFate+1","EmptyFist+1","Halt"],"picked":"SKIP","floor":38.0},{"not_picked":["FlyingSleeves","Wallop","FlurryOfBlows"],"picked":"SKIP","floor":39.0},{"not_picked":["Devotion","JustLucky"],"picked":"Tantrum","floor":40.0},{"not_picked":["Crescendo","Protect","FlurryOfBlows"],"picked":"SKIP","floor":42.0},{"not_picked":["ForeignInfluence+1","CarveReality","ThirdEye"],"picked":"SKIP","floor":45.0},{"not_picked":["HandOfGreed","Forethought"],"picked":"Flash of Steel","floor":46.0},{"not_picked":["Mayhem","Deep Breath"],"picked":"Finesse","floor":46.0},{"not_picked":["Magnetism","Mind Blast"],"picked":"Apotheosis","floor":46.0},{"not_picked":["WaveOfTheHand","EmptyFist","Study"],"picked":"SKIP","floor":47.0},{"not_picked":["PathToVictory","ClearTheMind","EmptyFist+1"],"picked":"SKIP","floor":48.0},{"not_picked":["Worship","FearNoEvil","Prostrate"],"picked":"SKIP","floor":55.0}],"player_experience":1650328,"relics_obtained":[{"floor":6.0,"key":"Blood Vial"},{"floor":8.0,"key":"Anchor"},{"floor":12.0,"key":"PreservedInsect"},{"floor":14.0,"key":"Ginger"},{"floor":23.0,"key":"aspiration:Lifesprig"},{"floor":26.0,"key":"Vajra"},{"floor":28.0,"key":"Oddly Smooth Stone"},{"floor":30.0,"key":"Nunchaku"},{"floor":40.0,"key":"Strawberry"},{"floor":42.0,"key":"Damaru"},{"floor":43.0,"key":"White Beast Statue"},{"floor":45.0,"key":"Boot"},{"floor":47.0,"key":"aspiration:HatOfInfinitePower"},{"floor":55.0,"key":"Bag of Marbles"}],"event_choices":[{"damage_healed":0.0,"max_hp_gain":0.0,"max_hp_loss":0.0,"gold_gain":0.0,"event_name":"Shining Light","player_choice":"Ignored","floor":2.0,"gold_loss":0.0,"damage_taken":0.0},{"damage_healed":0.0,"max_hp_gain":0.0,"max_hp_loss":0.0,"gold_gain":0.0,"event_name":"Scrap Ooze","player_choice":"Success","floor":3.0,"gold_loss":0.0,"damage_taken":18.0,"relics_obtained":["Art of War"]},{"damage_healed":0.0,"max_hp_gain":0.0,"max_hp_loss":0.0,"gold_gain":0.0,"event_name":"Vampires","player_choice":"Became a vampire (Vial)","floor":20.0,"relics_lost":["Blood Vial"],"gold_loss":0.0,"damage_taken":0.0,"cards_obtained":["Bite","Bite","Bite","Bite","Bite"]},{"cards_removed":["Bite"],"damage_healed":0.0,"max_hp_gain":0.0,"max_hp_loss":0.0,"gold_gain":0.0,"event_name":"Back to Basics","player_choice":"Elegance","floor":21.0,"gold_loss":0.0,"damage_taken":0.0},{"damage_healed":0.0,"max_hp_gain":0.0,"max_hp_loss":0.0,"gold_gain":0.0,"event_name":"SensoryStone","player_choice":"Memory 3","floor":46.0,"gold_loss":0.0,"damage_taken":10.0}],"is_beta":false,"boss_relics":[{"not_picked":["Cursed Key","Runic Pyramid"],"picked":"aspiration:PoetsPen_weak"},{"not_picked":["HolyWater","Fusion Hammer"],"picked":"aspiration:RitualDagger"}],"items_purged_floors":[4,25,37,44],"is_endless":false,"potions_floor_spawned":[5,6,8,11,12,18,22,23,35,45,47,48,55],"killed_by":"The Heart","ascension_level":20}}