{"host":"chv1qanoipyt46jc","time":1613369910,"event":{"mods":["2.2 Compatiblity","AchievementEnabler","BaseMod","BetterRewards","CapriCore","Card Filter","Evolution","Gold Saver","Grow up Mod","Marisa????????","Minty Spire (QoL Compilation)","Rare Cards Sparkle","Relic Filter","Remove Card Discount Mod","Reorder Act Four","StSLib"],"gold_per_floor":[1277,1452,1464,1464,1480,1480,1513,1463,1463,1483,1483,1494,1492,1510,1510,1615,1615,1632,1652,1752,1767,1782,1782,1792,1821,1848,1883,1898,1916,1936,1953,1953,2050,2050,2066,2066,2079,2099,2114,2114,2142,2161,2161,2171,2198,2217,2217,2232,2232,2232,2232,2232,2232,2260,2260],"floor_reached":56,"language":"ENG","playtime":1454,"items_purged":["GravityBeat","GravityBeat","GravityBeat","GravityBeat","Defend_MRS","Defend_MRS","Defend_MRS","Defend_MRS","MasterSpark","UpSweep","MachineGunSpark"],"score":1711,"play_id":"bd65ab87-08ad-4aaa-8297-016974c9fceb","local_time":"20210215001830","is_ascension_mode":false,"campfire_choices":[{"data":"PowerUp","floor":6,"key":"SMITH"},{"data":"PowerUp","floor":11,"key":"SMITH"},{"data":"PowerUp","floor":15,"key":"SMITH"},{"floor":23,"key":"RECALL"},{"data":"NonDirectionalLaser","floor":32,"key":"SMITH"},{"data":"6A","floor":40,"key":"SMITH"},{"floor":47,"key":"REST"},{"floor":49,"key":"REST"},{"floor":53,"key":"REST"}],"circlet_count":0,"master_deck":["NonDirectionalLaser+1","PowerUp+1","PowerUp+1","PowerUp+1","6A+1"],"relics":["MiniHakkero","EVO:Axolotl","Membership Card","SimpleLauncher","Bronze Scales","Singing Bowl","DollysMirror","Oddly Smooth Stone","Anchor","SacredBark","War Paint","Ancient Tea Set","Bottled Flame","SlaversCollar","Dream Catcher","Bag of Marbles","Pen Nib","Blood Vial"],"acts_visited":["Exordium","TheCity","TheBeyond","TheEnding"],"potions_floor_usage":[22,55,55,55],"damage_taken":[{"damage":0,"enemies":"Jaw Worm","floor":1,"turns":1},{"damage":0,"enemies":"Small Slimes","floor":3,"turns":1},{"damage":0,"enemies":"Cultist","floor":5,"turns":2},{"damage":0,"enemies":"Gremlin Nob","floor":7,"turns":2},{"damage":0,"enemies":"Blue Slaver","floor":10,"turns":1},{"damage":0,"enemies":"Red Slaver","floor":12,"turns":1},{"damage":0,"enemies":"Gremlin Gang","floor":14,"turns":2},{"damage":50,"enemies":"Hexaghost","floor":16,"turns":3},{"damage":0,"enemies":"Spheric Guardian","floor":18,"turns":2},{"damage":0,"enemies":"Chosen","floor":19,"turns":2},{"damage":0,"enemies":"Centurion and Healer","floor":21,"turns":2},{"damage":4,"enemies":"Snake Plant","floor":22,"turns":2},{"damage":0,"enemies":"3 Cultists","floor":24,"turns":2},{"damage":0,"enemies":"Gremlin Leader","floor":25,"turns":3},{"damage":8,"enemies":"Slavers","floor":27,"turns":2},{"damage":0,"enemies":"Shelled Parasite and Fungi","floor":28,"turns":2},{"damage":0,"enemies":"Snake Plant","floor":29,"turns":2},{"damage":0,"enemies":"3 Cultists","floor":30,"turns":2},{"damage":0,"enemies":"Cultist and Chosen","floor":31,"turns":2},{"damage":8,"enemies":"Automaton","floor":33,"turns":4},{"damage":0,"enemies":"3 Shapes","floor":35,"turns":2},{"damage":0,"enemies":"Orb Walker","floor":37,"turns":2},{"damage":0,"enemies":"Maw","floor":38,"turns":4},{"damage":0,"enemies":"Transient","floor":39,"turns":5},{"damage":0,"enemies":"Giant Head","floor":41,"turns":4},{"damage":0,"enemies":"Spire Growth","floor":42,"turns":3},{"damage":0,"enemies":"Writhing Mass","floor":44,"turns":2},{"damage":236,"enemies":"Nemesis","floor":45,"turns":13},{"damage":0,"enemies":"Jaw Worm Horde","floor":46,"turns":2},{"damage":2,"enemies":"4 Shapes","floor":48,"turns":2},{"damage":27,"enemies":"Donu and Deca","floor":50,"turns":6},{"damage":33,"enemies":"Shield and Spear","floor":54,"turns":4},{"damage":33,"enemies":"The Heart","floor":55,"turns":5}],"seed_played":"-3580689483671333208","potions_obtained":[{"floor":5,"key":"AttackPotion"},{"floor":10,"key":"Weak Potion"},{"floor":12,"key":"Swift Potion"},{"floor":14,"key":"LiquidBronze"},{"floor":22,"key":"Fruit Juice"},{"floor":24,"key":"Ancient Potion"}],"is_trial":false,"path_per_floor":["M","?","M","?","M","R","E","?","T","M","R","M","$","M","R","B",null,"M","M","?","M","M","R","M","E","T","E","M","M","M","M","R","B",null,"M","?","M","M","M","R","E","M","T","M","E","M","R","M","R","B",null,"$","R","E","B",null],"character_chosen":"MARISA","items_purchased":["Membership Card","MachineGunSpark","NonDirectionalLaser","SimpleLauncher","PowerUp","Bronze Scales","Singing Bowl","DollysMirror"],"campfire_rested":3,"item_purchase_floors":[0,0,0,0,0,0,0,0],"current_hp_per_floor":[48,58,70,68,80,90,102,112,122,132,142,154,164,176,186,148,267,279,291,301,313,331,341,353,365,375,379,391,403,415,427,437,441,471,483,490,502,514,526,536,548,560,570,582,358,370,564,574,645,628,665,675,687,666,645],"gold":2260,"neow_bonus":"","is_daily":false,"chose_seed":false,"campfire_upgraded":5,"win_rate":0.0,"timestamp":1613369910,"path_taken":["M","?","M","?","M","R","E","?","T","M","R","M","?","M","R","BOSS","M","M","?","?","M","R","M","E","T","E","M","M","M","M","R","BOSS","M","?","?","?","M","R","E","M","T","M","E","M","R","M","R","BOSS","$","R","E","BOSS"],"items_purchased_type":["Relic","Card","Card","Relic","Card","Relic","Relic","Relic"],"build_version":"2020-12-22","purchased_purges":11,"victory":true,"max_hp_per_floor":[95,105,117,127,139,149,161,171,181,191,201,213,223,235,245,257,267,279,291,301,313,335,345,357,369,379,391,403,415,427,439,449,461,471,483,493,505,517,529,539,551,563,573,585,597,609,621,633,645,655,665,675,687,699,709],"card_choices":[{"not_picked":["OpenUniverse","SuperPerseids"],"picked":"PowerUp","floor":1},{"not_picked":["NonDirectionalLaser","PulseMagic","OortCloud"],"picked":"Singing Bowl","floor":3},{"not_picked":["AlicesGift","MilkyWay","PulseMagic"],"picked":"Singing Bowl","floor":5},{"not_picked":["WitchOfGreed","AsteroidBelt","GrandCross"],"picked":"Singing Bowl","floor":7},{"not_picked":["ChargeUpSpray","GrandCross"],"picked":"6A","floor":10},{"not_picked":["DoubleSpark","GasGiant","ShootingEcho"],"picked":"Singing Bowl","floor":12},{"not_picked":["NonDirectionalLaser","GalacticHalo","6A"],"picked":"Singing Bowl","floor":14},{"not_picked":["BlazingStar","FinalSpark","SatelliteIllusion"],"picked":"Singing Bowl","floor":16},{"not_picked":["WitchOfGreed+1","GravityBeat","ShootingEcho"],"picked":"Singing Bowl","floor":18},{"not_picked":["MilkyWay","IllusionStar","WitchLeyline"],"picked":"Singing Bowl","floor":19},{"not_picked":["AlicesGift","EventHorizon","ShootingEcho"],"picked":"Singing Bowl","floor":21},{"not_picked":["WitchLeyline","LuminesStrike+1","AsteroidBelt"],"picked":"Singing Bowl","floor":22},{"not_picked":["PowerUp","IllusionStar","EnergyFlow+1"],"picked":"Singing Bowl","floor":24},{"not_picked":["LuminesStrike+1","Occultation","ShootTheMoon"],"picked":"Singing Bowl","floor":25},{"not_picked":["MilkyWay","EventHorizon","StarlightTyphoon+1"],"picked":"Singing Bowl","floor":27},{"not_picked":["SatelliteIllusion","Acceleration","EventHorizon+1"],"picked":"Singing Bowl","floor":28},{"not_picked":["GalacticHalo","Acceleration+1","ShootingEcho+1"],"picked":"Singing Bowl","floor":29},{"not_picked":["LuminesStrike+1","SporeBomb","UnstableBomb"],"picked":"Singing Bowl","floor":30},{"not_picked":["GalacticHalo+1","StarBarrage","WitchLeyline"],"picked":"Singing Bowl","floor":31},{"not_picked":["FinalSpark","AbsoluteMagnitude","EscapeVelocity"],"picked":"Singing Bowl","floor":33},{"not_picked":["WitchLeyline","DragonMeteor","EnergyRecoil+1"],"picked":"Singing Bowl","floor":35},{"not_picked":["6A+1","EnergyRecoil+1","MysteriousBeam"],"picked":"Singing Bowl","floor":37},{"not_picked":["PowerUp+1","DarkMatter+1","ManaConvection+1"],"picked":"Singing Bowl","floor":38},{"not_picked":["PowerUp","6A","WitchLeyline+1"],"picked":"Singing Bowl","floor":39},{"not_picked":["ChargeUpSpray+1","Acceleration","GalacticHalo"],"picked":"Singing Bowl","floor":41},{"not_picked":["GravityBeat+1","GasGiant","AlicesGift"],"picked":"Singing Bowl","floor":42},{"not_picked":["WitchLeyline+1","EscapeVelocity","FairyDestructionRay"],"picked":"Singing Bowl","floor":44},{"not_picked":["WitchOfGreed+1","Acceleration","GravityBeat+1"],"picked":"Singing Bowl","floor":45},{"not_picked":["Singularity","ShootingEcho","FinalSpark"],"picked":"Singing Bowl","floor":46},{"not_picked":["LuminesStrike","GravityBeat+1","Singularity+1"],"picked":"Singing Bowl","floor":47},{"not_picked":["Occultation","RefractionSpark+1","LuminesStrike"],"picked":"Singing Bowl","floor":48},{"not_picked":["LuminesStrike","AlicesGift+1","6A+1"],"picked":"Singing Bowl","floor":49},{"not_picked":["EarthLightRay+1","DarkMatter+1","IllusionStar"],"picked":"Singing Bowl","floor":53},{"not_picked":["BlazeAway","GravityBeat+1","PowerUp+1"],"picked":"Singing Bowl","floor":54}],"player_experience":344617,"relics_obtained":[{"floor":7,"key":"Anchor"},{"floor":25,"key":"War Paint"},{"floor":26,"key":"Ancient Tea Set"},{"floor":27,"key":"Bottled Flame"},{"floor":41,"key":"Dream Catcher"},{"floor":43,"key":"Bag of Marbles"},{"floor":45,"key":"Pen Nib"},{"floor":54,"key":"Blood Vial"}],"event_choices":[{"damage_healed":0,"gold_gain":175,"player_choice":"AGREE","damage_taken":0,"max_hp_gain":0,"max_hp_loss":0,"event_name":"Liars Game","floor":2,"gold_loss":0,"cards_obtained":["Doubt"]},{"damage_healed":0,"gold_gain":0,"player_choice":"Success","damage_taken":12,"relics_obtained":["Oddly Smooth Stone"],"max_hp_gain":0,"max_hp_loss":0,"event_name":"Scrap Ooze","floor":4,"gold_loss":0},{"cards_removed":["Doubt"],"damage_healed":0,"gold_gain":0,"player_choice":"Card Removal","damage_taken":0,"max_hp_gain":0,"max_hp_loss":0,"event_name":"The Cleric","floor":8,"gold_loss":50},{"damage_healed":0,"gold_gain":100,"player_choice":"Pray","damage_taken":0,"max_hp_gain":0,"max_hp_loss":0,"event_name":"Golden Shrine","floor":20,"gold_loss":0},{"damage_healed":0,"gold_gain":0,"player_choice":"Punched","damage_taken":3,"max_hp_gain":0,"max_hp_loss":0,"event_name":"Designer","floor":36,"gold_loss":0}],"is_beta":false,"boss_relics":[{"not_picked":["BewitchedHakkero","Empty Cage"],"picked":"SacredBark"},{"not_picked":["Runic Dome","Pandora\u0027s Box"],"picked":"SlaversCollar"}],"items_purged_floors":[0,0,0,0,0,0,0,0,0,0,13],"is_endless":false,"potions_floor_spawned":[5,10,12,14,18,22,24,27,30,31,33,35,41,44,45,46],"ascension_level":0}}