{"host":"mhzgc0zma59jtmoj","time":1613414822,"event":{"mods":["BaseMod","BetterRewards","Custom Start","Glutton Mod","Ironclad Rager","Minty Spire (QoL Compilation)","Replay The Spire","Somnambulant","StSLib","The Cursed","The Hierophant","The Jungle","Treasure Hunter"],"gold_per_floor":[115,130,80,27,39,39,64,74,154,154,73,73,103,114,114,212,212,223,58,157,175,175,200,200,219,264,264,275,63,63,63,63,164,164,81,81,31,86,86,86,104,104,152,167,177,192,17,31,31,31,31],"floor_reached":50,"language":"ENG","playtime":2047,"items_purged":["Strike_G","Doubt","Strike_G"],"score":677,"play_id":"b861f0a6-dc9a-4ca3-9b61-8a03b626c9b3","local_time":"20210215134702","is_ascension_mode":true,"campfire_choices":[{"data":"A Thousand Cuts","floor":6.0,"key":"SMITH"},{"data":"Storm of Steel","floor":12.0,"key":"SMITH"},{"data":"Cloak And Dagger","floor":12.0,"key":"SMITH"},{"data":"Deflect","floor":15.0,"key":"SMITH"},{"data":"Deflect","floor":15.0,"key":"SMITH"},{"data":"Panache","floor":24.0,"key":"SMITH"},{"data":"Neutralize","floor":24.0,"key":"SMITH"},{"data":"Survivor","floor":27.0,"key":"SMITH"},{"data":"Defend_G","floor":27.0,"key":"SMITH"},{"data":"Prepared","floor":30.0,"key":"SMITH"},{"data":"Cloak And Dagger","floor":30.0,"key":"SMITH"},{"floor":32.0,"key":"RECALL"},{"data":"Pot Of Greed","floor":40.0,"key":"SMITH"},{"data":"Pot Of Greed","floor":40.0,"key":"SMITH"},{"data":"Pot Of Greed","floor":42.0,"key":"SMITH"},{"data":"Defend_G","floor":42.0,"key":"SMITH"},{"data":"Backstab","floor":49.0,"key":"SMITH"},{"data":"Defend_G","floor":49.0,"key":"SMITH"}],"circlet_count":0,"master_deck":["Strike_G","Strike_G","Strike_G","Defend_G+1","Defend_G+1","Defend_G+1","Survivor+1","Neutralize+1","Cloak And Dagger+1","Expertise+1","Deflect+1","A Thousand Cuts+1","Prepared+1","Storm of Steel+1","Accuracy","Slice","Deflect+1","AbeCurse","Panache+1","Slice","Cloak And Dagger+1","Pot Of Greed+1","Pot Of Greed+1","TheCursedMod:Dregs","Pot Of Greed+1","Prepared+1","Backstab+1"],"relics":["Coffee Dripper","Replay:Arrowhead","Mummified Hand","Pen Nib","Abe\u0027s Treasure","Letter Opener","Membership Card","Replay:Ancient Bell","Grinning Jar","Ornamental Fan","Gambling Chip","StoneCalendar","Gremlin Food","Blood Vial"],"acts_visited":["Exordium","TheCity","TheBeyond"],"potions_floor_usage":[50,50,50],"damage_taken":[{"damage":0.0,"enemies":"Cultist","floor":1.0,"turns":4.0},{"damage":1.0,"enemies":"2 Louse","floor":2.0,"turns":3.0},{"damage":0.0,"enemies":"Small Slimes","floor":5.0,"turns":4.0},{"damage":45.0,"enemies":"Gremlin Nob","floor":7.0,"turns":6.0},{"damage":10.0,"enemies":"Blue Slaver","floor":8.0,"turns":4.0},{"damage":0.0,"enemies":"3 Sentries","floor":13.0,"turns":7.0},{"damage":0.0,"enemies":"Exordium Wildlife","floor":14.0,"turns":3.0},{"damage":1.0,"enemies":"Hexaghost","floor":16.0,"turns":6.0},{"damage":12.0,"enemies":"Shell Parasite","floor":18.0,"turns":5.0},{"damage":0.0,"enemies":"Chosen","floor":21.0,"turns":4.0},{"damage":31.0,"enemies":"Slavers","floor":23.0,"turns":4.0},{"damage":5.0,"enemies":"Snecko","floor":25.0,"turns":3.0},{"damage":4.0,"enemies":"Cultist and Chosen","floor":28.0,"turns":3.0},{"damage":5.0,"enemies":"Pondfish","floor":33.0,"turns":6.0},{"damage":0.0,"enemies":"Orb Walker","floor":35.0,"turns":2.0},{"damage":49.0,"enemies":"2 Orb Walkers","floor":38.0,"turns":4.0},{"damage":14.0,"enemies":"3 Darklings","floor":41.0,"turns":3.0},{"damage":0.0,"enemies":"Spire Growth","floor":44.0,"turns":3.0},{"damage":0.0,"enemies":"Sphere and 2 Shapes","floor":45.0,"turns":1.0},{"damage":0.0,"enemies":"Jaw Worm Horde","floor":46.0,"turns":2.0},{"damage":0.0,"enemies":"3 Darklings","floor":48.0,"turns":1.0},{"damage":28,"enemies":"Time Eater","floor":50,"turns":2}],"seed_played":"8735177181015657864","potions_obtained":[{"floor":5.0,"key":"SpeedPotion"},{"floor":7.0,"key":"PowerPotion"},{"floor":8.0,"key":"LifebloodPotion"},{"floor":14.0,"key":"Weak Potion"},{"floor":18.0,"key":"SpeedPotion"},{"floor":21.0,"key":"DistilledChaos"},{"floor":28.0,"key":"Dexterity Potion"},{"floor":33.0,"key":"Strength Potion"},{"floor":35.0,"key":"Elixir"},{"floor":44.0,"key":"DistilledChaos"},{"floor":45.0,"key":"SteroidPotion"}],"is_trial":false,"path_per_floor":["M","M","?","$","M","R","E","M","T","?","$","R","E","M","R","B",null,"M","$","?","M","?","E","R","M","T","R","M","$","R","?","R","B",null,"M","?","$","?","?","R","M","R","T","M","M","M","$","M","R","B"],"character_chosen":"THE_SILENT","items_purchased":["Deflect","Accuracy","Panache","Membership Card","Cloak And Dagger","Blood Vial","Regen Potion"],"campfire_rested":0,"item_purchase_floors":[4,11,19,29,29,47,47],"current_hp_per_floor":[70,69,69,69,69,69,24,14,14,14,14,14,14,14,14,13,70,58,58,58,58,58,27,27,22,22,22,18,18,18,18,18,13,70,70,70,70,21,21,21,7,7,7,7,7,7,7,9,9,0,0],"gold":31,"neow_bonus":"BOSS_RELIC","is_daily":false,"chose_seed":false,"campfire_upgraded":17,"win_rate":0.0,"timestamp":1613414822,"path_taken":["M","?","?","$","M","R","E","M","T","?","?","R","E","M","R","BOSS","M","$","?","M","?","E","R","?","T","R","M","$","R","?","R","BOSS","M","?","$","?","?","R","M","R","T","?","M","M","?","?","R","BOSS"],"items_purchased_type":["Card","Card","Card","Relic","Card","Relic","Potion"],"build_version":"2020-12-22","purchased_purges":3,"victory":false,"max_hp_per_floor":[70,70,70,70,70,70,70,70,70,70,70,70,70,70,70,70,70,70,70,70,70,70,70,70,70,70,70,70,70,70,70,70,70,70,70,70,70,70,70,70,70,70,70,70,70,70,70,70,70,70,70],"card_choices":[{"not_picked":["Dagger Throw","Underhanded Strike"],"picked":"Cloak And Dagger","floor":1.0},{"not_picked":["Cloak And Dagger","Dodge and Roll"],"picked":"Expertise","floor":2.0},{"not_picked":["Riddle With Holes","Flying Knee"],"picked":"A Thousand Cuts","floor":5.0},{"not_picked":["TH:Mimic","TH:EnergyPotion"],"picked":"SKIP","floor":7.0},{"not_picked":["Dash","Flechettes","Well Laid Plans"],"picked":"SKIP","floor":7.0},{"not_picked":["Quick Slash","ReplayTheSpireMod:Tripwire"],"picked":"Prepared","floor":8.0},{"not_picked":["TH:Mimic","TH:ElvenBoots"],"picked":"SKIP","floor":9.0},{"not_picked":["Distraction","Deflect"],"picked":"Slice","floor":13.0},{"not_picked":["TH:ElvenBoots","TH:CopperCoins"],"picked":"SKIP","floor":13.0},{"not_picked":["Catalyst","Poisoned Stab"],"picked":"Deflect","floor":14.0},{"not_picked":["Dagger Spray","PiercingWail","Dagger Throw"],"picked":"SKIP","floor":18.0},{"not_picked":["Dagger Throw","Catalyst+1"],"picked":"Slice","floor":21.0},{"not_picked":["TH:Mimic","TH:EnergyPotion"],"picked":"SKIP","floor":23.0},{"not_picked":["Acrobatics","Draining Mist+1","Fluid Movement"],"picked":"SKIP","floor":23.0},{"not_picked":["Deadly Poison+1","Tools of the Trade","Predator"],"picked":"SKIP","floor":25.0},{"not_picked":["TH:CursedSword","TH:TreasureMap"],"picked":"SKIP","floor":26.0},{"not_picked":["Fluid Movement","Bane","Flying Knee"],"picked":"SKIP","floor":28.0},{"not_picked":["Looming Evil","Spreading Infection"],"picked":"Doubt","floor":34.0},{"not_picked":["Replay:Hysterical Blindness","Overencumbered"],"picked":"TheCursedMod:Dregs","floor":34.0},{"not_picked":["Pain","CurseOfTheBell"],"picked":"ReplayTheSpireMod:IOU","floor":34.0},{"not_picked":["Sucker Punch","Leg Sweep+1"],"picked":"Prepared+1","floor":35.0},{"not_picked":["Choke","Reflex+1","Blade Dance"],"picked":"SKIP","floor":41.0},{"not_picked":["TH:ArmorSpikes","TH:Mimic"],"picked":"SKIP","floor":43.0},{"not_picked":["Infinite Blades","Dagger Spray","Malaise"],"picked":"SKIP","floor":44.0},{"not_picked":["Bane+1","Flying Knee"],"picked":"Backstab","floor":45.0},{"not_picked":["Backflip+1","Poisoned Stab+1","Hidden Blade+1"],"picked":"SKIP","floor":46.0},{"not_picked":["Dodge and Roll","ReplayTheSpireMod:The Works","Crippling Poison"],"picked":"SKIP","floor":48.0}],"player_experience":288190,"relics_obtained":[{"floor":7.0,"key":"Replay:Arrowhead"},{"floor":9.0,"key":"Mummified Hand"},{"floor":13.0,"key":"Pen Nib"},{"floor":23.0,"key":"Letter Opener"},{"floor":38.0,"key":"StoneCalendar"},{"floor":43.0,"key":"Gremlin Food"}],"event_choices":[{"cards_removed":["Defend_G"],"damage_healed":0.0,"max_hp_gain":0.0,"max_hp_loss":0.0,"gold_gain":0.0,"event_name":"The Cleric","player_choice":"Card Removal","floor":3.0,"gold_loss":50.0,"damage_taken":0.0},{"damage_healed":0.0,"max_hp_gain":0.0,"max_hp_loss":0.0,"gold_gain":0.0,"cards_transformed":["Defend_G"],"event_name":"Living Wall","player_choice":"Change","floor":10.0,"gold_loss":0.0,"damage_taken":0.0,"cards_obtained":["Storm of Steel"]},{"damage_healed":0.0,"max_hp_gain":0.0,"max_hp_loss":0.0,"gold_gain":99.0,"event_name":"Nest","player_choice":"Stole From Cult","floor":20.0,"gold_loss":0.0,"damage_taken":0.0},{"damage_healed":0.0,"max_hp_gain":0.0,"max_hp_loss":0.0,"gold_gain":0.0,"event_name":"Upgrade Shrine","player_choice":"Upgraded","floor":22.0,"gold_loss":0.0,"damage_taken":0.0,"cards_upgraded":["Expertise"]},{"damage_healed":0.0,"max_hp_gain":0.0,"max_hp_loss":0.0,"gold_gain":0.0,"event_name":"Cursed Tome","player_choice":"Ignored","floor":31.0,"gold_loss":0.0,"damage_taken":0.0},{"damage_healed":0.0,"max_hp_gain":0.0,"max_hp_loss":0.0,"gold_gain":0.0,"event_name":"Mysterious Sphere","player_choice":"Fight","floor":38.0,"gold_loss":0.0,"damage_taken":0.0},{"damage_healed":0.0,"max_hp_gain":0.0,"max_hp_loss":0.0,"gold_gain":0.0,"event_name":"Transmorgrifier","player_choice":"Ignored","floor":39.0,"gold_loss":0.0,"damage_taken":0.0}],"is_beta":false,"boss_relics":[{"not_picked":["Snecko Heart","Black Star"],"picked":"Abe\u0027s Treasure"},{"not_picked":["Honey Jar","Replay:Wanted Poster"],"picked":"Replay:Ancient Bell"},{"not_picked":["Happy Flower","PreservedInsect"],"picked":"Grinning Jar"},{"not_picked":["Replay:Ringing Soul","Shuriken"],"picked":"Ornamental Fan"},{"not_picked":["Torii","Mango"],"picked":"Gambling Chip"}],"items_purged_floors":[29,37,47],"is_endless":false,"potions_floor_spawned":[5,7,8,14,18,21,28,33,35,44,45,48],"killed_by":"Time Eater","ascension_level":1}}