{"host":"2e3z4r48quhw80cc","time":1613381049,"event":{"mods":["BaseMod","Minty Spire (QoL Compilation)","Quick Restart","StSLib","SuperFastMode"],"gold_per_floor":[115,115,133,83,158,486,486,517,517,530,565,580,580,593,593,692,692,707,191,191,208,208,208,108,141,141,141,44,44,61,71,71,173,173,185,60,79,91,111,111,127,144,196,208,249,261,300,362,374,386],"floor_reached":51,"language":"KOR","playtime":1856,"items_purged":["Strike_B","Defend_B","Writhe"],"score":1170,"play_id":"f5af1d71-87f7-4cbe-b897-86422d4e931e","local_time":"20210215182409","is_ascension_mode":true,"campfire_choices":[{"floor":13.0,"key":"REST"},{"data":"Defragment","floor":15.0,"key":"SMITH"},{"floor":23.0,"key":"REST"},{"data":"Creative AI","floor":27.0,"key":"SMITH"},{"floor":29.0,"key":"REST"},{"floor":32.0,"key":"REST"},{"floor":40.0,"key":"REST"},{"floor":46.0,"key":"REST"},{"floor":49.0,"key":"REST"}],"circlet_count":0,"master_deck":["AscendersBane","Strike_B","Strike_B","Defend_B","Defend_B","Zap","Dualcast","Storm","Static Discharge","Conserve Battery","Defragment+1","Loop","Storm","Conserve Battery","Creative AI+1","FTL+1","Auto Shields","Consume","Double Energy+1","Rainbow","Chaos+1","Echo Form","CurseOfTheBell","FTL+1","Loop+1","Panache","Ball Lightning+1","Reinforced Body+1","Coolheaded"],"relics":["Cracked Core","NeowsBlessing","Old Coin","Incense Burner","Kunai","Gambling Chip","Philosopher\u0027s Stone","OrangePellets","Matryoshka","Darkstone Periapt","Lantern","Potion Belt","Gremlin Horn","Calling Bell","Regal Pillow","Mummified Hand","Unceasing Top","Whetstone","MawBank","Dream Catcher","Happy Flower","Turnip"],"acts_visited":["Exordium","TheCity","TheBeyond"],"potions_floor_usage":[50],"damage_taken":[{"damage":0.0,"enemies":"Small Slimes","floor":1.0,"turns":1.0},{"damage":0.0,"enemies":"2 Louse","floor":3.0,"turns":1.0},{"damage":0.0,"enemies":"Lagavulin","floor":6.0,"turns":1.0},{"damage":19.0,"enemies":"Gremlin Nob","floor":8.0,"turns":4.0},{"damage":2.0,"enemies":"Jaw Worm","floor":10.0,"turns":3.0},{"damage":14.0,"enemies":"3 Sentries","floor":11.0,"turns":5.0},{"damage":21.0,"enemies":"Exordium Thugs","floor":12.0,"turns":3.0},{"damage":1.0,"enemies":"Large Slime","floor":14.0,"turns":3.0},{"damage":14.0,"enemies":"The Guardian","floor":16.0,"turns":8.0},{"damage":8.0,"enemies":"Chosen","floor":18.0,"turns":4.0},{"damage":7.0,"enemies":"Spheric Guardian","floor":21.0,"turns":3.0},{"damage":33.0,"enemies":"Slavers","floor":25.0,"turns":4.0},{"damage":9.0,"enemies":"Snake Plant","floor":30.0,"turns":3.0},{"damage":22.0,"enemies":"Shelled Parasite and Fungi","floor":31.0,"turns":3.0},{"damage":40.0,"enemies":"Automaton","floor":33.0,"turns":7.0},{"damage":0.0,"enemies":"3 Darklings","floor":35.0,"turns":5.0},{"damage":7.0,"enemies":"3 Shapes","floor":37.0,"turns":3.0},{"damage":58.0,"enemies":"Transient","floor":38.0,"turns":5.0},{"damage":18.0,"enemies":"Jaw Worm Horde","floor":39.0,"turns":3.0},{"damage":0.0,"enemies":"Maw","floor":41.0,"turns":5.0},{"damage":25.0,"enemies":"Spire Growth","floor":42.0,"turns":4.0},{"damage":14.0,"enemies":"Giant Head","floor":45.0,"turns":4.0},{"damage":0.0,"enemies":"Mind Bloom Boss Battle","floor":48.0,"turns":3.0},{"damage":67,"enemies":"Donu and Deca","floor":50,"turns":5}],"seed_played":"-9222854718176879205","potions_obtained":[{"floor":1.0,"key":"Block Potion"},{"floor":6.0,"key":"SneckoOil"},{"floor":8.0,"key":"Fire Potion"},{"floor":21.0,"key":"Weak Potion"},{"floor":30.0,"key":"DistilledChaos"},{"floor":31.0,"key":"BlessingOfTheForge"},{"floor":35.0,"key":"Dexterity Potion"},{"floor":41.0,"key":"SneckoOil"}],"is_trial":false,"path_per_floor":["M","?","M","?","?","E","?","E","T","M","E","M","R","M","R","B",null,"M","$","?","M","?","R","$","E","T","R","$","R","M","M","R","B",null,"M","$","M","M","M","R","M","M","T","?","E","R","T","?","R","B",null],"character_chosen":"DEFECT","items_purchased":["OrangePellets","Matryoshka","Auto Shields","Fruit Juice"],"campfire_rested":7,"item_purchase_floors":[19,19,19,28],"current_hp_per_floor":[68,73,73,73,62,62,62,43,43,41,27,6,30,29,29,15,64,56,56,62,55,38,65,65,32,32,32,37,65,56,34,62,22,84,84,84,77,19,1,46,46,21,21,21,7,52,52,52,97,30],"gold":398,"neow_bonus":"THREE_ENEMY_KILL","is_daily":false,"chose_seed":false,"campfire_upgraded":2,"win_rate":0.0,"timestamp":1613381049,"path_taken":["M","?","M","?","?","E","?","E","T","?","E","M","R","M","R","BOSS","M","$","?","M","?","R","?","E","T","R","?","R","M","M","R","BOSS","M","$","?","M","M","R","M","M","T","?","E","R","?","?","R","BOSS"],"items_purchased_type":["Relic","Relic","Card","Potion"],"build_version":"2020-12-22","purchased_purges":3,"victory":true,"max_hp_per_floor":[75,80,80,80,80,80,80,80,80,80,80,80,80,80,80,80,80,80,80,86,86,91,91,91,91,91,91,96,96,96,96,96,96,102,102,102,102,102,102,102,102,102,102,102,102,102,102,102,102,102],"card_choices":[{"not_picked":["Sunder","Conserve Battery"],"picked":"Storm","floor":1.0},{"not_picked":["Genetic Algorithm","Hologram"],"picked":"Static Discharge","floor":3.0},{"not_picked":["Beam Cell","Undo"],"picked":"Conserve Battery","floor":6.0},{"not_picked":["Skim","BootSequence"],"picked":"Defragment","floor":8.0},{"not_picked":["Heatsinks","Rebound"],"picked":"Loop","floor":10.0},{"not_picked":["Biased Cognition","Go for the Eyes"],"picked":"Storm","floor":11.0},{"not_picked":["Streamline","Hologram"],"picked":"Conserve Battery","floor":12.0},{"not_picked":["Turbo","Stack","Hologram"],"picked":"SKIP","floor":14.0},{"not_picked":["Fission","All For One"],"picked":"Creative AI","floor":16.0},{"not_picked":["Steam","Streamline"],"picked":"FTL","floor":18.0},{"not_picked":["Tempest","Melter"],"picked":"Consume","floor":21.0},{"not_picked":["Conserve Battery","Beam Cell"],"picked":"Double Energy+1","floor":25.0},{"not_picked":["Conserve Battery","Skim"],"picked":"Rainbow","floor":30.0},{"not_picked":["Double Energy","Cold Snap"],"picked":"Chaos+1","floor":31.0},{"not_picked":["Seek","Rainbow"],"picked":"Echo Form","floor":33.0},{"not_picked":["Streamline+1","Tempest","Steam Power"],"picked":"SKIP","floor":35.0},{"not_picked":["Sunder+1","Stack","Hologram+1"],"picked":"SKIP","floor":37.0},{"not_picked":["Gash+1","Cold Snap+1","Barrage+1"],"picked":"SKIP","floor":38.0},{"not_picked":["Redo+1","Conserve Battery+1"],"picked":"FTL","floor":39.0},{"not_picked":["Barrage","Turbo","All For One"],"picked":"SKIP","floor":41.0},{"not_picked":["Compile Driver","Steam"],"picked":"Loop+1","floor":42.0},{"not_picked":["Discovery","Mind Blast"],"picked":"Panache","floor":44.0},{"not_picked":["Reprogram+1","Consume+1"],"picked":"Ball Lightning+1","floor":45.0},{"not_picked":["Darkness+1","Static Discharge"],"picked":"Reinforced Body+1","floor":46.0},{"not_picked":["Go for the Eyes+1","Gash+1"],"picked":"Coolheaded","floor":49.0}],"player_experience":191556,"relics_obtained":[{"floor":6.0,"key":"Old Coin"},{"floor":8.0,"key":"Incense Burner"},{"floor":9.0,"key":"Kunai"},{"floor":11.0,"key":"Gambling Chip"},{"floor":25.0,"key":"Lantern"},{"floor":26.0,"key":"Potion Belt"},{"floor":26.0,"key":"Gremlin Horn"},{"floor":34.0,"key":"Regal Pillow"},{"floor":34.0,"key":"Mummified Hand"},{"floor":34.0,"key":"Unceasing Top"},{"floor":43.0,"key":"Whetstone"},{"floor":43.0,"key":"MawBank"},{"floor":45.0,"key":"Dream Catcher"},{"floor":47.0,"key":"Happy Flower"},{"floor":48.0,"key":"Turnip"}],"event_choices":[{"damage_healed":0.0,"max_hp_gain":5.0,"max_hp_loss":0.0,"gold_gain":0.0,"event_name":"Big Fish","player_choice":"Donut","floor":2.0,"gold_loss":0.0,"damage_taken":0.0},{"cards_removed":["Strike_B"],"damage_healed":0.0,"max_hp_gain":0.0,"max_hp_loss":0.0,"gold_gain":0.0,"event_name":"The Cleric","player_choice":"Card Removal","floor":4.0,"gold_loss":50.0,"damage_taken":0.0},{"damage_healed":0.0,"max_hp_gain":0.0,"max_hp_loss":0.0,"gold_gain":75.0,"event_name":"World of Goop","player_choice":"Gather Gold","floor":5.0,"gold_loss":0.0,"damage_taken":11.0},{"cards_removed":["Defend_B"],"damage_healed":0.0,"max_hp_gain":0.0,"max_hp_loss":0.0,"gold_gain":0.0,"event_name":"Living Wall","player_choice":"Forget","floor":7.0,"gold_loss":0.0,"damage_taken":0.0},{"damage_healed":0.0,"max_hp_gain":0.0,"max_hp_loss":0.0,"gold_gain":0.0,"event_name":"The Mausoleum","player_choice":"Opened","floor":20.0,"gold_loss":0.0,"damage_taken":0.0,"relics_obtained":["Darkstone Periapt"],"cards_obtained":["Writhe"]},{"damage_healed":0.0,"max_hp_gain":5.0,"max_hp_loss":0.0,"gold_gain":0.0,"event_name":"Forgotten Altar","player_choice":"Shed Blood","floor":22.0,"gold_loss":0.0,"damage_taken":22.0},{"damage_healed":0.0,"max_hp_gain":0.0,"max_hp_loss":0.0,"gold_gain":0.0,"event_name":"SensoryStone","player_choice":"Memory 1","floor":44.0,"gold_loss":0.0,"damage_taken":0.0},{"damage_healed":0.0,"max_hp_gain":0.0,"max_hp_loss":0.0,"gold_gain":0.0,"event_name":"MindBloom","player_choice":"Fight","floor":48.0,"gold_loss":0.0,"damage_taken":0.0}],"is_beta":false,"boss_relics":[{"not_picked":["Inserter","Tiny House"],"picked":"Philosopher\u0027s Stone"},{"not_picked":["SacredBark","Busted Crown"],"picked":"Calling Bell"}],"items_purged_floors":[19,24,36],"is_endless":false,"potions_floor_spawned":[1,6,8,21,30,31,35,41],"ascension_level":11}}