{"host":"6q94iy5iz6612v89","time":1613383943,"event":{"mods":["2.2 Compatiblity","AchievementEnabler","BaseMod","Colored Map","DeckTracker","Keyboard Shortcuts","Minty Spire (QoL Compilation)","Permanent Neow","StSLib","SuperFastMode"],"gold_per_floor":[16,30,48,58,58,58,73,73,73,106,106,46,46,46,46,46,46],"floor_reached":16,"language":"KOR","playtime":276,"items_purged":["Strike_G"],"score":200,"play_id":"27352f4e-42de-483c-a6b6-d6e58fcc7f70","local_time":"20210215191223","is_ascension_mode":true,"campfire_choices":[{"data":"Sadistic Nature","floor":6,"key":"SMITH"},{"floor":11,"key":"REST"},{"data":"Bouncing Flask","floor":13,"key":"SMITH"},{"data":"Neutralize","floor":15,"key":"SMITH"}],"circlet_count":0,"master_deck":["AscendersBane","Strike_G+1","Strike_G","Strike_G","Defend_G","Defend_G","Defend_G","Defend_G","Defend_G+1","Survivor","Neutralize+1","Sadistic Nature+1","Deadly Poison","Blade Dance","PiercingWail","Bouncing Flask+1"],"relics":["Ring of the Snake","White Beast Statue","Tingsha","The Courier"],"acts_visited":["Exordium"],"potions_floor_usage":[10,16],"damage_taken":[{"damage":0,"enemies":"Jaw Worm","floor":1,"turns":4},{"damage":1,"enemies":"Small Slimes","floor":2,"turns":3},{"damage":0,"enemies":"2 Louse","floor":3,"turns":2},{"damage":0,"enemies":"Exordium Wildlife","floor":4,"turns":3},{"damage":1,"enemies":"Large Slime","floor":7,"turns":6},{"damage":31,"enemies":"Gremlin Nob","floor":10,"turns":4},{"damage":27,"enemies":"Slime Boss","floor":16,"turns":5}],"seed_played":"-1938883351598696100","potions_obtained":[{"floor":4,"key":"LiquidMemories"},{"floor":7,"key":"Energy Potion"},{"floor":10,"key":"LiquidBronze"}],"is_trial":false,"path_per_floor":["M","M","M","M","?","R","M","T","T","E","R","$","R","?","R","B"],"character_chosen":"THE_SILENT","items_purchased":[],"campfire_rested":1,"item_purchase_floors":[],"current_hp_per_floor":[59,58,58,58,38,38,37,37,37,6,25,25,25,25,25,0,0],"gold":46,"neow_bonus":"RANDOM_COLORLESS_2","is_daily":false,"chose_seed":false,"campfire_upgraded":3,"win_rate":0.0,"timestamp":1613383943,"path_taken":["M","M","M","M","?","R","M","?","T","E","R","$","R","?","R","BOSS"],"items_purchased_type":[],"build_version":"2020-12-22","purchased_purges":1,"victory":false,"max_hp_per_floor":[66,66,66,66,66,66,66,66,66,66,66,66,66,66,66,66,66],"card_choices":[{"not_picked":["Magnetism","Mayhem"],"picked":"Sadistic Nature","floor":0},{"not_picked":["Backflip","Dagger Throw"],"picked":"Deadly Poison","floor":1},{"not_picked":["Riddle With Holes","Cloak And Dagger"],"picked":"Blade Dance","floor":2},{"not_picked":["Bane","Poisoned Stab"],"picked":"PiercingWail","floor":3},{"not_picked":["Caltrops","Acrobatics","Underhanded Strike"],"picked":"SKIP","floor":4},{"not_picked":["Blade Dance","Escape Plan","Outmaneuver"],"picked":"SKIP","floor":7},{"not_picked":["Sucker Punch","Catalyst"],"picked":"Bouncing Flask","floor":10}],"player_experience":1487537,"relics_obtained":[{"floor":8,"key":"White Beast Statue"},{"floor":9,"key":"Tingsha"},{"floor":10,"key":"The Courier"}],"event_choices":[{"damage_healed":0,"gold_gain":0,"player_choice":"Entered Light","damage_taken":20,"max_hp_gain":0,"max_hp_loss":0,"event_name":"Shining Light","floor":5,"gold_loss":0,"cards_upgraded":["Defend_G","Strike_G"]},{"cards_removed":["Strike_G"],"damage_healed":0,"gold_gain":0,"player_choice":"Forget","damage_taken":0,"max_hp_gain":0,"max_hp_loss":0,"event_name":"Living Wall","floor":14,"gold_loss":0}],"is_beta":false,"boss_relics":[],"items_purged_floors":[12],"is_endless":false,"potions_floor_spawned":[4,7,10],"killed_by":"Slime Boss","ascension_level":20}}