{"host":"syfsfjmzue8y1a6l","time":1613401467,"event":{"mods":["AchievementEnabler","BaseMod","Colored Map","DeckTracker","Minty Spire (QoL Compilation)","SuperFastMode"],"gold_per_floor":[116,128,128,139,139,159,185,202,227,295,295,308,321,321,337,337,437,437,447,42,56,71,86,86,115,134,134,134,134,151,51,67,67,67,67],"floor_reached":34,"language":"KOR","playtime":2062,"items_purged":["Strike_B","Defend_B"],"score":290,"play_id":"39138245-5fa0-46af-a17d-f27e2c973a17","local_time":"20210216000427","is_ascension_mode":false,"campfire_choices":[{"data":"Machine Learning","floor":11,"key":"SMITH"},{"floor":14,"key":"REST"},{"data":"Conserve Battery","floor":16,"key":"SMITH"},{"data":"Go for the Eyes","floor":24,"key":"SMITH"},{"data":"Gash","floor":33,"key":"SMITH"}],"circlet_count":0,"master_deck":["Strike_B","Strike_B","Defend_B","Defend_B","Defend_B","Zap","Dualcast","Rebound","Self Repair","Conserve Battery+1","Gash+1","Machine Learning+1","Gash","Gash","Reboot+1","Go for the Eyes+1","Thinking Ahead+1","Seek+1","Conserve Battery+1","Hologram+1","Hyperbeam","Coolheaded+1"],"relics":["SlaversCollar","Nunchaku","Lantern","Du-Vu Doll","Toxic Egg 2","Philosopher\u0027s Stone","Centennial Puzzle","Boot","Darkstone Periapt"],"acts_visited":["Exordium","TheCity"],"potions_floor_usage":[7,13,23,23,25,25,25,30,34],"damage_taken":[{"damage":1,"enemies":"Cultist","floor":1,"turns":4},{"damage":4,"enemies":"2 Louse","floor":2,"turns":4},{"damage":7,"enemies":"Small Slimes","floor":4,"turns":4},{"damage":28,"enemies":"Large Slime","floor":6,"turns":6},{"damage":18,"enemies":"Gremlin Nob","floor":7,"turns":4},{"damage":0,"enemies":"Looter","floor":8,"turns":4},{"damage":17,"enemies":"3 Sentries","floor":9,"turns":7},{"damage":21,"enemies":"Gremlin Gang","floor":12,"turns":6},{"damage":11,"enemies":"3 Louse","floor":13,"turns":3},{"damage":6,"enemies":"Exordium Wildlife","floor":15,"turns":3},{"damage":24,"enemies":"Hexaghost","floor":17,"turns":9},{"damage":6,"enemies":"Spheric Guardian","floor":19,"turns":3},{"damage":18,"enemies":"Shell Parasite","floor":21,"turns":5},{"damage":8,"enemies":"Snecko","floor":22,"turns":5},{"damage":19,"enemies":"Snake Plant","floor":23,"turns":5},{"damage":15,"enemies":"Slavers","floor":25,"turns":5},{"damage":15,"enemies":"Chosen and Byrds","floor":26,"turns":6},{"damage":12,"enemies":"Snecko","floor":30,"turns":5},{"damage":0,"enemies":"3 Cultists","floor":32,"turns":2},{"damage":37,"enemies":"Automaton","floor":34,"turns":6}],"seed_played":"7755592201150021676","potions_obtained":[{"floor":1,"key":"EssenceOfSteel"},{"floor":4,"key":"PowerPotion"},{"floor":6,"key":"GamblersBrew"},{"floor":9,"key":"FocusPotion"},{"floor":13,"key":"Ancient Potion"},{"floor":21,"key":"EntropicBrew"},{"floor":22,"key":"Fire Potion"},{"floor":23,"key":"Explosive Potion"},{"floor":26,"key":"FearPotion"}],"is_trial":false,"path_per_floor":["M","M","?","M","M","M","E","M","E","T","R","M","M","R","M","R","B",null,"M","$","M","M","M","R","E","M","T","?","?","M","$","M","R","B"],"character_chosen":"DEFECT","items_purchased":["Centennial Puzzle","Thinking Ahead+1"],"campfire_rested":1,"item_purchase_floors":[20,20],"current_hp_per_floor":[74,70,70,63,63,42,31,38,28,28,28,14,3,25,26,26,9,75,75,75,64,63,51,51,43,28,28,28,28,23,23,30,30,0,0],"gold":67,"neow_bonus":"BOSS_RELIC","is_daily":false,"chose_seed":false,"campfire_upgraded":4,"win_rate":0.0,"timestamp":1613401467,"path_taken":["M","M","?","M","M","M","E","M","E","T","R","?","M","R","M","R","BOSS","M","$","M","M","M","R","E","M","T","?","?","M","$","M","R","BOSS"],"items_purchased_type":["Relic","Card"],"build_version":"2020-12-22","purchased_purges":2,"victory":false,"max_hp_per_floor":[75,75,75,75,75,75,75,75,75,75,75,75,75,75,75,75,75,75,75,75,75,75,75,75,75,75,75,75,75,75,75,75,75,75,75],"card_choices":[{"not_picked":["Skim","Consume"],"picked":"Rebound","floor":1},{"not_picked":["Streamline","Barrage","Reinforced Body"],"picked":"SKIP","floor":2},{"not_picked":["Sweeping Beam","Redo"],"picked":"Self Repair","floor":4},{"not_picked":["Sweeping Beam","Heatsinks"],"picked":"Conserve Battery","floor":6},{"not_picked":["Stack","Force Field","Rebound"],"picked":"SKIP","floor":7},{"not_picked":["Undo","Lockon"],"picked":"Gash","floor":8},{"not_picked":["Steam","White Noise"],"picked":"Machine Learning","floor":9},{"not_picked":["Stack+1","Ball Lightning"],"picked":"Gash","floor":12},{"not_picked":["Static Discharge","Sweeping Beam"],"picked":"Gash","floor":13},{"not_picked":["Sweeping Beam","Redo+1","Turbo+1"],"picked":"SKIP","floor":15},{"not_picked":["Machine Learning","Fission+1"],"picked":"Reboot+1","floor":17},{"not_picked":["Redo+1","Force Field+1"],"picked":"Go for the Eyes","floor":19},{"not_picked":["Stack+1","Loop"],"picked":"Seek+1","floor":21},{"not_picked":["Stack+1","Blizzard+1"],"picked":"Conserve Battery+1","floor":22},{"not_picked":["Barrage","Cold Snap"],"picked":"Hologram+1","floor":23},{"not_picked":["Force Field+1","Compile Driver+1"],"picked":"Hyperbeam","floor":25},{"not_picked":["Sunder","Leap+1","Double Energy+1"],"picked":"SKIP","floor":26},{"not_picked":["Conserve Battery+1","Barrage+1"],"picked":"Coolheaded+1","floor":30},{"not_picked":["Sweeping Beam+1","Streamline","Turbo+1"],"picked":"SKIP","floor":32}],"player_experience":68918,"relics_obtained":[{"floor":7,"key":"Lantern"},{"floor":9,"key":"Du-Vu Doll"},{"floor":10,"key":"Toxic Egg 2"},{"floor":25,"key":"Boot"},{"floor":27,"key":"Darkstone Periapt"}],"event_choices":[{"damage_healed":0,"gold_gain":0,"player_choice":"Gave Potion","damage_taken":0,"relics_obtained":["Nunchaku"],"max_hp_gain":0,"max_hp_loss":0,"event_name":"WeMeetAgain","floor":3,"gold_loss":0},{"cards_removed":["Strike_B"],"damage_healed":0,"gold_gain":0,"player_choice":"Elegance","damage_taken":0,"max_hp_gain":0,"max_hp_loss":0,"event_name":"Back to Basics","floor":28,"gold_loss":0},{"damage_healed":0,"gold_gain":0,"player_choice":"Ignored","damage_taken":0,"max_hp_gain":0,"max_hp_loss":0,"event_name":"Ghosts","floor":29,"gold_loss":0}],"is_beta":false,"boss_relics":[{"not_picked":["Runic Pyramid","Velvet Choker"],"picked":"Philosopher\u0027s Stone"}],"items_purged_floors":[20,31],"is_endless":false,"potions_floor_spawned":[1,4,6,9,13,21,22,23,26],"killed_by":"Automaton","ascension_level":0}}