{"host":"zsnmfqgcm92hlreo","time":1613374546,"event":{"mods":["AchievementEnabler","BaseMod","Bestiary","Block Reminder","Colored Map","Colored Powertips","Filter the Spire","Minty Spire (QoL Compilation)","Permanent Neow","Quick Restart","Relic Stats","StSLib","Weighted Paths"],"gold_per_floor":[112,112,130,145,166,201,126,142,142,57,132,132,172,188,188,286,286,311,329,254,277,33,33,76,76,152,152,176,210,210,248,248,248,248],"floor_reached":33,"language":"ENG","playtime":1132,"items_purged":["Strike_R","Strike_R"],"score":730,"play_id":"df435907-7710-446b-a815-5125f79e58e9","local_time":"20210215013546","is_ascension_mode":true,"campfire_choices":[{"floor":12.0,"key":"REST"},{"floor":15.0,"key":"REST"},{"floor":23,"key":"REST"},{"floor":25,"key":"REST"},{"floor":27,"key":"REST"},{"floor":30,"key":"REST"},{"floor":32,"key":"REST"}],"circlet_count":0,"master_deck":["AscendersBane","Strike_R","Strike_R","Defend_R","Defend_R","Defend_R","Defend_R","Bash","Dark Embrace","Hemokinesis","Flame Barrier","Battle Trance","Immolate","Carnage","Brutality","Demon Form","Inflame","Spot Weakness","Clothesline","Shrug It Off","Evolve"],"relics":["Snecko Eye","Golden Idol","Red Skull","White Beast Statue","Shuriken","Mark of Pain","Membership Card","Lantern","Eternal Feather","Oddly Smooth Stone","Orichalcum"],"acts_visited":["Exordium","TheCity"],"potions_floor_usage":[19,21,22,24,31,33,33],"damage_taken":[{"damage":3.0,"enemies":"2 Louse","floor":1.0,"turns":2.0},{"damage":10.0,"enemies":"Small Slimes","floor":3.0,"turns":3.0},{"damage":7.0,"enemies":"Jaw Worm","floor":4.0,"turns":3.0},{"damage":11.0,"enemies":"Large Slime","floor":5.0,"turns":5.0},{"damage":16.0,"enemies":"Lagavulin","floor":6.0,"turns":5.0},{"damage":8.0,"enemies":"Blue Slaver","floor":8.0,"turns":3.0},{"damage":2.0,"enemies":"Gremlin Nob","floor":13.0,"turns":3.0},{"damage":3.0,"enemies":"Looter","floor":14.0,"turns":2.0},{"damage":15.0,"enemies":"Slime Boss","floor":16.0,"turns":6.0},{"damage":16,"enemies":"Chosen","floor":18,"turns":5},{"damage":12,"enemies":"Shell Parasite","floor":19,"turns":3},{"damage":23,"enemies":"Cultist and Chosen","floor":21,"turns":5},{"damage":35,"enemies":"Book of Stabbing","floor":24,"turns":4},{"damage":34,"enemies":"Snake Plant","floor":28,"turns":4},{"damage":4,"enemies":"Gremlin Leader","floor":29,"turns":4},{"damage":36,"enemies":"Book of Stabbing","floor":31,"turns":4},{"damage":69,"enemies":"Champ","floor":33,"turns":7}],"seed_played":"2321361322638713306","potions_obtained":[{"floor":1.0,"key":"PowerPotion"},{"floor":5.0,"key":"ColorlessPotion"},{"floor":14.0,"key":"GamblersBrew"},{"floor":16.0,"key":"ColorlessPotion"},{"floor":19,"key":"Fruit Juice"},{"floor":21,"key":"EssenceOfSteel"},{"floor":24,"key":"LiquidMemories"},{"floor":28,"key":"LiquidBronze"},{"floor":29,"key":"ColorlessPotion"},{"floor":31,"key":"Swift Potion"}],"is_trial":false,"path_per_floor":["M","?","M","M","M","E","$","M","T","$","?","R","E","M","R","B",null,"M","M","?","M","$","R","E","R","T","R","M","E","R","E","R","B"],"character_chosen":"IRONCLAD","items_purchased":["Immolate","Membership Card","BloodPotion"],"campfire_rested":7,"item_purchase_floors":[10,22,22],"current_hp_per_floor":[65,65,55,48,37,21,21,13,13,13,2,22,20,17,37,22,57,41,34,34,11,25,46,11,32,32,62,28,24,57,21,54,0,0],"gold":248,"neow_bonus":"BOSS_RELIC","is_daily":false,"chose_seed":false,"campfire_upgraded":0,"win_rate":0.0,"timestamp":1613374546,"path_taken":["M","?","M","M","M","E","$","M","T","$","?","R","E","M","R","BOSS","M","M","?","M","$","R","E","R","T","R","M","E","R","E","R","BOSS"],"items_purchased_type":["Card","Relic","Potion"],"build_version":"2020-12-22","purchased_purges":2,"victory":false,"max_hp_per_floor":[75,68,68,68,68,68,68,68,68,68,68,68,68,68,68,68,68,68,73,73,73,73,73,73,73,73,73,73,73,73,73,73,73,73],"relic_stats":{"counters":[17,68],"Golden Idol":95,"Shuriken":[9],"Snecko Eye":[120,114,130,113],"Eternal Feather":33,"Orichalcum":[12],"obtain_stats":[{"Lantern":24,"Golden Idol":2,"Shuriken":13,"Snecko Eye":0,"Oddly Smooth Stone":29,"Eternal Feather":26,"Mark of Pain":17,"Membership Card":22,"Orichalcum":31,"Burning Blood":0,"Red Skull":6,"White Beast Statue":9},{"Lantern":13,"Golden Idol":1,"Shuriken":7,"Snecko Eye":0,"Oddly Smooth Stone":15,"Eternal Feather":13,"Mark of Pain":9,"Membership Card":12,"Orichalcum":16,"Burning Blood":0,"Red Skull":5,"White Beast Statue":6},{"Lantern":49,"Golden Idol":2,"Shuriken":24,"Snecko Eye":0,"Oddly Smooth Stone":57,"Eternal Feather":49,"Mark of Pain":32,"Membership Card":45,"Orichalcum":61,"Burning Blood":0,"Red Skull":18,"White Beast Statue":21}]},"card_choices":[{"not_picked":["Searing Blow","Havoc"],"picked":"Dark Embrace","floor":1.0},{"not_picked":["Shrug It Off","Burning Pact"],"picked":"Hemokinesis","floor":3.0},{"not_picked":["Body Slam","Sword Boomerang"],"picked":"Flame Barrier","floor":4.0},{"not_picked":["Headbutt","Clash","Cleave"],"picked":"SKIP","floor":5.0},{"not_picked":["Havoc","Clash","Wild Strike"],"picked":"SKIP","floor":6.0},{"not_picked":["Wild Strike","Body Slam"],"picked":"Battle Trance","floor":8.0},{"not_picked":["Disarm","Anger"],"picked":"Carnage","floor":13.0},{"not_picked":["Sword Boomerang","Wild Strike"],"picked":"Brutality","floor":14.0},{"not_picked":["Barricade","Exhume"],"picked":"Demon Form","floor":16.0},{"not_picked":["Pommel Strike","Clash"],"picked":"Inflame","floor":18},{"not_picked":["Bloodletting","Blood for Blood"],"picked":"Spot Weakness","floor":19},{"not_picked":["Dark Embrace","Battle Trance","True Grit"],"picked":"SKIP","floor":21},{"not_picked":["Wild Strike","Combust","Carnage"],"picked":"SKIP","floor":24},{"not_picked":["Double Tap","Warcry"],"picked":"Clothesline","floor":28},{"not_picked":["Clash","Metallicize"],"picked":"Shrug It Off","floor":29},{"not_picked":["Headbutt","Berserk"],"picked":"Evolve","floor":31}],"player_experience":1146252,"relics_obtained":[{"floor":6.0,"key":"Red Skull"},{"floor":9.0,"key":"White Beast Statue"},{"floor":13.0,"key":"Shuriken"},{"floor":24,"key":"Lantern"},{"floor":26,"key":"Eternal Feather"},{"floor":29,"key":"Oddly Smooth Stone"},{"floor":31,"key":"Orichalcum"}],"event_choices":[{"damage_healed":0.0,"max_hp_gain":0.0,"max_hp_loss":7.0,"gold_gain":0.0,"event_name":"Golden Idol","player_choice":"Lose Max HP","floor":2.0,"gold_loss":0.0,"damage_taken":0.0,"relics_obtained":["Golden Idol"]},{"damage_healed":0.0,"max_hp_gain":0.0,"max_hp_loss":0.0,"gold_gain":75.0,"event_name":"World of Goop","player_choice":"Gather Gold","floor":11.0,"gold_loss":0.0,"damage_taken":11.0},{"cards_removed":["Strike_R"],"damage_healed":0,"gold_gain":0,"player_choice":"Gave Gold","damage_taken":0,"max_hp_gain":0,"max_hp_loss":0,"event_name":"Beggar","floor":20,"gold_loss":75}],"is_beta":false,"boss_relics":[{"not_picked":["Pandora\u0027s Box","Calling Bell"],"picked":"Mark of Pain"}],"items_purged_floors":[7,22],"is_endless":false,"potions_floor_spawned":[1,5,13,14,16,18,19,21,24,28,29,31],"killed_by":"Champ","ascension_level":20}}