{"host":"raaimkojny05jekw","time":1613410168,"event":{"mods":["AchievementEnabler","BaseMod","Colored Map","Colored Powertips","DeckTracker","Minty Spire (QoL Compilation)","Quick Restart","Rare Cards Sparkle","everything is the same but u backflip on backflip"],"gold_per_floor":[16,36,111,111,123,123,154,154,154,154,173,16,16,35,35,138,138,156,168,168,19,35,66,66,66,89,119,131,143,169,11,11,11,11],"floor_reached":33,"language":"KOR","playtime":1115,"items_purged":["Strike_R"],"score":358,"play_id":"a8f1c50d-68a2-44ec-b3af-359e43670b08","local_time":"20210216022928","is_ascension_mode":true,"campfire_choices":[{"data":"Hemokinesis","floor":6,"key":"SMITH"},{"data":"Corruption","floor":8,"key":"SMITH"},{"data":"Clash","floor":10,"key":"SMITH"},{"data":"Battle Trance","floor":13,"key":"SMITH"},{"data":"Rupture","floor":15,"key":"SMITH"},{"data":"Exhume","floor":24,"key":"SMITH"},{"data":"Rupture","floor":28,"key":"SMITH"},{"data":"Apotheosis","floor":32,"key":"SMITH"}],"circlet_count":0,"master_deck":["Strike_R","Strike_R","Strike_R","Defend_R","Defend_R","Defend_R","Bash+1","Burning Pact","Thunderclap","Clash+1","Clash","Hemokinesis+1","Corruption+1","Rupture+1","Flame Barrier","Rupture+1","Reaper","Battle Trance+1","Battle Trance","Disarm","Double Tap","Shrug It Off","Flame Barrier","Feel No Pain","Warcry+1","Exhume+1","Sword Boomerang","Apotheosis+1"],"relics":["Burning Blood","TungstenRod","WingedGreaves","Orrery","Sozu","Paper Frog","Shuriken","MawBank","Meat on the Bone"],"acts_visited":["Exordium","TheCity"],"potions_floor_usage":[23],"damage_taken":[{"damage":3,"enemies":"Small Slimes","floor":1,"turns":3},{"damage":9,"enemies":"2 Louse","floor":2,"turns":4},{"damage":0,"enemies":"Cultist","floor":5,"turns":3},{"damage":15,"enemies":"Gremlin Nob","floor":7,"turns":3},{"damage":0,"enemies":"2 Fungi Beasts","floor":11,"turns":1},{"damage":11,"enemies":"Red Slaver","floor":14,"turns":4},{"damage":25,"enemies":"Hexaghost","floor":16,"turns":7},{"damage":29,"enemies":"2 Thieves","floor":18,"turns":5},{"damage":11,"enemies":"Spheric Guardian","floor":19,"turns":4},{"damage":13,"enemies":"3 Cultists","floor":22,"turns":5},{"damage":13,"enemies":"Book of Stabbing","floor":23,"turns":5},{"damage":8,"enemies":"Snecko","floor":27,"turns":4},{"damage":23,"enemies":"Chosen and Byrds","floor":30,"turns":7},{"damage":75,"enemies":"Automaton","floor":33,"turns":6}],"seed_played":"-8014306353151634674","potions_obtained":[{"floor":1,"key":"Ancient Potion"},{"floor":11,"key":"Ancient Potion"}],"is_trial":false,"path_per_floor":["M","M","?","?","M","R","E","R","T","R","M","$","R","M","R","B",null,"M","M","?","$","M","E","R","T","T","M","R","?","M","$","R","B"],"character_chosen":"IRONCLAD","items_purchased":["Orrery","Feel No Pain","Apotheosis"],"campfire_rested":0,"item_purchase_floors":[12,21,31],"current_hp_per_floor":[75,72,61,61,67,67,58,58,58,58,64,64,64,59,59,40,70,50,45,45,45,53,55,55,55,55,53,53,53,48,48,48,0,0],"gold":11,"neow_bonus":"TRANSFORM_TWO_CARDS","is_daily":false,"chose_seed":false,"campfire_upgraded":8,"win_rate":0.0,"timestamp":1613410168,"path_taken":["M","M","?","?","M","R","E","R","T","R","?","$","R","M","R","BOSS","M","M","?","$","?","E","R","?","T","M","R","?","M","?","R","BOSS"],"items_purchased_type":["Relic","Card","Card"],"build_version":"2020-12-22","purchased_purges":1,"victory":false,"max_hp_per_floor":[80,80,80,80,80,80,80,80,80,80,80,80,80,80,80,80,80,80,80,80,80,80,80,80,80,80,80,80,80,80,80,80,80,80],"card_choices":[{"not_picked":["Intimidate","Clothesline"],"picked":"Clash","floor":1},{"not_picked":["Wild Strike","Entrench"],"picked":"Clash","floor":2},{"not_picked":["Pommel Strike","Dual Wield"],"picked":"Hemokinesis","floor":5},{"not_picked":["Dropkick","Warcry"],"picked":"Corruption","floor":7},{"not_picked":["Anger","Power Through"],"picked":"Rupture","floor":11},{"not_picked":["Headbutt","Flex"],"picked":"Flame Barrier","floor":12},{"not_picked":["Searing Blow","Intimidate"],"picked":"Rupture","floor":12},{"not_picked":["Hemokinesis","Havoc"],"picked":"Reaper","floor":12},{"not_picked":["Pommel Strike","Entrench"],"picked":"Battle Trance","floor":12},{"not_picked":["True Grit","Clash"],"picked":"Battle Trance","floor":12},{"not_picked":["Pommel Strike","Body Slam"],"picked":"Disarm","floor":14},{"not_picked":["Immolate","Berserk"],"picked":"Double Tap","floor":16},{"not_picked":["Anger+1","Havoc"],"picked":"Shrug It Off","floor":18},{"not_picked":["Clash","Rampage"],"picked":"Flame Barrier","floor":19},{"not_picked":["Iron Wave+1","Anger"],"picked":"Warcry+1","floor":22},{"not_picked":["Metallicize","Clothesline"],"picked":"Exhume","floor":23},{"not_picked":["Rupture","Cleave","True Grit"],"picked":"SKIP","floor":27},{"not_picked":["Havoc","Anger+1"],"picked":"Sword Boomerang","floor":30}],"player_experience":750513,"relics_obtained":[{"floor":7,"key":"TungstenRod"},{"floor":9,"key":"WingedGreaves"},{"floor":23,"key":"Paper Frog"},{"floor":25,"key":"Shuriken"},{"floor":26,"key":"MawBank"}],"event_choices":[{"damage_healed":0,"gold_gain":75,"player_choice":"Gather Gold","damage_taken":11,"max_hp_gain":0,"max_hp_loss":0,"event_name":"World of Goop","floor":3,"gold_loss":0},{"damage_healed":0,"gold_gain":0,"player_choice":"Upgraded","damage_taken":0,"max_hp_gain":0,"max_hp_loss":0,"event_name":"Upgrade Shrine","floor":4,"gold_loss":0,"cards_upgraded":["Bash"]},{"damage_healed":0,"gold_gain":0,"player_choice":"Bought 0 Potions","damage_taken":0,"max_hp_gain":0,"max_hp_loss":0,"event_name":"The Woman in Blue","floor":20,"gold_loss":0},{"damage_healed":0,"gold_gain":0,"player_choice":"Opened","damage_taken":0,"relics_obtained":["Meat on the Bone"],"max_hp_gain":0,"max_hp_loss":0,"event_name":"The Mausoleum","floor":29,"gold_loss":0}],"is_beta":false,"boss_relics":[{"not_picked":["SacredBark","Cursed Key"],"picked":"Sozu"}],"items_purged_floors":[21],"is_endless":false,"potions_floor_spawned":[1,11,18,23],"killed_by":"Automaton","ascension_level":7}}