{"host":"wmrrle71ao22fxdw","time":1613387842,"event":{"mods":["BaseMod","Colored Map","Minty Spire (QoL Compilation)"],"gold_per_floor":[99,99,99,99,99,99,99,99,99,99,69,69,69,69,69,69,69,69,69,69,69,69,69,69,69,69,69,69,69,69,69,69,69,69,69,69,69,69,69,69,69,69,69,69,69,69,69,69,69,69],"floor_reached":51,"language":"ENG","playtime":2228,"items_purged":[],"score":844,"play_id":"29d4ae31-5b4c-44fd-96f9-6a79b0c1ae60","local_time":"20210215121722","is_ascension_mode":false,"campfire_choices":[{"floor":7,"key":"REST"},{"data":"Consecrate","floor":12,"key":"SMITH"},{"data":"Omniscience","floor":15,"key":"SMITH"},{"data":"Blasphemy","floor":24,"key":"SMITH"},{"floor":30,"key":"REST"},{"data":"Fasting2","floor":32,"key":"SMITH"},{"floor":42,"key":"REST"},{"floor":44,"key":"REST"},{"data":"Devotion","floor":49,"key":"SMITH"}],"circlet_count":0,"master_deck":["Strike_P","Strike_P+1","Strike_P","Defend_P","Defend_P","Defend_P","Defend_P","Eruption+1","Vigilance","EmptyFist","FlurryOfBlows","Protect","TalkToTheHand","Omniscience+1","Fasting2+1","ThirdEye","Consecrate+1","ThirdEye","FearNoEvil","Blasphemy+1","FollowUp+1","Vengeance","Necronomicurse","Consecrate+1","EmptyBody+1","Shame","JustLucky+1","Pain","JustLucky+1","Devotion+1","CurseOfTheBell","WheelKick+1","Tantrum+1","Clumsy","Writhe","Weave","TalkToTheHand+1"],"relics":["Ectoplasm","Golden Idol","Whetstone","Art of War","Matryoshka","Odd Mushroom","Cursed Key","Necronomicon","Du-Vu Doll","Ornamental Fan","Anchor","Happy Flower","Pantograph","Calling Bell","MealTicket","Meat on the Bone","StoneCalendar","Sundial","Damaru"],"acts_visited":["Exordium","TheCity","TheBeyond"],"potions_floor_usage":[10,23,29,41,41,50],"damage_taken":[{"damage":3,"enemies":"Jaw Worm","floor":1,"turns":2},{"damage":0,"enemies":"2 Louse","floor":2,"turns":2},{"damage":0,"enemies":"Cultist","floor":3,"turns":2},{"damage":0,"enemies":"2 Fungi Beasts","floor":5,"turns":2},{"damage":22,"enemies":"Gremlin Nob","floor":6,"turns":3},{"damage":10,"enemies":"3 Sentries","floor":8,"turns":8},{"damage":0,"enemies":"Blue Slaver","floor":10,"turns":2},{"damage":0,"enemies":"Looter","floor":11,"turns":3},{"damage":0,"enemies":"Lots of Slimes","floor":13,"turns":4},{"damage":0,"enemies":"The Mushroom Lair","floor":14,"turns":5},{"damage":17,"enemies":"The Guardian","floor":16,"turns":6},{"damage":0,"enemies":"Chosen","floor":18,"turns":3},{"damage":9,"enemies":"3 Byrds","floor":19,"turns":5},{"damage":5,"enemies":"Centurion and Healer","floor":20,"turns":5},{"damage":18,"enemies":"Snake Plant","floor":22,"turns":4},{"damage":27,"enemies":"Slavers","floor":23,"turns":4},{"damage":0,"enemies":"3 Cultists","floor":25,"turns":2},{"damage":0,"enemies":"Sentry and Sphere","floor":27,"turns":3},{"damage":4,"enemies":"Cultist and Chosen","floor":29,"turns":4},{"damage":15,"enemies":"Collector","floor":33,"turns":5},{"damage":2,"enemies":"Orb Walker","floor":35,"turns":3},{"damage":5,"enemies":"3 Shapes","floor":36,"turns":2},{"damage":0,"enemies":"Sphere and 2 Shapes","floor":37,"turns":3},{"damage":20,"enemies":"Writhing Mass","floor":38,"turns":4},{"damage":0,"enemies":"Spire Growth","floor":39,"turns":2},{"damage":3,"enemies":"Maw","floor":40,"turns":3},{"damage":36,"enemies":"Reptomancer","floor":41,"turns":3},{"damage":3,"enemies":"Transient","floor":47,"turns":5},{"damage":25,"enemies":"Sphere and 2 Shapes","floor":48,"turns":4},{"damage":51,"enemies":"Time Eater","floor":50,"turns":6}],"seed_played":"-928384150189785608","potions_obtained":[{"floor":5,"key":"DuplicationPotion"},{"floor":6,"key":"Energy Potion"},{"floor":8,"key":"ColorlessPotion"},{"floor":10,"key":"FairyPotion"},{"floor":25,"key":"SteroidPotion"},{"floor":27,"key":"AttackPotion"},{"floor":29,"key":"DuplicationPotion"},{"floor":38,"key":"LiquidMemories"},{"floor":47,"key":"Energy Potion"}],"is_trial":false,"path_per_floor":["M","M","M","?","M","E","R","E","T","M","M","R","M","?","R","B",null,"M","M","M","?","M","E","R","M","T","M","T","M","R","$","R","B",null,"M","M","M","M","M","M","E","R","T","R","?","?","M","M","R","B",null],"character_chosen":"WATCHER","items_purchased":[],"campfire_rested":4,"item_purchase_floors":[],"current_hp_per_floor":[69,69,69,51,51,29,50,40,40,40,40,40,40,40,40,23,72,72,63,58,42,24,21,21,21,21,21,21,17,38,38,38,48,72,70,65,65,45,45,42,18,39,39,60,72,72,69,44,44,30],"gold":69,"neow_bonus":"BOSS_RELIC","is_daily":false,"chose_seed":false,"campfire_upgraded":5,"win_rate":0.0,"timestamp":1613387842,"path_taken":["M","M","M","?","M","E","R","E","T","M","M","R","M","?","R","BOSS","M","M","M","?","M","E","R","M","T","M","?","M","R","$","R","BOSS","M","M","M","M","M","M","E","R","T","R","?","?","?","M","R","BOSS"],"items_purchased_type":[],"build_version":"2020-12-22","purchased_purges":0,"victory":true,"max_hp_per_floor":[72,72,72,72,72,72,72,72,72,72,72,72,72,72,72,72,72,72,72,72,72,72,72,72,72,72,72,72,72,72,72,72,72,72,72,72,72,72,72,72,72,72,72,72,72,72,72,72,72,72],"card_choices":[{"not_picked":["Halt","BowlingBash"],"picked":"EmptyFist","floor":1},{"not_picked":["BowlingBash","Evaluate"],"picked":"FlurryOfBlows","floor":2},{"not_picked":["Nirvana","FearNoEvil"],"picked":"Protect","floor":3},{"not_picked":["WaveOfTheHand","ThirdEye"],"picked":"TalkToTheHand","floor":5},{"not_picked":["Perseverance","JustLucky"],"picked":"Omniscience","floor":6},{"not_picked":["MentalFortress","JustLucky"],"picked":"Fasting2","floor":8},{"not_picked":["CrushJoints","FlyingSleeves"],"picked":"ThirdEye","floor":10},{"not_picked":["Crescendo","Prostrate"],"picked":"Consecrate","floor":11},{"not_picked":["Indignation","Conclude"],"picked":"ThirdEye","floor":13},{"not_picked":["BattleHymn","FlyingSleeves"],"picked":"FearNoEvil","floor":14},{"not_picked":["MasterReality","Establishment"],"picked":"Blasphemy","floor":16},{"not_picked":["Meditate","Prostrate+1","FollowUp"],"picked":"SKIP","floor":18},{"not_picked":["CrushJoints+1","ReachHeaven"],"picked":"FollowUp+1","floor":19},{"not_picked":["Collect+1","Prostrate"],"picked":"Vengeance","floor":20},{"not_picked":["DeceiveReality","FlurryOfBlows","SignatureMove"],"picked":"SKIP","floor":22},{"not_picked":["BowlingBash","Devotion"],"picked":"Consecrate+1","floor":23},{"not_picked":["Consecrate","Prostrate+1"],"picked":"EmptyBody+1","floor":25},{"not_picked":["PathToVictory","SashWhip"],"picked":"JustLucky+1","floor":27},{"not_picked":["FollowUp","CrushJoints"],"picked":"JustLucky+1","floor":29},{"not_picked":["ConjureBlade","Blasphemy"],"picked":"Devotion","floor":33},{"not_picked":["Protect","Indignation+1","FlurryOfBlows"],"picked":"SKIP","floor":35},{"not_picked":["CrushJoints+1","ThirdEye","Swivel+1"],"picked":"SKIP","floor":36},{"not_picked":["WreathOfFlame","BowlingBash","Collect"],"picked":"SKIP","floor":37},{"not_picked":["EmptyBody","Consecrate"],"picked":"WheelKick+1","floor":38},{"not_picked":["Blasphemy","SashWhip+1"],"picked":"Tantrum+1","floor":39},{"not_picked":["ThirdEye","SandsOfTime","CrushJoints+1"],"picked":"SKIP","floor":40},{"not_picked":["Ragnarok","Conclude","Consecrate"],"picked":"SKIP","floor":41},{"not_picked":["BowlingBash+1","JustLucky"],"picked":"TalkToTheHand+1","floor":47},{"not_picked":["Crescendo+1","LikeWater","ForeignInfluence"],"picked":"SKIP","floor":48}],"player_experience":96439,"relics_obtained":[{"floor":6,"key":"Whetstone"},{"floor":8,"key":"Art of War"},{"floor":9,"key":"Matryoshka"},{"floor":14,"key":"Odd Mushroom"},{"floor":21,"key":"Necronomicon"},{"floor":23,"key":"Du-Vu Doll"},{"floor":26,"key":"Ornamental Fan"},{"floor":26,"key":"Anchor"},{"floor":28,"key":"Happy Flower"},{"floor":28,"key":"Pantograph"},{"floor":34,"key":"MealTicket"},{"floor":34,"key":"Meat on the Bone"},{"floor":34,"key":"StoneCalendar"},{"floor":41,"key":"Sundial"},{"floor":43,"key":"Damaru"}],"event_choices":[{"damage_healed":0,"gold_gain":0,"player_choice":"Take Damage","damage_taken":18,"relics_obtained":["Golden Idol"],"max_hp_gain":0,"max_hp_loss":0,"event_name":"Golden Idol","floor":4,"gold_loss":0},{"damage_healed":0,"gold_gain":0,"player_choice":"Fought Mushrooms","damage_taken":0,"max_hp_gain":0,"max_hp_loss":0,"event_name":"Mushrooms","floor":14,"gold_loss":0},{"damage_healed":0,"gold_gain":0,"player_choice":"Obtained Book","damage_taken":16,"max_hp_gain":0,"max_hp_loss":0,"event_name":"Cursed Tome","floor":21,"gold_loss":0},{"damage_healed":18,"gold_gain":0,"player_choice":"Writhe","damage_taken":0,"max_hp_gain":0,"max_hp_loss":0,"event_name":"Winding Halls","floor":45,"gold_loss":0,"cards_obtained":["Writhe"]},{"damage_healed":0,"gold_gain":0,"cards_transformed":["Strike_P"],"player_choice":"Transformed","damage_taken":0,"max_hp_gain":0,"max_hp_loss":0,"event_name":"Transmorgrifier","floor":46,"gold_loss":0,"cards_obtained":["Weave"]}],"is_beta":false,"boss_relics":[{"not_picked":["Busted Crown","Pandora\u0027s Box"],"picked":"Cursed Key"},{"not_picked":["SacredBark","Coffee Dripper"],"picked":"Calling Bell"}],"items_purged_floors":[],"is_endless":false,"potions_floor_spawned":[5,6,8,10,11,14,20,25,27,29,36,38,40,47],"ascension_level":0}}