{"host":"TheHustler","time":1613401005,"event":{"mods":["BaseMod","Block Reminder","Colored Map","Colored Powertips","Minty Spire (QoL Compilation)","Quick Restart","StSLib","SuperFastMode","Unceasing Turn Reminder"],"gold_per_floor":[114,114,2,17,32,62,62,62,62,92,104,146,158,185,197,309,321,318,130,145,145,145,175,175,175,200,230,245,195,195,225,225,325,325,340,355,370,385,335,365,365,365,440,440,470,485,485,515,515,515],"floor_reached":51,"language":"ENG","playtime":1463,"items_purged":["Bash","Strike_R","Strike_R","Defend_R"],"score":1009,"play_id":"2b2ae287-1798-4775-a00a-f7760f581ab4","local_time":"20210215155645","daily_mods":["Heirloom","Flight","Night Terrors"],"is_ascension_mode":false,"campfire_choices":[{"data":"Uppercut","floor":7.0,"key":"SMITH"},{"data":"Body Slam","floor":8.0,"key":"SMITH"},{"data":"Pommel Strike","floor":11.0,"key":"SMITH"},{"data":"Barricade","floor":13.0,"key":"SMITH"},{"data":"Flex","floor":15.0,"key":"SMITH"},{"data":"Entrench","floor":24,"key":"SMITH"},{"data":"Offering","floor":30,"key":"SMITH"},{"data":"Juggernaut","floor":32,"key":"SMITH"},{"data":"Offering","floor":41,"key":"SMITH"},{"data":"Shrug It Off","floor":47,"key":"SMITH"},{"data":"Defend_R","floor":49,"key":"SMITH"}],"circlet_count":0,"master_deck":["Strike_R+1","Defend_R+1","Defend_R+1","Defend_R+1","Body Slam+1","Uppercut+1","Shrug It Off+1","Flex+1","Pommel Strike+1","Barricade+1","Shrug It Off+1","Juggernaut+1","Entrench+1","Entrench+1","Offering+1","Offering+1","Metallicize+1","Madness","Madness"],"relics":["Black Blood","Torii","Anchor","Orichalcum","MawBank","Letter Opener","Empty Cage","Lantern","Smiling Mask","War Paint","Self Forming Clay","Juzu Bracelet","The Courier","White Beast Statue","Unceasing Top"],"acts_visited":["Exordium","TheCity","TheBeyond"],"potions_floor_usage":[23,23,23,23,23,50,50],"damage_taken":[{"damage":7.0,"enemies":"2 Louse","floor":1.0,"turns":3.0},{"damage":1.0,"enemies":"Jaw Worm","floor":4.0,"turns":3.0},{"damage":0.0,"enemies":"Cultist","floor":5.0,"turns":3.0},{"damage":30.0,"enemies":"Lagavulin","floor":6.0,"turns":6.0},{"damage":4.0,"enemies":"3 Sentries","floor":10.0,"turns":9.0},{"damage":7.0,"enemies":"Lagavulin","floor":12.0,"turns":6.0},{"damage":1.0,"enemies":"Gremlin Gang","floor":14.0,"turns":7.0},{"damage":5.0,"enemies":"Hexaghost","floor":16.0,"turns":10.0},{"damage":12.0,"enemies":"2 Thieves","floor":18.0,"turns":4.0},{"damage":0.0,"enemies":"Spheric Guardian","floor":20.0,"turns":5.0},{"damage":0,"enemies":"Book of Stabbing","floor":23,"turns":4},{"damage":21,"enemies":"Slavers","floor":27,"turns":6},{"damage":6,"enemies":"Cultist and Chosen","floor":28,"turns":6},{"damage":6,"enemies":"Book of Stabbing","floor":31,"turns":3},{"damage":8,"enemies":"Champ","floor":33,"turns":10},{"damage":6,"enemies":"Orb Walker","floor":35,"turns":4},{"damage":12,"enemies":"3 Shapes","floor":36,"turns":4},{"damage":12,"enemies":"Sphere and 2 Shapes","floor":37,"turns":4},{"damage":13,"enemies":"3 Darklings","floor":38,"turns":6},{"damage":12,"enemies":"Nemesis","floor":40,"turns":7},{"damage":12,"enemies":"Reptomancer","floor":45,"turns":3},{"damage":12,"enemies":"Spire Growth","floor":46,"turns":3},{"damage":12,"enemies":"Nemesis","floor":48,"turns":3},{"damage":12,"enemies":"Time Eater","floor":50,"turns":6}],"seed_played":"5535013652570512859","potions_obtained":[{"floor":1.0,"key":"SpeedPotion"},{"floor":5.0,"key":"Regen Potion"},{"floor":10.0,"key":"HeartOfIron"},{"floor":14.0,"key":"EntropicBrew"},{"floor":33,"key":"SteroidPotion"},{"floor":36,"key":"EssenceOfSteel"},{"floor":40,"key":"EssenceOfSteel"}],"is_trial":false,"path_per_floor":["M","?","$","M","M","E","R","R","T","E","R","E","R","M","R","B",null,"M","$","M","?","?","E","R","?","T","E","M","$","R","E","R","B",null,"M","M","M","M","$","E","R","?","T","?","E","M","R","E","R","B",null],"character_chosen":"IRONCLAD","items_purchased":["Uppercut","Fruit Juice"],"campfire_rested":0,"item_purchase_floors":[3,19],"current_hp_per_floor":[79,63,63,68,74,64,64,64,64,66,66,65,65,70,70,71,80,74,79,85,69,90,90,90,90,90,75,75,75,75,75,75,73,90,90,90,90,89,89,89,89,89,89,78,78,78,78,78,78,78],"gold":515,"neow_bonus":"","is_daily":true,"chose_seed":false,"campfire_upgraded":11,"win_rate":0.0,"timestamp":1613401005,"path_taken":["M","?","$","M","M","E","R","R","T","E","R","E","R","M","R","BOSS","M","$","M","?","?","E","R","?","T","E","?","$","R","E","R","BOSS","M","?","M","M","$","E","R","?","T","?","E","M","R","E","R","BOSS"],"items_purchased_type":["Card","Potion"],"build_version":"2020-12-18","purchased_purges":4,"victory":true,"max_hp_per_floor":[80,80,80,80,80,80,80,80,80,80,80,80,80,80,80,80,80,80,85,85,90,90,90,90,90,90,90,90,90,90,90,90,90,90,90,90,90,90,90,90,90,90,90,90,90,90,90,90,90,90],"card_choices":[{"not_picked":["Dark Embrace","Combust"],"picked":"Body Slam","floor":1.0},{"not_picked":["Sword Boomerang","Heavy Blade"],"picked":"Shrug It Off","floor":4.0},{"not_picked":["Anger","Wild Strike"],"picked":"Flex","floor":5.0},{"not_picked":["Clash","Sentinel"],"picked":"Pommel Strike","floor":6.0},{"not_picked":["Armaments","True Grit","Dark Embrace"],"picked":"SKIP","floor":10.0},{"not_picked":["Iron Wave","Thunderclap"],"picked":"Barricade","floor":12.0},{"not_picked":["Cleave","Warcry"],"picked":"Shrug It Off","floor":14.0},{"not_picked":["Exhume","Offering"],"picked":"Juggernaut","floor":16.0},{"not_picked":["Sword Boomerang","Blood for Blood+1","Warcry"],"picked":"SKIP","floor":18.0},{"not_picked":["Reckless Charge","Body Slam"],"picked":"Entrench","floor":20.0},{"not_picked":["Dark Embrace","Headbutt+1"],"picked":"Iron Wave","floor":23},{"not_picked":["Body Slam","Headbutt"],"picked":"Offering","floor":27},{"not_picked":["Burning Pact+1","Shockwave","Clash"],"picked":"SKIP","floor":28},{"not_picked":["Iron Wave","Combust","Sentinel"],"picked":"SKIP","floor":31},{"not_picked":["Demon Form","Feed"],"picked":"Offering","floor":33},{"not_picked":["Heavy Blade+1","Havoc+1"],"picked":"Metallicize+1","floor":35},{"not_picked":["Havoc+1","True Grit","Headbutt"],"picked":"SKIP","floor":36},{"not_picked":["True Grit","Rampage+1","Burning Pact+1"],"picked":"SKIP","floor":37},{"not_picked":["Flame Barrier+1","Warcry+1","Havoc+1"],"picked":"SKIP","floor":38},{"not_picked":["Havoc+1","Rage","Sword Boomerang+1"],"picked":"SKIP","floor":40},{"not_picked":["Body Slam+1","Cleave+1","Shrug It Off+1"],"picked":"SKIP","floor":45},{"not_picked":["Wild Strike","Second Wind+1","Seeing Red+1"],"picked":"SKIP","floor":46},{"not_picked":["Hemokinesis","Warcry","Armaments"],"picked":"SKIP","floor":48}],"player_experience":678544,"relics_obtained":[{"floor":6.0,"key":"Anchor"},{"floor":9.0,"key":"Orichalcum"},{"floor":10.0,"key":"MawBank"},{"floor":12.0,"key":"Letter Opener"},{"floor":23,"key":"Lantern"},{"floor":26,"key":"Smiling Mask"},{"floor":27,"key":"War Paint"},{"floor":31,"key":"Self Forming Clay"},{"floor":40,"key":"Juzu Bracelet"},{"floor":43,"key":"The Courier"},{"floor":45,"key":"White Beast Statue"},{"floor":48,"key":"Unceasing Top"}],"event_choices":[{"damage_healed":0.0,"max_hp_gain":0.0,"max_hp_loss":0.0,"gold_gain":0.0,"event_name":"Shining Light","player_choice":"Entered Light","floor":2.0,"gold_loss":0.0,"damage_taken":16.0,"cards_upgraded":["Strike_R","Defend_R"]},{"damage_healed":0.0,"max_hp_gain":5.0,"max_hp_loss":0.0,"gold_gain":0.0,"event_name":"Forgotten Altar","player_choice":"Shed Blood","floor":21.0,"gold_loss":0.0,"damage_taken":21.0},{"damage_healed":30.0,"max_hp_gain":0.0,"max_hp_loss":0.0,"gold_gain":0.0,"event_name":"The Library","player_choice":"Heal","floor":22.0,"gold_loss":0.0,"damage_taken":0.0},{"damage_healed":0,"gold_gain":0,"player_choice":"Copied","damage_taken":0,"max_hp_gain":0,"max_hp_loss":0,"event_name":"Duplicator","floor":25,"gold_loss":0,"cards_obtained":["Entrench"]},{"cards_removed":["Iron Wave"],"damage_healed":0,"gold_gain":0,"player_choice":"Removed Attack","damage_taken":0,"max_hp_gain":0,"max_hp_loss":0,"event_name":"Falling","floor":42,"gold_loss":0},{"damage_healed":0,"gold_gain":0,"player_choice":"Embrace Madness","damage_taken":11,"max_hp_gain":0,"max_hp_loss":0,"event_name":"Winding Halls","floor":44,"gold_loss":0,"cards_obtained":["Madness","Madness"]}],"is_beta":true,"boss_relics":[{"not_picked":["Snecko Eye","Coffee Dripper"],"picked":"Empty Cage"},{"not_picked":["Runic Cube","Velvet Choker"],"picked":"Black Blood"}],"items_purged_floors":[3,19,29,39],"is_endless":false,"potions_floor_spawned":[1,5,10,14,18,33,36,40,46,48],"ascension_level":0}}