{"host":"yy1cu9q9bsxhflzi","time":1613412995,"event":{"mods":["BaseMod","DeckTracker","Minty Spire (QoL Compilation)","Quick Restart","StSLib","SuperFastMode","everything is the same but u backflip on backflip"],"gold_per_floor":[115,125,140,15,29,29,56,56,56,87,87,105,115,166,166,166,166],"floor_reached":16,"language":"KOR","playtime":289,"items_purged":["Defend_G"],"score":207,"play_id":"dc5b8608-68ea-44ff-9c74-3df1bbbb2ea1","local_time":"20210216031635","is_ascension_mode":true,"campfire_choices":[{"data":"Dagger Spray","floor":6.0,"key":"SMITH"},{"data":"Phantasmal Killer","floor":8,"key":"SMITH"},{"floor":11,"key":"REST"},{"data":"Infinite Blades","floor":15,"key":"SMITH"}],"circlet_count":0,"master_deck":["AscendersBane","Strike_G","Strike_G","Strike_G","Strike_G","Defend_G","Defend_G","Defend_G","Defend_G","Survivor","Neutralize","Backstab","Underhanded Strike","Backflip","Dagger Spray+1","Quick Slash","Phantasmal Killer+1","Prepared","Escape Plan","Infinite Blades+1"],"relics":["Ring of the Snake","Oddly Smooth Stone","Ornamental Fan","Matryoshka"],"acts_visited":["Exordium"],"potions_floor_usage":[7,16],"damage_taken":[{"damage":11.0,"enemies":"Cultist","floor":1.0,"turns":6.0},{"damage":0.0,"enemies":"Jaw Worm","floor":2.0,"turns":5.0},{"damage":2.0,"enemies":"2 Louse","floor":3.0,"turns":2.0},{"damage":0.0,"enemies":"Lots of Slimes","floor":5.0,"turns":2.0},{"damage":20,"enemies":"Lagavulin","floor":7,"turns":6},{"damage":18,"enemies":"3 Sentries","floor":10,"turns":5},{"damage":0,"enemies":"3 Louse","floor":12,"turns":2},{"damage":5,"enemies":"Gremlin Gang","floor":13,"turns":3},{"damage":22,"enemies":"The Guardian","floor":16,"turns":9}],"seed_played":"1930142356714190976","potions_obtained":[{"floor":2.0,"key":"ColorlessPotion"},{"floor":10,"key":"Weak Potion"}],"is_trial":false,"path_per_floor":["M","M","M","$","M","R","E","R","T","E","R","M","M","?","R","B"],"character_chosen":"THE_SILENT","items_purchased":["Dagger Spray"],"campfire_rested":1,"item_purchase_floors":[4],"current_hp_per_floor":[48,48,46,46,46,46,26,26,26,8,27,27,22,22,22,0,0],"gold":166,"neow_bonus":"TRANSFORM_CARD","is_daily":false,"chose_seed":false,"campfire_upgraded":3,"win_rate":0.0,"timestamp":1613412995,"path_taken":["M","M","M","$","?","R","E","R","T","E","R","M","M","?","R","BOSS"],"items_purchased_type":["Card"],"build_version":"2020-12-22","purchased_purges":1,"victory":false,"max_hp_per_floor":[66,66,66,66,66,66,66,66,66,66,66,66,66,66,66,66,66],"card_choices":[{"not_picked":["Outmaneuver","Well Laid Plans"],"picked":"Underhanded Strike","floor":1.0},{"not_picked":["Cloak And Dagger","Endless Agony","Flying Knee"],"picked":"SKIP","floor":2.0},{"not_picked":["PiercingWail","Outmaneuver"],"picked":"Backflip","floor":3.0},{"not_picked":["PiercingWail","Wraith Form v2"],"picked":"Quick Slash","floor":5.0},{"not_picked":["Bane","Blade Dance"],"picked":"Phantasmal Killer","floor":7},{"not_picked":["Underhanded Strike","Predator"],"picked":"Prepared","floor":10},{"not_picked":["Slice","Underhanded Strike"],"picked":"Escape Plan","floor":12},{"not_picked":["Deadly Poison","Sucker Punch"],"picked":"Infinite Blades","floor":13}],"player_experience":3913581,"relics_obtained":[{"floor":7,"key":"Oddly Smooth Stone"},{"floor":9,"key":"Ornamental Fan"},{"floor":10,"key":"Matryoshka"}],"event_choices":[{"damage_healed":0,"gold_gain":51,"player_choice":"Gained Gold","damage_taken":0,"max_hp_gain":0,"max_hp_loss":0,"event_name":"Golden Wing","floor":14,"gold_loss":0}],"is_beta":false,"boss_relics":[],"items_purged_floors":[4],"is_endless":false,"potions_floor_spawned":[2,10],"killed_by":"The Guardian","ascension_level":17}}