{"host":"rw1trt79hfpl7pom","time":1613388161,"event":{"mods":["BaseMod","Bestiary","Colored Map","Jorbs\u0027s Wanderer Trilogy","Minty Spire (QoL Compilation)","Relic Stats","StSLib","SuperFastMode"],"gold_per_floor":[366,366,366,66,66,101,101,1,71,99,113,128,142,191,191,311,311,334,249,56,69,69,69,94,133,207,234,333,422,460,183,183,304,304,317,376,598,598,619,662,682,682,682,682,71,71,109,135,135,135],"floor_reached":51,"language":"ENG","playtime":5086,"items_purged":["stsjorbsmod:Strike_Wanderer","stsjorbsmod:Defend_Wanderer","stsjorbsmod:Defend_Wanderer","stsjorbsmod:Strike_Wanderer"],"score":986,"play_id":"6cd30b96-9e0b-4e5b-86e8-91f2cbc84fec","local_time":"20210215032241","is_ascension_mode":true,"campfire_choices":[{"data":"stsjorbsmod:EyeOfTheStorm","floor":7.0,"key":"SMITH"},{"data":"stsjorbsmod:Introspection","floor":15.0,"key":"SMITH"},{"data":"Apotheosis","floor":23.0,"key":"SMITH"},{"data":"stsjorbsmod:MirrorImage","floor":32.0,"key":"SMITH"},{"data":"stsjorbsmod:IvoryTower","floor":42,"key":"SMITH"},{"data":"stsjorbsmod:MistyStep","floor":44,"key":"SMITH"},{"data":"stsjorbsmod:GatherPower","floor":46,"key":"SMITH"},{"data":"stsjorbsmod:FaerieFire","floor":49,"key":"SMITH"}],"circlet_count":0,"master_deck":["stsjorbsmod:ForbiddenGrimoire+1","stsjorbsmod:Strike_Wanderer+1","stsjorbsmod:Defend_Wanderer","stsjorbsmod:Defend_Wanderer","stsjorbsmod:FreshAdventure","stsjorbsmod:EyeOfTheStorm+1","stsjorbsmod:SchoolsOfMagic","stsjorbsmod:Introspection+1","stsjorbsmod:WanderingMind+1","stsjorbsmod:Message","stsjorbsmod:FaerieFire+1","stsjorbsmod:Prepare+1","stsjorbsmod:ColorSpray+1","stsjorbsmod:DeathThroes","stsjorbsmod:Hibernate+1","Apotheosis+1","stsjorbsmod:SmithingStrike+1","stsjorbsmod:Mania","stsjorbsmod:MirrorImage+1","stsjorbsmod:MistyStep+1","stsjorbsmod:IvoryTower+1","stsjorbsmod:Rest+1","stsjorbsmod:Materialize+1","Finesse","stsjorbsmod:Withdraw","stsjorbsmod:Materialize","stsjorbsmod:GatherPower+1","stsjorbsmod:MagicMissiles+1","stsjorbsmod:FindFamiliar+1"],"relics":["stsjorbsmod:GrimoireRelic","Golden Idol","Centennial Puzzle","Matryoshka","StrikeDummy","Question Card","White Beast Statue","Runic Pyramid","Juzu Bracelet","Mummified Hand","Omamori","Blue Candle","Bag of Marbles","Prayer Wheel","Red Mask","Anchor","SlaversCollar","FossilizedHelix","Singing Bowl","Gambling Chip","Orrery","Eternal Feather"],"acts_visited":["Exordium","TheCity","TheBeyond"],"potions_floor_usage":[48,50],"damage_taken":[{"damage":2.0,"enemies":"Small Slimes","floor":1.0,"turns":3.0},{"damage":20.0,"enemies":"Gremlin Nob","floor":6.0,"turns":5.0},{"damage":4.0,"enemies":"Jaw Worm","floor":10.0,"turns":4.0},{"damage":3.0,"enemies":"Cultist","floor":11.0,"turns":3.0},{"damage":7.0,"enemies":"Exordium Wildlife","floor":12.0,"turns":6.0},{"damage":2.0,"enemies":"3 Louse","floor":13.0,"turns":4.0},{"damage":4.0,"enemies":"Lagavulin","floor":14.0,"turns":7.0},{"damage":25.0,"enemies":"Hexaghost","floor":16.0,"turns":8.0},{"damage":2.0,"enemies":"2 Thieves","floor":18.0,"turns":4.0},{"damage":1.0,"enemies":"3 Byrds","floor":21.0,"turns":2.0},{"damage":4.0,"enemies":"Shelled Parasite and Fungi","floor":24.0,"turns":4.0},{"damage":2.0,"enemies":"Gremlin Leader","floor":25.0,"turns":5.0},{"damage":7.0,"enemies":"Slavers","floor":29.0,"turns":2.0},{"damage":2.0,"enemies":"Masked Bandits","floor":30.0,"turns":3.0},{"damage":10.0,"enemies":"Collector","floor":33.0,"turns":8.0},{"damage":3.0,"enemies":"3 Shapes","floor":35.0,"turns":2.0},{"damage":25.0,"enemies":"2 Orb Walkers","floor":36.0,"turns":5.0},{"damage":0.0,"enemies":"Orb Walker","floor":39.0,"turns":5.0},{"damage":2,"enemies":"Nemesis","floor":40,"turns":5},{"damage":0,"enemies":"Maw","floor":41,"turns":7},{"damage":10,"enemies":"Giant Head","floor":47,"turns":7},{"damage":0,"enemies":"3 Darklings","floor":48,"turns":5},{"damage":0,"enemies":"Time Eater","floor":50,"turns":7}],"seed_played":"-4240277375605694566","potions_obtained":[{"floor":1.0,"key":"Fire Potion"},{"floor":10.0,"key":"DistilledChaos"},{"floor":12.0,"key":"Ancient Potion"},{"floor":16.0,"key":"stsjorbsmod:LiquidVirtue"},{"floor":21.0,"key":"ColorlessPotion"},{"floor":29.0,"key":"Energy Potion"},{"floor":33.0,"key":"stsjorbsmod:LiquidVirtue"},{"floor":36.0,"key":"DistilledChaos"},{"floor":39,"key":"SpeedPotion"},{"floor":48,"key":"Ancient Potion"}],"is_trial":false,"path_per_floor":["M","?","?","$","?","E","R","$","T","M","M","M","M","E","R","B",null,"M","?","$","M","?","R","M","E","T","T","?","E","?","$","R","B",null,"M","?","?","?","M","E","M","R","T","R","$","R","E","M","R","B",null],"character_chosen":"WANDERER","items_purchased":["stsjorbsmod:Introspection","Centennial Puzzle","Apotheosis","Anchor","Gambling Chip","Orrery"],"campfire_rested":0,"item_purchase_floors":[4,4,20,31,45,45],"current_hp_per_floor":[62,58,58,58,51,35,35,35,35,34,33,33,37,42,42,17,62,62,62,62,62,62,62,61,61,61,61,61,54,53,53,53,43,62,61,39,39,39,40,41,41,41,41,41,47,47,41,52,67,76],"gold":135,"neow_bonus":"TWO_FIFTY_GOLD","is_daily":false,"chose_seed":false,"campfire_upgraded":8,"win_rate":0.0,"timestamp":1613388161,"path_taken":["M","?","?","$","?","E","R","?","T","M","M","?","M","E","R","BOSS","M","?","$","M","?","R","M","E","T","?","?","E","?","?","R","BOSS","M","?","?","?","M","E","M","R","T","R","$","R","E","M","R","BOSS"],"items_purchased_type":["Card","Relic","Card","Relic","Relic","Relic"],"build_version":"2020-12-22","purchased_purges":4,"victory":true,"max_hp_per_floor":[62,58,58,58,58,58,58,58,58,58,58,60,60,62,62,62,62,62,62,62,62,62,62,62,62,62,62,62,62,62,62,62,62,62,62,62,62,62,62,62,62,62,62,62,68,68,70,76,76,78],"relic_stats":{"Centennial Puzzle":[51],"Singing Bowl":10,"counters":[25,113],"Golden Idol":193,"Mummified Hand":[11],"Blue Candle":[0],"Gambling Chip":[8],"Prayer Wheel":5,"Eternal Feather":15,"Juzu Bracelet":1,"Question Card":33,"obtain_stats":[{"Singing Bowl":43,"Golden Idol":2,"Blue Candle":26,"stsjorbsmod:GrimoireRelic":0,"Eternal Feather":47,"Juzu Bracelet":19,"Omamori":26,"Question Card":9,"White Beast Statue":14,"SlaversCollar":34,"Centennial Puzzle":4,"Anchor":31,"Matryoshka":6,"Mummified Hand":25,"Gambling Chip":45,"Orrery":45,"Prayer Wheel":29,"Bag of Marbles":27,"Red Mask":30,"StrikeDummy":9,"FossilizedHelix":36,"Runic Pyramid":17},{"Singing Bowl":22,"Golden Idol":1,"Blue Candle":13,"stsjorbsmod:GrimoireRelic":0,"Eternal Feather":23,"Juzu Bracelet":10,"Omamori":13,"Question Card":2,"White Beast Statue":8,"SlaversCollar":16,"Centennial Puzzle":1,"Anchor":15,"Matryoshka":2,"Mummified Hand":13,"Gambling Chip":22,"Orrery":22,"Prayer Wheel":14,"Bag of Marbles":13,"Red Mask":15,"StrikeDummy":2,"FossilizedHelix":18,"Runic Pyramid":9},{"Singing Bowl":94,"Golden Idol":3,"Blue Candle":56,"stsjorbsmod:GrimoireRelic":0,"Eternal Feather":101,"Juzu Bracelet":45,"Omamori":56,"Question Card":8,"White Beast Statue":33,"SlaversCollar":69,"Centennial Puzzle":3,"Anchor":61,"Matryoshka":8,"Mummified Hand":56,"Gambling Chip":94,"Orrery":94,"Prayer Wheel":58,"Bag of Marbles":56,"Red Mask":61,"StrikeDummy":8,"FossilizedHelix":76,"Runic Pyramid":41}]},"card_choices":[{"not_picked":["stsjorbsmod:FracturedMind","stsjorbsmod:BlackTentacles"],"picked":"stsjorbsmod:SchoolsOfMagic","floor":1.0},{"not_picked":["stsjorbsmod:MagicMirror","stsjorbsmod:Channel"],"picked":"stsjorbsmod:WanderingMind","floor":6.0},{"not_picked":["stsjorbsmod:BlackTentacles","stsjorbsmod:ParryingBlow","stsjorbsmod:FracturedMind"],"picked":"stsjorbsmod:Message","floor":10.0},{"not_picked":["stsjorbsmod:WeightOfMemory","stsjorbsmod:MagicMirror","stsjorbsmod:UnseenServant"],"picked":"stsjorbsmod:FaerieFire","floor":11.0},{"not_picked":["stsjorbsmod:SchoolsOfMagic","stsjorbsmod:RayOfFrost","stsjorbsmod:BurningFlask"],"picked":"stsjorbsmod:Prepare","floor":12.0},{"not_picked":["stsjorbsmod:BurningFlask","stsjorbsmod:FranticSearch","stsjorbsmod:RayOfFrost"],"picked":"stsjorbsmod:ColorSpray","floor":13.0},{"not_picked":["stsjorbsmod:ParryingBlow","stsjorbsmod:DoubleCheck","stsjorbsmod:BookOfTongues","stsjorbsmod:FaerieFire"],"picked":"SKIP","floor":14.0},{"not_picked":["stsjorbsmod:ArcaneForm","stsjorbsmod:Pyromancy","stsjorbsmod:PurgeMind"],"picked":"stsjorbsmod:DeathThroes","floor":16.0},{"not_picked":["stsjorbsmod:Prepare","stsjorbsmod:ParryingBlow","stsjorbsmod:WeightOfMemory"],"picked":"stsjorbsmod:Hibernate+1","floor":18.0},{"not_picked":["stsjorbsmod:FlameWard","stsjorbsmod:SchoolsOfMagic","stsjorbsmod:Message"],"picked":"stsjorbsmod:SmithingStrike+1","floor":21.0},{"not_picked":["stsjorbsmod:Index","stsjorbsmod:Introspection","stsjorbsmod:BurningFlask","stsjorbsmod:MagicMirror+1"],"picked":"SKIP","floor":24.0},{"not_picked":["stsjorbsmod:Materialize","stsjorbsmod:FaerieFire","stsjorbsmod:Prepare","stsjorbsmod:SchoolsOfMagic+1"],"picked":"SKIP","floor":25.0},{"not_picked":["stsjorbsmod:ParryingBlow","stsjorbsmod:Rest","stsjorbsmod:Channel+1"],"picked":"stsjorbsmod:MirrorImage","floor":29.0},{"not_picked":["stsjorbsmod:Hibernate","stsjorbsmod:ParryingBlow+1","stsjorbsmod:OldPocket"],"picked":"stsjorbsmod:MistyStep","floor":30.0},{"not_picked":["stsjorbsmod:Entangle","stsjorbsmod:DeathThroes","stsjorbsmod:Trauma"],"picked":"stsjorbsmod:IvoryTower","floor":33.0},{"not_picked":["stsjorbsmod:BurningFlask+1","stsjorbsmod:Hurt+1","stsjorbsmod:Stalwart+1"],"picked":"stsjorbsmod:Rest+1","floor":35.0},{"not_picked":["stsjorbsmod:FlameWard","stsjorbsmod:Prestidigitation+1","stsjorbsmod:Mania+1","stsjorbsmod:ArcaneWeapon+1"],"picked":"SKIP","floor":35.0},{"not_picked":["stsjorbsmod:Message","stsjorbsmod:WanderingMind+1","stsjorbsmod:TrueStrike+1"],"picked":"stsjorbsmod:Materialize+1","floor":36.0},{"not_picked":["Impatience","Mind Blast","Secret Weapon"],"picked":"Finesse","floor":38.0},{"not_picked":["stsjorbsmod:BurningFlask+1","stsjorbsmod:ColorSpray+1","stsjorbsmod:FracturedMind","stsjorbsmod:BookOfTongues"],"picked":"SKIP","floor":39},{"not_picked":["stsjorbsmod:Prepare","stsjorbsmod:TrueStrike+1","stsjorbsmod:FracturedMind","stsjorbsmod:ColorSpray"],"picked":"SKIP","floor":39},{"not_picked":["stsjorbsmod:SmithingStrike+1","stsjorbsmod:WanderingMind+1","stsjorbsmod:BurningFlask+1"],"picked":"stsjorbsmod:Withdraw","floor":40},{"not_picked":["stsjorbsmod:ChainLightning","stsjorbsmod:BurningFlask+1","stsjorbsmod:Hibernate"],"picked":"stsjorbsmod:Materialize","floor":41},{"not_picked":["stsjorbsmod:MistyStep+1","stsjorbsmod:Mindworm+1","stsjorbsmod:RayOfFrost+1","stsjorbsmod:Thorns+1"],"picked":"SKIP","floor":41},{"not_picked":["stsjorbsmod:MistyStep+1","stsjorbsmod:Mindworm+1","stsjorbsmod:RayOfFrost+1","stsjorbsmod:Thorns+1"],"picked":"SKIP","floor":41},{"not_picked":["stsjorbsmod:DoubleCheck","stsjorbsmod:RefuseToForget","stsjorbsmod:ChainLightning","stsjorbsmod:TrueStrike+1"],"picked":"Singing Bowl","floor":45},{"not_picked":["stsjorbsmod:Mindworm+1","stsjorbsmod:ArcaneWeapon+1","stsjorbsmod:WanderingMind+1"],"picked":"stsjorbsmod:GatherPower","floor":45},{"not_picked":["stsjorbsmod:MistyStep","stsjorbsmod:Hibernate+1","stsjorbsmod:HedgeWizard","stsjorbsmod:Message"],"picked":"Singing Bowl","floor":45},{"not_picked":["stsjorbsmod:ArcaneWeapon+1","stsjorbsmod:ThirstingSword","stsjorbsmod:PurgeMind","stsjorbsmod:ChatteringStrike"],"picked":"Singing Bowl","floor":45},{"not_picked":["stsjorbsmod:Index","stsjorbsmod:WanderingMind+1","stsjorbsmod:MageArmor+1"],"picked":"stsjorbsmod:MagicMissiles+1","floor":45},{"not_picked":["stsjorbsmod:ChatteringStrike+1","stsjorbsmod:AnimateObjects","stsjorbsmod:Message+1"],"picked":"stsjorbsmod:FindFamiliar+1","floor":47},{"not_picked":["stsjorbsmod:MagicMirror+1","stsjorbsmod:Channel","stsjorbsmod:MistyStep+1","stsjorbsmod:WeightOfMemory"],"picked":"Singing Bowl","floor":48},{"not_picked":["stsjorbsmod:Prepare","stsjorbsmod:Index","stsjorbsmod:BurningFlask","stsjorbsmod:UnseenServant"],"picked":"Singing Bowl","floor":48}],"player_experience":2729178,"relics_obtained":[{"floor":6.0,"key":"Matryoshka"},{"floor":9.0,"key":"StrikeDummy"},{"floor":9.0,"key":"Question Card"},{"floor":14.0,"key":"White Beast Statue"},{"floor":25.0,"key":"Mummified Hand"},{"floor":26.0,"key":"Omamori"},{"floor":26.0,"key":"Blue Candle"},{"floor":27.0,"key":"Bag of Marbles"},{"floor":29.0,"key":"Prayer Wheel"},{"floor":30.0,"key":"Red Mask"},{"floor":36.0,"key":"FossilizedHelix"},{"floor":43,"key":"Singing Bowl"},{"floor":47,"key":"Eternal Feather"}],"event_choices":[{"damage_healed":0.0,"max_hp_gain":0.0,"max_hp_loss":4.0,"gold_gain":0.0,"event_name":"Golden Idol","player_choice":"Lose Max HP","floor":2.0,"gold_loss":0.0,"damage_taken":0.0,"relics_obtained":["Golden Idol"]},{"damage_healed":0.0,"max_hp_gain":0.0,"max_hp_loss":0.0,"gold_gain":0.0,"event_name":"Liars Game","player_choice":"Ignored","floor":3.0,"gold_loss":0.0,"damage_taken":0.0},{"cards_removed":["stsjorbsmod:Strike_Wanderer"],"damage_healed":0.0,"max_hp_gain":0.0,"max_hp_loss":0.0,"gold_gain":0.0,"event_name":"Golden Wing","player_choice":"Card Removal","floor":5.0,"gold_loss":0.0,"damage_taken":7.0},{"damage_healed":0.0,"max_hp_gain":0.0,"max_hp_loss":0.0,"gold_gain":0.0,"event_name":"Addict","player_choice":"Obtained Relic","floor":19.0,"gold_loss":85.0,"damage_taken":0.0,"relics_obtained":["Juzu Bracelet"]},{"damage_healed":0.0,"max_hp_gain":0.0,"max_hp_loss":0.0,"gold_gain":0.0,"event_name":"The Library","player_choice":"Read","floor":22.0,"gold_loss":0.0,"damage_taken":0.0,"cards_obtained":["stsjorbsmod:Mania"]},{"damage_healed":0.0,"max_hp_gain":0.0,"max_hp_loss":0.0,"gold_gain":99.0,"event_name":"Nest","player_choice":"Stole From Cult","floor":28.0,"gold_loss":0.0,"damage_taken":0.0},{"damage_healed":0.0,"max_hp_gain":0.0,"max_hp_loss":0.0,"gold_gain":0.0,"event_name":"Masked Bandits","player_choice":"Fought Bandits","floor":30.0,"gold_loss":0.0,"damage_taken":0.0},{"damage_healed":0.0,"max_hp_gain":0.0,"max_hp_loss":0.0,"gold_gain":0.0,"event_name":"Mysterious Sphere","player_choice":"Fight","floor":36.0,"gold_loss":0.0,"damage_taken":0.0},{"damage_healed":0.0,"max_hp_gain":0.0,"max_hp_loss":0.0,"gold_gain":222.0,"event_name":"Tomb of Lord Red Mask","player_choice":"Wore Mask","floor":37.0,"gold_loss":0.0,"damage_taken":0.0},{"damage_healed":0.0,"max_hp_gain":0.0,"max_hp_loss":0.0,"gold_gain":0.0,"event_name":"SensoryStone","player_choice":"Memory 1","floor":38.0,"gold_loss":0.0,"damage_taken":0.0}],"is_beta":false,"boss_relics":[{"not_picked":["Tiny House","Calling Bell"],"picked":"Runic Pyramid"},{"not_picked":["Snecko Eye","Runic Dome"],"picked":"SlaversCollar"}],"items_purged_floors":[4,8,31,45],"is_endless":false,"potions_floor_spawned":[1,10,12,13,16,18,21,24,25,29,30,33,35,36,39,40,41,47,48],"ascension_level":2}}