{"host":"krw8blyxua7at9ak","time":1613413947,"event":{"mods":["BaseMod","Highlight Path","Minty Spire (QoL Compilation)","ojb\u0027s Info Mod"],"gold_per_floor":[109,109,184,17,31,66,66,92,92,52,52,52],"floor_reached":11,"language":"ENG","playtime":173,"items_purged":[],"score":208,"play_id":"046020e0-c623-47b5-b881-c22e6d16611f","local_time":"20210215193227","is_ascension_mode":true,"campfire_choices":[{"data":"Neutralize","floor":7,"key":"SMITH"}],"circlet_count":0,"master_deck":["AscendersBane","Strike_G","Strike_G","Strike_G","Strike_G","Strike_G","Defend_G","Defend_G","Defend_G","Defend_G+1","Defend_G+1","Survivor","Neutralize+1","Flying Knee","Slice","Dagger Spray+1","Choke+1"],"relics":["Ring of the Snake","NeowsBlessing","Vajra","Molten Egg 2","Torii","Eternal Feather"],"acts_visited":["Exordium"],"potions_floor_usage":[8,11,11],"damage_taken":[{"damage":0,"enemies":"Small Slimes","floor":1,"turns":1},{"damage":0,"enemies":"Jaw Worm","floor":5,"turns":1},{"damage":0,"enemies":"Gremlin Nob","floor":6,"turns":1},{"damage":17,"enemies":"3 Sentries","floor":8,"turns":6},{"damage":11,"enemies":"Lagavulin","floor":11,"turns":2}],"seed_played":"759468596864659545","potions_obtained":[{"floor":5,"key":"BlessingOfTheForge"},{"floor":10,"key":"EssenceOfSteel"},{"floor":10,"key":"BlessingOfTheForge"}],"is_trial":false,"path_per_floor":["M","?","?","$","M","E","R","E","T","?","E"],"character_chosen":"THE_SILENT","items_purchased":["Vajra"],"campfire_rested":0,"item_purchase_floors":[4],"current_hp_per_floor":[59,39,28,28,28,28,28,11,11,11,0,0],"gold":52,"neow_bonus":"THREE_ENEMY_KILL","is_daily":false,"chose_seed":false,"campfire_upgraded":1,"win_rate":0.0,"timestamp":1613413947,"path_taken":["M","?","?","$","?","E","R","E","T","?","E"],"items_purchased_type":["Relic"],"build_version":"2020-12-22","purchased_purges":0,"victory":false,"max_hp_per_floor":[66,66,66,66,66,66,66,66,66,66,66,66],"card_choices":[{"not_picked":["Bane","Poisoned Stab"],"picked":"Flying Knee","floor":1},{"not_picked":["Underhanded Strike","Flying Knee"],"picked":"Slice","floor":5},{"not_picked":["Endless Agony+1","Poisoned Stab+1"],"picked":"Dagger Spray+1","floor":6},{"not_picked":["Caltrops","Prepared"],"picked":"Choke+1","floor":8}],"player_experience":416145,"relics_obtained":[{"floor":6,"key":"Molten Egg 2"},{"floor":8,"key":"Torii"},{"floor":9,"key":"Eternal Feather"}],"event_choices":[{"damage_healed":0,"gold_gain":0,"player_choice":"Entered Light","damage_taken":20,"max_hp_gain":0,"max_hp_loss":0,"event_name":"Shining Light","floor":2,"gold_loss":0,"cards_upgraded":["Defend_G","Defend_G"]},{"damage_healed":0,"gold_gain":75,"player_choice":"Gather Gold","damage_taken":11,"max_hp_gain":0,"max_hp_loss":0,"event_name":"World of Goop","floor":3,"gold_loss":0},{"damage_healed":0,"gold_gain":0,"player_choice":"Bought 3 Potions","damage_taken":0,"max_hp_gain":0,"max_hp_loss":0,"event_name":"The Woman in Blue","floor":10,"gold_loss":0}],"is_beta":false,"boss_relics":[],"items_purged_floors":[],"is_endless":false,"potions_floor_spawned":[5],"killed_by":"Lagavulin","ascension_level":20}}