{"host":"nlbr7nnijupf3yfg","time":1613432448,"event":{"mods":["AchievementEnabler","BaseMod","BetterRewards","Colored Powertips","DeckTracker","Downfall","Hermit","Hubris","Infinite Spire","Minty Spire (QoL Compilation)","Quick Restart","Replay The Spire","StSLib","SuperFastMode","The Saiyan","The Servant 0.9.4"],"gold_per_floor":[110,110,110,129,129,159,174,274,274,308,308,324,342,356,356,457,457,477,477,550,22,22,22,47,0,0,33,33,65,97,109,121,134,146,169,195,207,246,58,58,88,88,88,88,88,38,67,121,121,224,224,235,235,83,83,158,171,171,186,186,188,188,201,207,219,219,304,304,297,9,18,18,24,24,34,34,79,79,79,89,89,103,103,208,208,210,210,259,280,305,305,335,335,390,390,25,35,104,104,204,318,318,343,343,343,343,368,368,368,391,391,391,391,412,438,512,512,627,627,655,675,675,585,615,615,638,729,808,887,929,929,964,999,999,1144,1144,1193,1302,1372,1372,1424,1424,1529,1583,1583,1583,1660,1660,53,122,122,310,360,360,40,170,364],"floor_reached":158,"language":"ENG","playtime":3606,"items_purged":["hubris:Sloth","Spreading Infection","Looming Evil","Spreading Infection","hubris:Sloth","Pain","Amnesia","Pain","downfall:Bewildered"],"score":5931,"play_id":"0394cb25-c234-4408-a9b5-dbc6b6b1c0f1","local_time":"20210215184048","is_ascension_mode":true,"campfire_choices":[{"floor":15.0,"key":"REST"},{"floor":23.0,"key":"REST"},{"data":"Bludgeon","floor":28.0,"key":"SMITH"},{"data":"infinitespire:OneForAll","floor":32.0,"key":"SMITH"},{"data":"Corruption","floor":40.0,"key":"SMITH"},{"data":"Run Through","floor":42.0,"key":"SMITH"},{"floor":44.0,"key":"REST"},{"data":"Metallicize","floor":49.0,"key":"SMITH"},{"data":"Feel No Pain","floor":58.0,"key":"SMITH"},{"data":"Feel No Pain","floor":66.0,"key":"SMITH"},{"floor":74.0,"key":"REST"},{"floor":76.0,"key":"REST"},{"floor":79.0,"key":"REST"},{"floor":83.0,"key":"REST"},{"floor":91.0,"key":"REST"},{"floor":93.0,"key":"REST"},{"floor":100.0,"key":"REST"},{"floor":108.0,"key":"REST"},{"floor":117.0,"key":"REST"},{"floor":125.0,"key":"REST"},{"floor":134.0,"key":"REST"},{"floor":142.0,"key":"REST"},{"floor":151,"key":"REST"},{"floor":154,"key":"REST"}],"circlet_count":0,"master_deck":["AscendersBane","Bash+1","Bludgeon+1","Bloodletting+1","Abandon","Sentinel+1","ReplayTheSpireMod:Limb From Limb+1","Berserk+1","Metallicize+1","Run Through+1","Headbutt+1","Heavy Blade+1","Shockwave+1","Demon Form+1","infinitespire:OneForAll+1","Impervious+1","Burning Pact+1","Sword Boomerang+1","Reaper","Regret","Entrench+1","Shrug It Off+1","Flame Barrier+1","Impervious+1","Seeing Red+1","Double Tap+1","Corruption+1","Shockwave+1","Flame Barrier+1","Shame","Shrug It Off+1","Seeing Red+1","Decay","Cleave+1","Flex+1","Barricade+1","Demonic Infusion+1","Havoc+1","Feel No Pain+1","Feel No Pain+1","Hallucinations","Flex+1","Flame Barrier+1","Doubt","Havoc+1","Parasite","Flex+1","downfall:Icky","ReplayTheSpireMod:??????????????????????+1","Berserk+1","Havoc+1","Evolve+1","hubris:Greed","Seeing Red+1","hubris:Greed","Hallucinations","Run Through+1","Offering+1","Seeing Red+1","CommonCold","Juggernaut+1","ReplayTheSpireMod:Stacked+1","hubris:Wrath","hubris:Greed","Demonic Infusion+1","Feel No Pain+1","infinitespire:SevenWalls","Offering+1","Fiend Fire+1","Clumsy","hubris:CleavingFinish+1","Dramatic Entrance+1","Shrug It Off+1","Eclipse+1","downfall:Icky","CommonCold","Thunderclap+1","Bloodletting+1","Flex+1","hubris:Greed","Feed","Berserk+1","Hallucinations","Entrench+1","Limit Break+1","Sickly","Pain","Flex+1","hubris:Greed","hubris:Greed","Rage+1","hubris:Greed","Warcry+1","Limit Break+1","hubris:Greed","hubris:Greed","hubris:Greed","hubris:Greed","hubris:Greed","Replay:Many Hands+1","ReplayTheSpireMod:Stacked+1","hubris:SharpeningStone+1","hubris:Greed","hubris:Greed","Evolve+1","Injury","Regret","ReplayTheSpireMod:Muscle Training+1","ReplayTheSpireMod:Black Plague+1","Pot Of Greed+1","Pot Of Greed+1","Pot Of Greed+1","Pot Of Greed+1","Pot Of Greed+1","Pot Of Greed+1","Pot Of Greed+1","Pot Of Greed+1","Pot Of Greed+1","Pot Of Greed+1","hubris:DuctTapeCard","Armaments+1","Offering+1","Replay:Dark Deal+1","Entrench+1","Double Tap+1"],"relics":["Pandora\u0027s Box","Ring of Misfortune","ReplayTheSpireMod:Ring of Addiction","White Beast Statue","Toy Ornithopter","ReplayTheSpireMod:Shallot","downfall:ExtraCursedKey","Toxic Egg 2","Replay:PocketPolymizer","ReplayTheSpireMod:TigerMarble","The Courier","Unceasing Top","Enchiridion","hubris:MedicalManual","Juzu Bracelet","Tiny Chest","Nloth\u0027s Gift","Pear","infinitespire:FocusingShard","Smiling Mask","MawBank","hubris:Zylophone","hubris:ScarierMask","hubris:Towel","infinitespire:Lucky Rock","Strange Spoon","hubris:Zylophone","hubris:CrystalStatue","infinitespire:Joker Card","Dead Branch","Mark of Pain","BargainBundle","Replay:Accelerometer","Gambling Chip","Gremlin Food","Painkiller Herb","Brimstone","Vajra","hubris:Icosahedron","Happy Flower","Counterbalance","Potion Belt","hubris:GrandSneckoEye","hubris:SphereOfDissonance","Red Skull","Regal Pillow","PreservedInsect","hubris:EmptyBottle","hubris:MobiusCoin","infinitespire:Burning Sword","infinitespire:CheckeredPen","Runic Cube","HandDrill","Replay:Towering Pillar of Hats","Golden Idol","bronze:MakeshiftBattery","infinitespire:Broken Mirror","hubris:DuctTape","infinitespire:Cupcake","Pantograph","SacredBark","hubris:Potato","Bag of Marbles","hubris:Metronome","King of Hearts","Empty Cage","Omamori","Replay:Wax Seal","Replay:Baseball","Mirror","FossilizedHelix","Bronze Scales","Nunchaku","infinitespire:PuzzleCube","hubris:AstralHammer","Replay:Rubber Ducky","Toolbox","Grinning Jar","hubris:BlackHole","ReplayTheSpireMod:Spearhead","hubris:SlimyHat"],"acts_visited":["Exordium","TheCity","TheBeyond","Exordium","TheCity","TheBeyond","Exordium","TheCity","TheBeyond","TheEnding"],"potions_floor_usage":[],"damage_taken":[{"damage":3.0,"enemies":"2 Louse","floor":1.0,"turns":1.0},{"damage":9.0,"enemies":"Jaw Worm","floor":4.0,"turns":2.0},{"damage":1.0,"enemies":"Lagavulin","floor":6.0,"turns":4.0},{"damage":7.0,"enemies":"Small Slimes","floor":7.0,"turns":3.0},{"damage":36.0,"enemies":"3 Sentries","floor":10.0,"turns":6.0},{"damage":5.0,"enemies":"Red Slaver","floor":12.0,"turns":3.0},{"damage":5.0,"enemies":"2 Fungi Beasts","floor":13.0,"turns":5.0},{"damage":5.0,"enemies":"Exordium Wildlife","floor":14.0,"turns":4.0},{"damage":30.0,"enemies":"The Guardian","floor":16.0,"turns":8.0},{"damage":26.0,"enemies":"2 Thieves","floor":18.0,"turns":3.0},{"damage":0.0,"enemies":"Gremlin Leader","floor":24.0,"turns":3.0},{"damage":3.0,"enemies":"Slavers","floor":27.0,"turns":4.0},{"damage":0.0,"enemies":"Nightmare","floor":29.0,"turns":14.0},{"damage":5.0,"enemies":"Shell Parasite","floor":30.0,"turns":3.0},{"damage":44.0,"enemies":"Collector","floor":33.0,"turns":8.0},{"damage":0.0,"enemies":"3 Shapes","floor":35.0,"turns":3.0},{"damage":0.0,"enemies":"3 Darklings","floor":36.0,"turns":2.0},{"damage":20.0,"enemies":"Giant Head","floor":41.0,"turns":7.0},{"damage":0.0,"enemies":"Nemesis","floor":47.0,"turns":5.0},{"damage":3.0,"enemies":"2 Orb Walkers","floor":48.0,"turns":2.0},{"damage":36.0,"enemies":"Donu and Deca","floor":50.0,"turns":6.0},{"damage":0.0,"enemies":"2 Louse","floor":52.0,"turns":2.0},{"damage":0.0,"enemies":"3 Sentries","floor":57.0,"turns":3.0},{"damage":0.0,"enemies":"Small Slimes","floor":59.0,"turns":1.0},{"damage":0.0,"enemies":"Cultist","floor":61.0,"turns":4.0},{"damage":0.0,"enemies":"2 Fungi Beasts","floor":63.0,"turns":1.0},{"damage":6.0,"enemies":"Large Slime","floor":64.0,"turns":2.0},{"damage":0.0,"enemies":"Red Slaver","floor":65.0,"turns":1.0},{"damage":11.0,"enemies":"Hexaghost","floor":67.0,"turns":3.0},{"damage":0.0,"enemies":"Spheric Guardian","floor":69.0,"turns":1.0},{"damage":10.0,"enemies":"3 Byrds","floor":71.0,"turns":1.0},{"damage":27.0,"enemies":"Centurion and Healer","floor":73.0,"turns":3.0},{"damage":0.0,"enemies":"Chosen and Byrds","floor":75.0,"turns":1.0},{"damage":0.0,"enemies":"Cultist and Chosen","floor":80.0,"turns":1.0},{"damage":0.0,"enemies":"Gremlin Leader","floor":81.0,"turns":4.0},{"damage":0.0,"enemies":"Centurion and Healer","floor":82.0,"turns":1.0},{"damage":0.0,"enemies":"hubris:MusketHawk","floor":84.0,"turns":1.0},{"damage":0.0,"enemies":"Orb Walker","floor":86.0,"turns":4.0},{"damage":0.0,"enemies":"3 Shapes","floor":89.0,"turns":1.0},{"damage":1.0,"enemies":"Writhing Mass","floor":90.0,"turns":1.0},{"damage":0.0,"enemies":"Nightmare","floor":92.0,"turns":2.0},{"damage":0.0,"enemies":"Jaw Worm Horde","floor":97.0,"turns":3.0},{"damage":51.0,"enemies":"Spire Growth","floor":98.0,"turns":3.0},{"damage":6.0,"enemies":"infinitespire:MassOfShapes","floor":101.0,"turns":1.0},{"damage":0.0,"enemies":"Cultist","floor":103.0,"turns":2.0},{"damage":0.0,"enemies":"Small Slimes","floor":107.0,"turns":1.0},{"damage":0.0,"enemies":"Jaw Worm","floor":110.0,"turns":1.0},{"damage":0.0,"enemies":"Red Slaver","floor":114.0,"turns":1.0},{"damage":0.0,"enemies":"2 Fungi Beasts","floor":115.0,"turns":1.0},{"damage":0.0,"enemies":"Looter","floor":116.0,"turns":1.0},{"damage":19.0,"enemies":"The Guardian","floor":118.0,"turns":4.0},{"damage":0.0,"enemies":"Spheric Guardian","floor":120.0,"turns":2.0},{"damage":7.0,"enemies":"3 Byrds","floor":121.0,"turns":2.0},{"damage":0.0,"enemies":"Snake Plant","floor":124.0,"turns":1.0},{"damage":6.0,"enemies":"Centurion and Healer","floor":126.0,"turns":1.0},{"damage":0.0,"enemies":"Book of Stabbing","floor":127.0,"turns":1.0},{"damage":0.0,"enemies":"Snecko","floor":129.0,"turns":2.0},{"damage":18.0,"enemies":"Cultist and Chosen","floor":130.0,"turns":3.0},{"damage":0.0,"enemies":"Snake Plant","floor":132.0,"turns":1.0},{"damage":0.0,"enemies":"3 Cultists","floor":133.0,"turns":2.0},{"damage":6.0,"enemies":"Collector","floor":135.0,"turns":2.0},{"damage":16.0,"enemies":"3 Darklings","floor":137.0,"turns":4.0},{"damage":17.0,"enemies":"2 Orb Walkers","floor":138.0,"turns":2.0},{"damage":0.0,"enemies":"Orb Walker","floor":139.0,"turns":1.0},{"damage":0.0,"enemies":"R_Hoarder","floor":143.0,"turns":4.0},{"damage":56.0,"enemies":"Spire Growth","floor":144.0,"turns":3.0},{"damage":0.0,"enemies":"Maw","floor":147.0,"turns":2.0},{"damage":0,"enemies":"3 Darklings","floor":150,"turns":3},{"damage":0,"enemies":"infinitespire:MassOfShapes","floor":152,"turns":1},{"damage":0,"enemies":"Shield and Spear","floor":156,"turns":2},{"damage":0,"enemies":"The Heart","floor":157,"turns":1}],"seed_played":"-7467709401718187467","potions_obtained":[{"floor":3.0,"key":"Explosive Potion"},{"floor":3.0,"key":"Reflective Coating"},{"floor":3.0,"key":"Strength Potion"},{"floor":10.0,"key":"Swift Potion"},{"floor":14.0,"key":"Weak Potion"},{"floor":16.0,"key":"Strength Potion"},{"floor":18.0,"key":"PowerPotion"},{"floor":24.0,"key":"Reflective Coating"},{"floor":27.0,"key":"SneckoOil"},{"floor":29.0,"key":"DuplicationPotion"},{"floor":33.0,"key":"Death Potion"},{"floor":50.0,"key":"PowerPotion"},{"floor":63.0,"key":"FairyPotion"},{"floor":81.0,"key":"SteroidPotion"},{"floor":82.0,"key":"DistilledChaos"},{"floor":86.0,"key":"Fire Potion"},{"floor":97.0,"key":"DuplicationPotion"},{"floor":147.0,"key":"Languid Potion"}],"is_trial":false,"path_per_floor":["M","$","?","M","?","E","M","?","T","E","?","M","M","M","R","B",null,"M","?","?","$","?","R","E","?","T","E","R","NM","M","AVR","R","B",null,"M","M","?","T","$","R","E","R","T","R","?","$","E","?","R","B",null,"M","?","$","T","?","E","R","M","T","M","?","M","M","M","R","B",null,"?","T","?","?","?","T","?","T","T","AVR","T","?","E","?","T","B",null,"?","AVR","T","?","?","T","NM","T","T","?","T","?","?","?","T","B",null,"?","?","T","AVR","?","T","?","?","T","?","?","?","?","?","T","B",null,"?","?","T","?","?","T","?","E","T","?","?","AVR","?","?","T","B",null,"?","?","?","?","T","T","E","?","T","AVR","?","?","T","?","T","B",null,"T","T","E","B",null],"character_chosen":"IRONCLAD","items_purchased":["hubris:MedicalManual","Juzu Bracelet","Tiny Chest","Strange Spoon","Shrug It Off+1","BargainBundle","Havoc+1","Feel No Pain","Brimstone","Vajra","hubris:EmptyBottle","hubris:MobiusCoin","SkillPotion","Replay:Wax Seal","Replay:Baseball","Mirror","FossilizedHelix","Bronze Scales","Nunchaku","infinitespire:PuzzleCube","hubris:AstralHammer","Replay:Rubber Ducky","Toolbox","Grinning Jar","ReplayTheSpireMod:Spearhead","Replay:Dark Deal+1"],"campfire_rested":17,"item_purchase_floors":[21,21,21,39,39,54,54,54,70,70,96,96,149,149,149,149,149,149,149,149,149,149,149,149,155,155],"current_hp_per_floor":[69,69,69,60,60,59,52,57,57,26,26,21,16,21,44,19,64,38,22,22,22,22,44,85,85,85,85,85,85,80,80,80,39,72,72,83,81,81,81,79,59,59,59,77,77,75,75,72,72,53,68,68,68,68,68,57,57,57,57,57,57,67,65,59,59,59,48,59,59,59,53,53,32,49,49,57,57,55,55,55,53,53,53,51,51,51,51,51,51,48,49,49,47,47,47,45,45,24,27,43,37,40,41,41,39,39,39,37,37,40,38,31,25,25,25,25,34,15,29,29,22,25,28,28,30,25,25,25,25,7,7,25,25,27,19,24,28,9,9,12,15,24,24,13,13,13,20,15,15,15,18,18,18,16,16,16,14],"gold":364,"neow_bonus":"BOSS_RELIC","is_daily":false,"chose_seed":false,"campfire_upgraded":7,"win_rate":0.0,"timestamp":1613432448,"path_taken":["M","$","?","M","?","E","M","?","T","E","?","M","?","M","R","BOSS","M","?","?","$","?","R","E","?","T","E","R","NM","M","AVR","R","BOSS","M","M","?","?","$","R","E","R","T","R","?","$","E","?","R","BOSS","M","?","$","?","?","E","R","M","T","M","?","M","M","M","R","BOSS","?","T","?","?","?","T","?","T","T","AVR","T","?","E","?","T","BOSS","?","AVR","?","?","?","T","NM","T","T","?","T","?","?","?","T","BOSS","?","?","?","AVR","?","T","?","?","T","?","?","?","?","?","T","BOSS","?","?","?","?","?","T","?","E","T","?","?","AVR","?","?","T","BOSS","?","?","?","?","?","T","E","?","T","AVR","?","?","T","?","T","BOSS","T","T","E","BOSS"],"items_purchased_type":["Relic","Relic","Relic","Relic","Card","Relic","Card","Card","Relic","Relic","Relic","Relic","Potion","Relic","Relic","Relic","Relic","Relic","Relic","Relic","Relic","Relic","Relic","Relic","Relic","Card"],"build_version":"2020-12-22","purchased_purges":9,"victory":true,"max_hp_per_floor":[80,80,80,80,80,80,78,83,83,81,81,81,81,79,79,79,79,79,79,77,77,77,75,85,85,85,85,85,85,85,83,83,83,83,83,83,81,81,81,79,79,79,77,77,77,75,75,75,73,73,73,73,73,71,71,71,69,69,69,67,67,67,65,65,65,63,63,63,61,61,61,59,59,59,57,57,57,55,55,55,53,53,53,51,51,51,51,51,51,49,49,49,47,47,47,45,45,45,43,43,43,41,41,41,39,39,39,37,37,40,38,38,38,36,36,36,34,34,34,32,32,32,30,30,30,31,31,31,29,29,29,27,27,27,25,25,28,26,26,26,24,24,24,22,22,22,20,20,20,20,18,18,18,16,16,16,14],"card_choices":[{"not_picked":["Burning Pact","Disarm"],"picked":"Metallicize","floor":1.0},{"not_picked":["Carnage","Corruption"],"picked":"Run Through","floor":4.0},{"not_picked":["Burning Pact","ReplayTheSpireMod:Limb From Limb"],"picked":"Heavy Blade","floor":6.0},{"not_picked":["Clothesline","Seeing Red"],"picked":"Shockwave","floor":7.0},{"not_picked":["Anger","Havoc+1"],"picked":"infinitespire:OneForAll","floor":10.0},{"not_picked":["Headbutt","True Grit+1"],"picked":"Impervious+1","floor":12.0},{"not_picked":["Battle Trance+1","Searing Blow"],"picked":"Burning Pact+1","floor":13.0},{"not_picked":["Wild Strike","Massacre"],"picked":"Sword Boomerang","floor":14.0},{"not_picked":["Demonic Infusion+1","Limit Break+1"],"picked":"Reaper","floor":16.0},{"not_picked":["Sickly","Languid"],"picked":"Regret","floor":17.0},{"not_picked":["Spreading Infection","Amnesia"],"picked":"ReplayTheSpireMod:Splinters","floor":17.0},{"not_picked":["Looming Evil","Clumsy"],"picked":"Delirium","floor":17.0},{"not_picked":["Berserk","Warcry+1"],"picked":"Entrench+1","floor":18.0},{"not_picked":["Blood for Blood","Heavy Blade"],"picked":"Shrug It Off+1","floor":20.0},{"not_picked":["Pommel Strike+1","Reaper"],"picked":"Flame Barrier+1","floor":24.0},{"not_picked":["Cleave","Spot Weakness+1"],"picked":"Impervious+1","floor":27.0},{"not_picked":["Hemokinesis","Searing Blow"],"picked":"Seeing Red+1","floor":29.0},{"not_picked":["hubris:StunningStrike","True Grit+1"],"picked":"Double Tap+1","floor":30.0},{"not_picked":["Reaper","Hemogenesis"],"picked":"Corruption","floor":33.0},{"not_picked":["Pummel","Sever Soul+1"],"picked":"Shockwave+1","floor":35.0},{"not_picked":["Sever Soul+1","Shrug It Off+1"],"picked":"Flame Barrier+1","floor":36.0},{"not_picked":["Bludgeon","Combust"],"picked":"Seeing Red+1","floor":41.0},{"not_picked":["Replay:Undeath\u0027s Touch","Eclipse+1"],"picked":"Cleave+1","floor":47.0},{"not_picked":["Heavy Blade+1","Cleave"],"picked":"Flex+1","floor":48.0},{"not_picked":["Limit Break+1","Feed"],"picked":"Barricade","floor":50.0},{"not_picked":["Run Through","True Grit+1"],"picked":"Demonic Infusion+1","floor":52.0},{"not_picked":["Bludgeon","Sword Boomerang"],"picked":"Flex+1","floor":57.0},{"not_picked":["Reckless Charge","Clothesline"],"picked":"Flame Barrier+1","floor":59.0},{"not_picked":["hubris:CleavingFinish","Wild Strike"],"picked":"Havoc+1","floor":61.0},{"not_picked":["hubris:ReadiedAction+1","Rampage","Clothesline"],"picked":"SKIP","floor":63.0},{"not_picked":["Twin Strike","Battle Trance+1","Rampage"],"picked":"SKIP","floor":64.0},{"not_picked":["infinitespire:OneForAll","Anger"],"picked":"Flex+1","floor":65.0},{"not_picked":["ReplayTheSpireMod:Book of Names","infinitespire:FinalStrike"],"picked":"ReplayTheSpireMod:??????????????????????","floor":67.0},{"not_picked":["hubris:StunningStrike","Bludgeon"],"picked":"Berserk","floor":67.0},{"not_picked":["Run Through","Pommel Strike"],"picked":"Havoc+1","floor":69.0},{"not_picked":["Iron Wave","Double Tap+1"],"picked":"Replay:Many Hands+1","floor":71.0},{"not_picked":["Perfected Strike+1","Pommel Strike"],"picked":"Evolve+1","floor":73.0},{"not_picked":["Rupture+1","Feel No Pain"],"picked":"Seeing Red+1","floor":75.0},{"not_picked":["Headbutt","ReplayTheSpireMod:Strike From Hell"],"picked":"Run Through+1","floor":80.0},{"not_picked":["Evolve","Feel No Pain"],"picked":"Offering+1","floor":81.0},{"not_picked":["Pommel Strike+1","Cleave+1"],"picked":"Seeing Red+1","floor":82.0},{"not_picked":["hubris:StunningStrike","Fiend Fire"],"picked":"Juggernaut","floor":84.0},{"not_picked":["Iron Wave","Battle Trance+1"],"picked":"ReplayTheSpireMod:Stacked+1","floor":86.0},{"not_picked":["Clothesline","Dropkick"],"picked":"Demonic Infusion+1","floor":89.0},{"not_picked":["Blood for Blood","Heavy Blade+1"],"picked":"Feel No Pain+1","floor":90.0},{"not_picked":["infinitespire:TheBestDefense","ReplayTheSpireMod:Black Plague"],"picked":"infinitespire:SevenWalls","floor":92.0},{"not_picked":["Sever Soul","Iron Wave"],"picked":"Offering+1","floor":92.0},{"not_picked":["Sword Boomerang+1","Anger+1"],"picked":"Replay:Many Hands+1","floor":97.0},{"not_picked":["ReplayTheSpireMod:Stacked+1","Havoc+1"],"picked":"hubris:CleavingFinish+1","floor":98.0},{"not_picked":["Chrysalis+1","Bandage Up+1"],"picked":"Dramatic Entrance","floor":99.0},{"not_picked":["Headbutt","Run Through","Cleave"],"picked":"SKIP","floor":103.0},{"not_picked":["Inflame","Body Slam"],"picked":"Shrug It Off+1","floor":107.0},{"not_picked":["Clash","Heavy Blade"],"picked":"Eclipse+1","floor":110.0},{"not_picked":["Rampage","Pommel Strike"],"picked":"Thunderclap","floor":114.0},{"not_picked":["Rupture","Pommel Strike"],"picked":"Bloodletting+1","floor":115.0},{"not_picked":["hubris:CleavingFinish","Pommel Strike"],"picked":"Flex+1","floor":116.0},{"not_picked":["Limit Break+1","Immolate"],"picked":"Feed","floor":118.0},{"not_picked":["ReplayTheSpireMod:Strike From Hell","Headbutt+1"],"picked":"Berserk","floor":120.0},{"not_picked":["Perfected Strike+1","Cleave","Body Slam"],"picked":"SKIP","floor":121.0},{"not_picked":["Armaments+1","Iron Wave"],"picked":"Entrench+1","floor":124.0},{"not_picked":["ReplayTheSpireMod:Strike From Hell","Perfected Strike","Run Through+1"],"picked":"SKIP","floor":126.0},{"not_picked":["Bludgeon","infinitespire:OneForAll"],"picked":"Limit Break+1","floor":127.0},{"not_picked":["Clothesline","Pummel"],"picked":"Flex+1","floor":129.0},{"not_picked":["ReplayTheSpireMod:Strike From Hell","ReplayTheSpireMod:Limb From Limb+1","Heavy Blade"],"picked":"SKIP","floor":130.0},{"not_picked":["Anger","Thunderclap"],"picked":"Rage+1","floor":132.0},{"not_picked":["Cleave","Clash"],"picked":"Warcry+1","floor":133.0},{"not_picked":["Hemogenesis","Corruption"],"picked":"Limit Break+1","floor":135.0},{"not_picked":["Seeing Red+1","Clothesline+1"],"picked":"Replay:Many Hands+1","floor":137.0},{"not_picked":["hubris:ReadiedAction+1","Warcry+1"],"picked":"ReplayTheSpireMod:Stacked+1","floor":138.0},{"not_picked":["Clash","Wild Strike+1","Demon Form"],"picked":"SKIP","floor":139.0},{"not_picked":["Wild Strike","Reaper"],"picked":"hubris:SharpeningStone+1","floor":143.0},{"not_picked":["Iron Wave+1","Anger"],"picked":"Evolve+1","floor":144.0},{"not_picked":["Clothesline+1","Headbutt"],"picked":"ReplayTheSpireMod:Muscle Training+1","floor":147.0},{"not_picked":["infinitespire:Oblivion","infinitespire:Menacing"],"picked":"ReplayTheSpireMod:Black Plague","floor":148.0},{"not_picked":["Rupture","Reckless Charge+1"],"picked":"Armaments+1","floor":150},{"not_picked":["Immolate","Juggernaut"],"picked":"Offering+1","floor":152},{"not_picked":["Massacre+1","Metallicize+1"],"picked":"Entrench+1","floor":156},{"not_picked":["Fiend Fire","Reaper"],"picked":"Double Tap+1","floor":157}],"player_experience":77998,"relics_obtained":[{"floor":3.0,"key":"Ring of Misfortune"},{"floor":3.0,"key":"ReplayTheSpireMod:Ring of Addiction"},{"floor":3.0,"key":"White Beast Statue"},{"floor":3.0,"key":"Toy Ornithopter"},{"floor":6.0,"key":"ReplayTheSpireMod:Shallot"},{"floor":9.0,"key":"Toxic Egg 2"},{"floor":10.0,"key":"Replay:PocketPolymizer"},{"floor":19.0,"key":"Enchiridion"},{"floor":24.0,"key":"Pear"},{"floor":26.0,"key":"infinitespire:FocusingShard"},{"floor":27.0,"key":"Smiling Mask"},{"floor":29.0,"key":"MawBank"},{"floor":38.0,"key":"infinitespire:Lucky Rock"},{"floor":41.0,"key":"hubris:Zylophone"},{"floor":43.0,"key":"hubris:CrystalStatue"},{"floor":47.0,"key":"infinitespire:Joker Card"},{"floor":48.0,"key":"Dead Branch"},{"floor":55.0,"key":"Replay:Accelerometer"},{"floor":57.0,"key":"Gambling Chip"},{"floor":60.0,"key":"Gremlin Food"},{"floor":77.0,"key":"Happy Flower"},{"floor":81.0,"key":"Potion Belt"},{"floor":88.0,"key":"Red Skull"},{"floor":92.0,"key":"Regal Pillow"},{"floor":94.0,"key":"PreservedInsect"},{"floor":105.0,"key":"infinitespire:CheckeredPen"},{"floor":111.0,"key":"Replay:Towering Pillar of Hats"},{"floor":122.0,"key":"infinitespire:Broken Mirror"},{"floor":128.0,"key":"hubris:DuctTape"},{"floor":138.0,"key":"hubris:Potato"},{"floor":141.0,"key":"Bag of Marbles"},{"floor":143.0,"key":"hubris:Metronome"},{"floor":145.0,"key":"King of Hearts"},{"floor":156,"key":"hubris:SlimyHat"}],"event_choices":[{"cards_removed":["Clumsy","hubris:Gluttony","ReplayTheSpireMod:IOU","downfall:Bewildered","Delirium"],"damage_healed":0.0,"max_hp_gain":0.0,"max_hp_loss":0.0,"gold_gain":0.0,"event_name":"Fountain of Cleansing","player_choice":"Removed Curses","floor":11.0,"gold_loss":0.0,"damage_taken":0.0},{"damage_healed":0.0,"max_hp_gain":0.0,"max_hp_loss":0.0,"gold_gain":0.0,"event_name":"Cursed Tome","player_choice":"Obtained Book","floor":19.0,"gold_loss":0.0,"damage_taken":16.0},{"damage_healed":0.0,"max_hp_gain":0.0,"max_hp_loss":0.0,"gold_gain":0.0,"event_name":"N\u0027loth","player_choice":"Traded Relic","floor":22.0,"relics_lost":["Replay:Ancient Bell"],"gold_loss":0.0,"damage_taken":0.0,"relics_obtained":["Nloth\u0027s Gift"]},{"damage_healed":0.0,"max_hp_gain":0.0,"max_hp_loss":0.0,"gold_gain":0.0,"event_name":"Masked Bandits","player_choice":"Paid Fearfully","floor":25.0,"gold_loss":47.0,"damage_taken":0.0},{"cards_removed":["Entrench"],"damage_healed":0.0,"max_hp_gain":0.0,"max_hp_loss":0.0,"gold_gain":0.0,"event_name":"Falling","player_choice":"Removed Skill","floor":45.0,"gold_loss":0.0,"damage_taken":0.0},{"damage_healed":0.0,"max_hp_gain":0.0,"max_hp_loss":0.0,"gold_gain":0.0,"event_name":"Mysterious Sphere","player_choice":"Fight","floor":48.0,"gold_loss":0.0,"damage_taken":0.0},{"damage_healed":0.0,"max_hp_gain":0.0,"max_hp_loss":0.0,"gold_gain":75.0,"event_name":"World of Goop","player_choice":"Gather Gold","floor":56.0,"gold_loss":0.0,"damage_taken":11.0},{"damage_healed":16.0,"max_hp_gain":0.0,"max_hp_loss":0.0,"gold_gain":0.0,"event_name":"Mushrooms","player_choice":"Healed and dodged fight","floor":62.0,"gold_loss":0.0,"damage_taken":0.0,"cards_obtained":["Parasite"]},{"damage_healed":0.0,"max_hp_gain":0.0,"max_hp_loss":0.0,"gold_gain":0.0,"event_name":"Tomb of Lord Red Mask","player_choice":"Ignored","floor":95.0,"gold_loss":0.0,"damage_taken":0.0},{"damage_healed":0.0,"max_hp_gain":0.0,"max_hp_loss":0.0,"gold_gain":0.0,"event_name":"SensoryStone","player_choice":"Memory 1","floor":99.0,"gold_loss":0.0,"damage_taken":0.0},{"damage_healed":0.0,"max_hp_gain":0.0,"max_hp_loss":0.0,"gold_gain":0.0,"event_name":"The Woman in Blue","player_choice":"Bought 0 Potions","floor":104.0,"gold_loss":0.0,"damage_taken":0.0},{"cards_removed":["downfall:Haunted"],"damage_healed":0.0,"max_hp_gain":0.0,"max_hp_loss":0.0,"gold_gain":0.0,"event_name":"Purifier","player_choice":"Purged","floor":109.0,"gold_loss":0.0,"damage_taken":0.0},{"cards_removed":["Looming Evil"],"damage_healed":0.0,"max_hp_gain":0.0,"max_hp_loss":0.0,"gold_gain":0.0,"event_name":"Golden Wing","player_choice":"Card Removal","floor":112.0,"gold_loss":0.0,"damage_taken":7.0},{"damage_healed":0.0,"max_hp_gain":0.0,"max_hp_loss":0.0,"gold_gain":0.0,"event_name":"Golden Idol","player_choice":"Take Damage","floor":113.0,"gold_loss":0.0,"damage_taken":9.0,"relics_obtained":["Golden Idol"]},{"cards_removed":["Spreading Infection"],"damage_healed":0.0,"max_hp_gain":0.0,"max_hp_loss":0.0,"gold_gain":0.0,"event_name":"Designer","player_choice":"Upgrade and Remove","floor":123.0,"gold_loss":90.0,"damage_taken":0.0,"cards_upgraded":["Sword Boomerang"]},{"damage_healed":0.0,"max_hp_gain":0.0,"max_hp_loss":0.0,"gold_gain":0.0,"event_name":"Mysterious Sphere","player_choice":"Fight","floor":138.0,"gold_loss":0.0,"damage_taken":0.0},{"damage_healed":0.0,"max_hp_gain":0.0,"max_hp_loss":0.0,"gold_gain":0.0,"event_name":"Tomb of Lord Red Mask","player_choice":"Ignored","floor":140.0,"gold_loss":0.0,"damage_taken":0.0}],"is_beta":false,"boss_relics":[{"not_picked":["Runic Cube","Astrolabe"],"picked":"Replay:Ancient Bell"},{"not_picked":["ReplayTheSpireMod:Spearhead","Regal Pillow"],"picked":"ReplayTheSpireMod:TigerMarble"},{"not_picked":["hubris:PeanutButter","Snack Pack"],"picked":"The Courier"},{"not_picked":["Pocketwatch","Thread and Needle"],"picked":"Unceasing Top"},{"not_picked":["infinitespire:Burning Sword","Kintsugi"],"picked":"hubris:ScarierMask"},{"not_picked":["infinitespire:Cupcake","hubris:Stopwatch"],"picked":"Mark of Pain"},{"not_picked":["hubris:HollowSoul","Runic Dome"],"picked":"Painkiller Herb"},{"not_picked":["Philosopher\u0027s Stone","Honey Jar"],"picked":"hubris:GrandSneckoEye"},{"not_picked":["Replay:Drink Me","hubris:Backtick"],"picked":"infinitespire:Burning Sword"},{"not_picked":["Cursed Key","ReplayTheSpireMod:SealedPack"],"picked":"bronze:MakeshiftBattery"},{"not_picked":["Ooze Armor","Runic Dome"],"picked":"SacredBark"},{"not_picked":["Calling Bell","Philosopher\u0027s Stone"],"picked":"hubris:BlackHole"}],"items_purged_floors":[21,31,39,46,54,70,96,149,155],"is_endless":true,"potions_floor_spawned":[4,6,7,10,12,13,14,16,18,24,27,29,30,33,35,36,41,47,48,50,52,57,59,61,63,64,65,67,69,71,73,75,80,81,82,84,86,89,90,92,97,98,101,103,107,110,114,115,116,118,120,121,124,126,127,129,130,132,133,135,137,138,139,143,144,147,150,152,156,157],"ascension_level":11}}