{"host":"8rqsnaeml9gxb0kp","time":1613379962,"event":{"mods":["AchievementEnabler","BaseMod","Colored Powertips","Dark Map","Minty Spire (QoL Compilation)","Rare Cards Sparkle","Relic Stats","StSLib","slay the spire mod where everything is the same but ironclad has a cowboy hat"],"gold_per_floor":[109,109,109,109,128,453,470,500,500,533,533,553,565,584,584,657,657,675,675,273,286,286,286],"floor_reached":22,"language":"ENG","playtime":976,"items_purged":["Parasite"],"score":450,"play_id":"d43ced1c-943e-4293-a53e-3ee19e1a07fa","local_time":"20210215010602","is_ascension_mode":true,"campfire_choices":[{"floor":15.0,"key":"REST"}],"circlet_count":0,"master_deck":["AscendersBane","Bash","Pommel Strike","Pommel Strike","Demon Form","Twin Strike","Ghostly Armor","Heavy Blade","Flame Barrier","Berserk","Spot Weakness","Disarm","Dark Embrace","Metallicize","Corruption","Hemokinesis","Impervious","Metallicize","Hemokinesis","Twin Strike+1"],"relics":["Burning Blood","NeowsBlessing","Centennial Puzzle","Old Coin","Art of War","Kunai","Oddly Smooth Stone","Pandora\u0027s Box","PreservedInsect","PrismaticShard"],"acts_visited":["Exordium","TheCity"],"potions_floor_usage":[16,21,21],"damage_taken":[{"damage":0.0,"enemies":"Jaw Worm","floor":1.0,"turns":1.0},{"damage":0.0,"enemies":"Small Slimes","floor":5.0,"turns":1.0},{"damage":0.0,"enemies":"Lagavulin","floor":6.0,"turns":1.0},{"damage":17.0,"enemies":"Cultist","floor":7.0,"turns":4.0},{"damage":35.0,"enemies":"3 Sentries","floor":8.0,"turns":10.0},{"damage":24.0,"enemies":"Gremlin Nob","floor":10.0,"turns":4.0},{"damage":24.0,"enemies":"Lots of Slimes","floor":12.0,"turns":5.0},{"damage":3.0,"enemies":"Exordium Wildlife","floor":13.0,"turns":4.0},{"damage":11.0,"enemies":"Exordium Thugs","floor":14.0,"turns":3.0},{"damage":12,"enemies":"Slime Boss","floor":16,"turns":9},{"damage":30,"enemies":"Chosen","floor":18,"turns":6},{"damage":15,"enemies":"3 Byrds","floor":21,"turns":6},{"damage":23,"enemies":"Cultist and Chosen","floor":22,"turns":7}],"seed_played":"-3477484872178411374","potions_obtained":[{"floor":1.0,"key":"GamblersBrew"},{"floor":7.0,"key":"EntropicBrew"},{"floor":13.0,"key":"BlessingOfTheForge"},{"floor":14.0,"key":"SkillPotion"},{"floor":16,"key":"Energy Potion"},{"floor":18,"key":"AttackPotion"}],"is_trial":false,"path_per_floor":["M","?","?","?","M","E","M","E","T","E","?","M","M","M","R","B",null,"M","?","$","M","M"],"character_chosen":"IRONCLAD","items_purchased":["PreservedInsect","PrismaticShard"],"campfire_rested":1,"item_purchase_floors":[20,20],"current_hp_per_floor":[74,74,48,53,59,65,54,25,25,7,27,9,12,7,31,25,66,42,30,30,21,0,0],"gold":286,"neow_bonus":"THREE_ENEMY_KILL","is_daily":false,"chose_seed":false,"campfire_upgraded":0,"win_rate":0.0,"timestamp":1613379962,"path_taken":["M","?","?","?","M","E","M","E","T","E","?","?","M","M","R","BOSS","M","?","$","M","M"],"items_purchased_type":["Relic","Relic"],"build_version":"2020-12-22","purchased_purges":1,"victory":false,"max_hp_per_floor":[75,75,75,80,80,80,80,80,80,80,80,80,80,80,80,80,80,80,80,77,77,77,77],"relic_stats":{"Centennial Puzzle":[30],"counters":[13,61],"Pandora\u0027s Box":["Spot Weakness","Disarm","Dark Embrace","Metallicize","Corruption","Hemokinesis","Impervious","Metallicize","Hemokinesis"],"PreservedInsect":0,"Art of War":[11],"Kunai":[9],"obtain_stats":[{"Centennial Puzzle":3,"NeowsBlessing":0,"Oddly Smooth Stone":10,"Pandora\u0027s Box":17,"PreservedInsect":20,"Art of War":8,"Kunai":9,"PrismaticShard":20,"Burning Blood":0,"Old Coin":6},{"Centennial Puzzle":1,"NeowsBlessing":0,"Oddly Smooth Stone":6,"Pandora\u0027s Box":10,"PreservedInsect":11,"Art of War":5,"Kunai":5,"PrismaticShard":11,"Burning Blood":0,"Old Coin":3},{"Centennial Puzzle":1,"NeowsBlessing":0,"Oddly Smooth Stone":21,"Pandora\u0027s Box":42,"PreservedInsect":48,"Art of War":17,"Kunai":17,"PrismaticShard":48,"Burning Blood":0,"Old Coin":3}],"Burning Blood":72},"card_choices":[{"not_picked":["Power Through","True Grit"],"picked":"Pommel Strike","floor":1.0},{"not_picked":["True Grit","Thunderclap"],"picked":"Pommel Strike","floor":5.0},{"not_picked":["Flex","Rupture"],"picked":"Demon Form","floor":6.0},{"not_picked":["Disarm","Feel No Pain"],"picked":"Twin Strike","floor":7.0},{"not_picked":["Intimidate","Warcry","True Grit"],"picked":"SKIP","floor":8.0},{"not_picked":["Flex","Wild Strike","Dark Embrace"],"picked":"SKIP","floor":10.0},{"not_picked":["Spot Weakness","Uppercut"],"picked":"Ghostly Armor","floor":12.0},{"not_picked":["Clothesline","Entrench"],"picked":"Heavy Blade","floor":13.0},{"not_picked":["Shrug It Off","Clothesline"],"picked":"Flame Barrier","floor":14.0},{"not_picked":["Feed","Brutality"],"picked":"Berserk","floor":16},{"not_picked":["Dual Wield+1","Pommel Strike"],"picked":"Twin Strike+1","floor":18},{"not_picked":["Twin Strike","Leap","Prepared"],"picked":"SKIP","floor":21}],"player_experience":244920,"relics_obtained":[{"floor":6.0,"key":"Old Coin"},{"floor":8.0,"key":"Art of War"},{"floor":9.0,"key":"Kunai"},{"floor":10.0,"key":"Oddly Smooth Stone"}],"event_choices":[{"damage_healed":0.0,"max_hp_gain":0.0,"max_hp_loss":0.0,"gold_gain":0.0,"event_name":"The Cleric","player_choice":"Leave","floor":2.0,"gold_loss":0.0,"damage_taken":0.0},{"damage_healed":0.0,"max_hp_gain":0.0,"max_hp_loss":0.0,"gold_gain":0.0,"event_name":"Scrap Ooze","player_choice":"Success","floor":3.0,"gold_loss":0.0,"damage_taken":26.0,"relics_obtained":["Centennial Puzzle"]},{"damage_healed":0.0,"max_hp_gain":5.0,"max_hp_loss":0.0,"gold_gain":0.0,"event_name":"Big Fish","player_choice":"Donut","floor":4.0,"gold_loss":0.0,"damage_taken":0.0},{"damage_healed":20.0,"max_hp_gain":0.0,"max_hp_loss":0.0,"gold_gain":0.0,"event_name":"Mushrooms","player_choice":"Healed and dodged fight","floor":11.0,"gold_loss":0.0,"damage_taken":0.0,"cards_obtained":["Parasite"]},{"damage_healed":0,"gold_gain":0,"player_choice":"Damaged","damage_taken":12,"max_hp_gain":0,"max_hp_loss":0,"event_name":"Wheel of Change","floor":19,"gold_loss":0}],"is_beta":false,"boss_relics":[{"not_picked":["Ectoplasm","Runic Dome"],"picked":"Pandora\u0027s Box"}],"items_purged_floors":[20],"is_endless":false,"potions_floor_spawned":[1,7,13,14,16,18],"killed_by":"Cultist and Chosen","ascension_level":19}}