{"host":"phy652c7lim9lcu2","time":1613357079,"event":{"mods":["BaseMod","Colored Powertips","Googly Eyes","Minty Spire (QoL Compilation)","Relic Stats","Spicy Shops","StSLib","everything is the same but u backflip on backflip"],"gold_per_floor":[15,27,37,55,55,55,87,87,87,115,215,233,308,308,308,411,411,430,448,374,384,209,240,115,115,115],"floor_reached":25,"language":"ENG","playtime":751,"items_purged":["FollowUp","Strike_P+1","Strike_P+1"],"score":420,"play_id":"2057c106-99e8-48a0-915b-be570ddf9cb7","local_time":"20210215124439","is_ascension_mode":true,"campfire_choices":[{"data":"Study","floor":6.0,"key":"SMITH"},{"data":"PathToVictory","floor":8.0,"key":"SMITH"},{"data":"PathToVictory","floor":15.0,"key":"SMITH"}],"circlet_count":0,"master_deck":["AscendersBane","Defend_P","Defend_P","Defend_P","Eruption","Vigilance","Study+1","PathToVictory+1","PathToVictory","CutThroughFate","PathToVictory+1","Judgement","Wireheading","LikeWater","PathToVictory","Wireheading"],"relics":["PureWater","Whetstone","Pear","StoneCalendar","Black Star","Damaru","TeardropLocket","Orichalcum"],"acts_visited":["Exordium","TheCity"],"potions_floor_usage":[25,25],"damage_taken":[{"damage":1.0,"enemies":"2 Louse","floor":1.0,"turns":3.0},{"damage":0.0,"enemies":"Cultist","floor":2.0,"turns":3.0},{"damage":0.0,"enemies":"Small Slimes","floor":3.0,"turns":3.0},{"damage":0.0,"enemies":"2 Fungi Beasts","floor":4.0,"turns":3.0},{"damage":30.0,"enemies":"Gremlin Nob","floor":7.0,"turns":4.0},{"damage":12.0,"enemies":"Lagavulin","floor":10.0,"turns":5.0},{"damage":0.0,"enemies":"Large Slime","floor":12.0,"turns":3.0},{"damage":9.0,"enemies":"Hexaghost","floor":16.0,"turns":5.0},{"damage":22.0,"enemies":"Shell Parasite","floor":18.0,"turns":3.0},{"damage":0.0,"enemies":"Spheric Guardian","floor":19.0,"turns":2.0},{"damage":2.0,"enemies":"Snecko","floor":21.0,"turns":4.0},{"damage":31.0,"enemies":"Book of Stabbing","floor":23.0,"turns":4.0},{"damage":27,"enemies":"Gremlin Leader","floor":25,"turns":2}],"seed_played":"-886629367258342572","potions_obtained":[{"floor":1.0,"key":"BottledMiracle"},{"floor":4.0,"key":"Fruit Juice"},{"floor":10.0,"key":"FearPotion"},{"floor":16.0,"key":"ColorlessPotion"},{"floor":19.0,"key":"Dexterity Potion"},{"floor":23.0,"key":"Dexterity Potion"}],"is_trial":false,"path_per_floor":["M","M","M","M","?","R","E","R","T","E","?","M","?","?","R","B",null,"M","M","?","M","$","E","$","E"],"character_chosen":"WATCHER","items_purchased":[],"campfire_rested":0,"item_purchase_floors":[],"current_hp_per_floor":[64,64,64,64,69,69,44,44,54,42,42,42,31,24,24,15,73,51,51,51,49,49,18,18,0,0],"gold":115,"neow_bonus":"REMOVE_TWO","is_daily":false,"chose_seed":false,"campfire_upgraded":3,"win_rate":0.0,"timestamp":1613357079,"path_taken":["M","M","M","M","?","R","E","R","T","E","?","?","?","?","R","BOSS","M","M","?","M","$","E","$","E"],"items_purchased_type":[],"build_version":"2020-12-22","purchased_purges":3,"victory":false,"max_hp_per_floor":[72,72,72,72,77,77,82,82,92,92,92,92,92,92,92,92,92,92,92,92,92,92,92,92,92,92],"relic_stats":{"counters":[13,44],"StoneCalendar":[0],"Black Star":1,"Whetstone":["Strike_P","Strike_P"],"Orichalcum":[6],"obtain_stats":[{"Pear":9,"Damaru":20,"StoneCalendar":10,"Black Star":17,"Whetstone":7,"TeardropLocket":23,"PureWater":0,"Orichalcum":23},{"Pear":5,"Damaru":10,"StoneCalendar":6,"Black Star":8,"Whetstone":5,"TeardropLocket":12,"PureWater":0,"Orichalcum":12},{"Pear":16,"Damaru":34,"StoneCalendar":21,"Black Star":29,"Whetstone":16,"TeardropLocket":42,"PureWater":0,"Orichalcum":42}]},"card_choices":[{"not_picked":["InnerPeace","EmptyBody"],"picked":"Study","floor":1.0},{"not_picked":["EmptyMind","Crescendo"],"picked":"FollowUp","floor":2.0},{"not_picked":["FollowUp","Wallop"],"picked":"PathToVictory","floor":3.0},{"not_picked":["ThirdEye","Collect"],"picked":"PathToVictory","floor":4.0},{"not_picked":["SignatureMove","Tantrum"],"picked":"CutThroughFate","floor":7.0},{"not_picked":["FlyingSleeves","EmptyFist"],"picked":"PathToVictory","floor":10.0},{"not_picked":["WreathOfFlame","FlurryOfBlows","ClearTheMind"],"picked":"SKIP","floor":12.0},{"not_picked":["Establishment","DeusExMachina"],"picked":"Judgement","floor":16.0},{"not_picked":["FlyingSleeves","ClearTheMind"],"picked":"Wireheading","floor":18.0},{"not_picked":["FlurryOfBlows+1","CutThroughFate"],"picked":"LikeWater","floor":19.0},{"not_picked":["Halt","SashWhip"],"picked":"PathToVictory","floor":21.0},{"not_picked":["Evaluate","Consecrate"],"picked":"Wireheading","floor":23.0}],"player_experience":330243,"relics_obtained":[{"floor":7.0,"key":"Whetstone"},{"floor":9.0,"key":"Pear"},{"floor":10.0,"key":"StoneCalendar"},{"floor":23.0,"key":"TeardropLocket"},{"floor":23.0,"key":"Orichalcum"}],"event_choices":[{"damage_healed":0.0,"max_hp_gain":5.0,"max_hp_loss":0.0,"gold_gain":0.0,"event_name":"Big Fish","player_choice":"Donut","floor":5.0,"gold_loss":0.0,"damage_taken":0.0},{"damage_healed":0.0,"max_hp_gain":0.0,"max_hp_loss":0.0,"gold_gain":100.0,"event_name":"Golden Shrine","player_choice":"Pray","floor":11.0,"gold_loss":0.0,"damage_taken":0.0},{"damage_healed":0.0,"max_hp_gain":0.0,"max_hp_loss":0.0,"gold_gain":75.0,"event_name":"World of Goop","player_choice":"Gather Gold","floor":13.0,"gold_loss":0.0,"damage_taken":11.0},{"cards_removed":["Strike_P"],"damage_healed":0.0,"max_hp_gain":0.0,"max_hp_loss":0.0,"gold_gain":0.0,"event_name":"Golden Wing","player_choice":"Card Removal","floor":14.0,"gold_loss":0.0,"damage_taken":7.0},{"damage_healed":0.0,"max_hp_gain":0.0,"max_hp_loss":0.0,"gold_gain":0.0,"event_name":"WeMeetAgain","player_choice":"Paid Gold","floor":20.0,"gold_loss":74.0,"damage_taken":0.0,"relics_obtained":["Damaru"]}],"is_beta":false,"boss_relics":[{"not_picked":["Coffee Dripper","SacredBark"],"picked":"Black Star"}],"items_purged_floors":[22,22,24],"is_endless":false,"potions_floor_spawned":[1,4,10,16,19,23],"killed_by":"Gremlin Leader","ascension_level":12}}