{"host":"j5j96s76v36ug78u","time":1613416776,"event":{"mods":["BaseMod","Better Third Choice","Downfall","Highlight Path","Minty Spire (QoL Compilation)","Reliquary","StSLib","The Animator"],"gold_per_floor":[99,99,99,274,128,128,128,13,13,46,63,63,96,110,124,221,221,21,33,33,52,62,73,73,73,73,73],"floor_reached":25,"language":"ENG","playtime":1886,"items_purged":["Doubt","hexamod:Defend"],"score":209,"play_id":"3cee2512-9207-4dea-a293-7859a6eeb6bd","local_time":"20210215161936","is_ascension_mode":false,"campfire_choices":[{"floor":1,"key":"RECALL"},{"data":"hexamod:PhantomCloak","floor":9,"key":"SMITH"},{"data":"hexamod:InspiringFlames","floor":12,"key":"SMITH"},{"data":"hexamod:RetreatToShadows","floor":18,"key":"SMITH"}],"circlet_count":0,"master_deck":["hexamod:Strike","hexamod:Strike","hexamod:Defend","hexamod:Defend","hexamod:Defend+1","hexamod:Sear+1","hexamod:Float+1","hexamod:ChargedBarrage","hexamod:ThermalTransfer","hexamod:RetreatToShadows","hexamod:PhantomCloak+1","hexamod:FourthSeal","hexamod:RetreatToShadows+1","hexamod:InspiringFlames+1","hexamod:DynamicBlow","hexamod:SpectersWail+1","hexamod:RecurringNightmare","hexamod:SixthSeal","hexamod:NightmareStrike+1","hexamod:HauntingEcho","hexamod:HeatMetal+1","hexamod:SoulSteal+1"],"relics":["hexamod:SpiritBrand","downfall:HeartsMalice","PreservedInsect","MealTicket","reliquary:SharkskinSheath","Black Star","downfall:HeartBlessingRed","downfall:HeartBlessingGreen","reliquary:Firecrackers"],"acts_visited":["Exordium","TheCity"],"potions_floor_usage":[11,13,13,16,19,19,21,21,22,23,23,25,25],"damage_taken":[{"damage":0,"enemies":"Cultist","floor":2,"turns":1},{"damage":0,"enemies":"downfall:FleeingMerchant","floor":5,"turns":1},{"damage":0,"enemies":"Small Slimes","floor":6,"turns":1},{"damage":0,"enemies":"downfall:FleeingMerchant","floor":8,"turns":4},{"damage":19,"enemies":"Gremlin Nob","floor":10,"turns":3},{"damage":7,"enemies":"Jaw Worm","floor":11,"turns":4},{"damage":9,"enemies":"Lagavulin","floor":13,"turns":5},{"damage":7,"enemies":"Red Slaver","floor":14,"turns":4},{"damage":7,"enemies":"downfall:LooterAlt","floor":15,"turns":3},{"damage":4,"enemies":"SI_SHIV_ARCHETYPE","floor":16,"turns":9},{"damage":11,"enemies":"Chosen","floor":19,"turns":6},{"damage":15,"enemies":"downfall:LooterAlt2","floor":21,"turns":6},{"damage":40,"enemies":"3 Cultists","floor":22,"turns":7},{"damage":4,"enemies":"Centurion and Healer","floor":23,"turns":7},{"damage":10,"enemies":"Shelled Parasite and Fungi","floor":25,"turns":4}],"seed_played":"7194085983940936891","potions_obtained":[{"floor":10,"key":"Guardian:BlockOnCardUsePotion"},{"floor":10,"key":"Fire Potion"},{"floor":11,"key":"Fruit Juice"},{"floor":11,"key":"Swift Potion"},{"floor":13,"key":"Guardian:BlockOnCardUsePotion"},{"floor":13,"key":"EssenceOfSteel"},{"floor":14,"key":"Weak Potion"},{"floor":16,"key":"Block Potion"},{"floor":19,"key":"Fruit Juice"},{"floor":19,"key":"Strength Potion"},{"floor":21,"key":"Explosive Potion"},{"floor":22,"key":"Guardian:BlockOnCardUsePotion"},{"floor":22,"key":"champ:CounterPotion"},{"floor":23,"key":"DuplicationPotion"},{"floor":23,"key":"Dexterity Potion"}],"is_trial":false,"path_per_floor":["R","M","?","?","$","M","T","$","R","E","M","R","E","M","M","B",null,"R","M","?","M","M","M","T","M"],"character_chosen":"THE_SPIRIT","items_purchased":["hexamod:RetreatToShadows"],"campfire_rested":0,"item_purchase_floors":[5],"current_hp_per_floor":[70,70,70,70,70,70,70,70,70,51,49,49,40,33,26,22,75,75,69,69,54,14,10,10,0,0,0],"gold":73,"neow_bonus":"THREE_ENEMY_KILL","is_daily":false,"chose_seed":false,"campfire_upgraded":3,"win_rate":0.0,"timestamp":1613416776,"path_taken":["R","M","?","?","?","?","T","?","R","E","M","R","E","M","M","BOSS","R","M","?","?","M","M","T","M"],"items_purchased_type":["Card"],"build_version":"2020-12-22","purchased_purges":2,"victory":false,"max_hp_per_floor":[70,70,70,70,70,70,70,70,70,70,75,75,75,75,75,75,75,75,80,80,80,80,80,80,80,80,80],"card_choices":[{"not_picked":["hexamod:EmpoweredFlame","hexamod:FastForward"],"picked":"hexamod:ChargedBarrage","floor":2},{"not_picked":["hexamod:HeatCrush","hexamod:HeatMetal"],"picked":"hexamod:ThermalTransfer","floor":5},{"not_picked":["hexamod:BacktrackSmack","hexamod:ThermalTransfer"],"picked":"hexamod:PhantomCloak","floor":6},{"not_picked":["hexamod:GhostLash","hexamod:GhostflameBarrier"],"picked":"hexamod:FourthSeal","floor":8},{"not_picked":["hexamod:RainOfEmbers","hexamod:AdvancingGuard"],"picked":"hexamod:RetreatToShadows","floor":10},{"not_picked":["hexamod:SwordOfDarkness","hexamod:BacktrackSmack"],"picked":"hexamod:InspiringFlames","floor":11},{"not_picked":["hexamod:SkipABeat","hexamod:PhantomCloak"],"picked":"hexamod:DynamicBlow","floor":13},{"not_picked":["hexamod:InspiringFlames","hexamod:NightmareGuise"],"picked":"hexamod:SpectersWail","floor":14},{"not_picked":["hexamod:EmpoweredFlame","hexamod:GhostLash"],"picked":"hexamod:RecurringNightmare","floor":15},{"not_picked":["hexamod:UnlimitedPower","hexamod:WildfireWeapon"],"picked":"hexamod:SixthSeal","floor":16},{"not_picked":["hexamod:SpectersWail","hexamod:CatchUp"],"picked":"hexamod:NightmareStrike+1","floor":19},{"not_picked":["hexamod:PhantomCloak","hexamod:AdvancingGuard"],"picked":"hexamod:HauntingEcho","floor":21},{"not_picked":["hexamod:BurningTouch","hexamod:RadiantFlame"],"picked":"hexamod:HeatMetal+1","floor":22},{"not_picked":["hexamod:SwordOfDarkness","hexamod:EtherealExpedition"],"picked":"hexamod:SoulSteal+1","floor":23}],"player_experience":258519,"relics_obtained":[{"floor":7,"key":"PreservedInsect"},{"floor":10,"key":"MealTicket"},{"floor":13,"key":"reliquary:SharkskinSheath"},{"floor":24,"key":"reliquary:Firecrackers"}],"event_choices":[{"cards_removed":["hexamod:Strike"],"damage_healed":0,"gold_gain":0,"player_choice":"Offered Basic","damage_taken":0,"max_hp_gain":0,"max_hp_loss":0,"event_name":"Bonfire Elementals","floor":20,"gold_loss":0}],"is_beta":false,"boss_relics":[{"not_picked":["hexamod:UnbrokenSoul","Sozu"],"picked":"Black Star"}],"items_purged_floors":[5,8],"is_endless":false,"potions_floor_spawned":[10,11,13,16,19,22,23],"killed_by":"Shelled Parasite and Fungi","ascension_level":0}}