{"host":"k5yjj86hwv5qv2gx","time":1613416596,"event":{"mods":["BaseMod","BetterRewards","Minty Spire (QoL Compilation)","StSLib"],"gold_per_floor":[111,386,406,421,431,431,464,464,464,499,512,6,6,17,17,17,17],"floor_reached":16,"language":"ENG","playtime":422,"items_purged":["Regret"],"score":224,"play_id":"87c552b3-2586-4490-9dc9-12afcc075983","local_time":"20210215111636","is_ascension_mode":true,"campfire_choices":[{"data":"Pommel Strike","floor":6.0,"key":"SMITH"},{"data":"Feel No Pain","floor":8.0,"key":"SMITH"},{"data":"Armaments","floor":15.0,"key":"SMITH"}],"circlet_count":0,"master_deck":["AscendersBane","Strike_R","Strike_R","Strike_R","Strike_R","Strike_R","Defend_R","Defend_R","Defend_R","Defend_R","Bash","Headbutt","Perfected Strike","Pommel Strike+1","Evolve","Feel No Pain+1","Twin Strike","Reaper","Regret","Armaments+1"],"relics":["Burning Blood","NeowsBlessing","Mummified Hand","Calipers","FossilizedHelix","Question Card","StrikeDummy"],"acts_visited":["Exordium"],"potions_floor_usage":[],"damage_taken":[{"damage":0.0,"enemies":"Jaw Worm","floor":1.0,"turns":1.0},{"damage":0.0,"enemies":"Cultist","floor":3.0,"turns":1.0},{"damage":0.0,"enemies":"Small Slimes","floor":4.0,"turns":1.0},{"damage":25.0,"enemies":"Gremlin Gang","floor":5.0,"turns":4.0},{"damage":26.0,"enemies":"Lagavulin","floor":7.0,"turns":6.0},{"damage":32.0,"enemies":"Gremlin Nob","floor":10.0,"turns":4.0},{"damage":9.0,"enemies":"Exordium Wildlife","floor":11.0,"turns":4.0},{"damage":6.0,"enemies":"Exordium Thugs","floor":14.0,"turns":3.0},{"damage":16,"enemies":"Slime Boss","floor":16,"turns":7}],"seed_played":"5975243856962997409","potions_obtained":[{"floor":4.0,"key":"Block Potion"},{"floor":11.0,"key":"EntropicBrew"}],"is_trial":false,"path_per_floor":["M","?","M","M","M","R","E","R","T","E","M","$","?","M","R","B"],"character_chosen":"IRONCLAD","items_purchased":["Question Card","Reaper"],"campfire_rested":0,"item_purchase_floors":[12,12],"current_hp_per_floor":[74,74,75,75,56,56,36,36,36,10,7,7,7,15,15,9,9],"gold":17,"neow_bonus":"THREE_ENEMY_KILL","is_daily":false,"chose_seed":false,"campfire_upgraded":3,"win_rate":0.0,"timestamp":1613416596,"path_taken":["M","?","?","M","M","R","E","R","T","E","M","$","?","M","R","BOSS"],"items_purchased_type":["Relic","Card"],"build_version":"2020-12-22","purchased_purges":1,"victory":false,"max_hp_per_floor":[75,75,75,75,75,75,75,75,75,75,75,75,75,75,75,75,75],"card_choices":[{"not_picked":["Flex","Twin Strike"],"picked":"Headbutt","floor":1.0},{"not_picked":["Flex","Pommel Strike"],"picked":"Perfected Strike","floor":3.0},{"not_picked":["Iron Wave","Sword Boomerang"],"picked":"Pommel Strike","floor":4.0},{"not_picked":["Inflame","Immolate"],"picked":"Evolve","floor":5.0},{"not_picked":["Sword Boomerang","Wild Strike"],"picked":"Feel No Pain","floor":7.0},{"not_picked":["Twin Strike","Havoc","Wild Strike"],"picked":"SKIP","floor":10.0},{"not_picked":["Havoc","Wild Strike"],"picked":"Twin Strike","floor":10.0},{"not_picked":["Pummel","Entrench","Havoc"],"picked":"SKIP","floor":11.0},{"not_picked":["Heavy Blade","Inflame","Clothesline"],"picked":"Armaments","floor":14.0}],"player_experience":1176169,"relics_obtained":[{"floor":7.0,"key":"Mummified Hand"},{"floor":9.0,"key":"Calipers"},{"floor":10.0,"key":"FossilizedHelix"}],"event_choices":[{"damage_healed":0.0,"max_hp_gain":0.0,"max_hp_loss":0.0,"gold_gain":275.0,"event_name":"Golden Shrine","player_choice":"Desecrate","floor":2.0,"gold_loss":0.0,"damage_taken":0.0,"cards_obtained":["Regret"]},{"damage_healed":0.0,"max_hp_gain":0.0,"max_hp_loss":0.0,"gold_gain":0.0,"event_name":"Big Fish","player_choice":"Box","floor":13.0,"gold_loss":0.0,"damage_taken":0.0,"relics_obtained":["StrikeDummy"],"cards_obtained":["Regret"]}],"is_beta":false,"boss_relics":[],"items_purged_floors":[12],"is_endless":false,"potions_floor_spawned":[4,11],"killed_by":"Slime Boss","ascension_level":20}}