{"host":"wmrrle71ao22fxdw","time":1613401339,"event":{"mods":["BaseMod","Colored Map","Minty Spire (QoL Compilation)"],"gold_per_floor":[109,60,235,255,273,302,313,325,325,336,336,336],"floor_reached":11,"language":"ENG","playtime":527,"items_purged":[],"score":77,"play_id":"ed82df1a-a93b-4fd8-93ea-fd174c5fbc48","local_time":"20210215160219","is_ascension_mode":false,"campfire_choices":[],"circlet_count":0,"master_deck":["Strike_P","Strike_P","Strike_P","Strike_P","Defend_P","Defend_P","Defend_P","Defend_P","Eruption","Vigilance","Metamorphosis","ThirdEye","Protect","Doubt","InnerPeace","Worship","Fasting2","LikeWater","Protect","Conclude"],"relics":["PureWater","White Beast Statue","Toxic Egg 2"],"acts_visited":[],"potions_floor_usage":[],"damage_taken":[{"damage":2,"enemies":"Small Slimes","floor":1,"turns":2},{"damage":0,"enemies":"Jaw Worm","floor":4,"turns":3},{"damage":0,"enemies":"Cultist","floor":5,"turns":3},{"damage":7,"enemies":"3 Sentries","floor":6,"turns":7},{"damage":24,"enemies":"Exordium Wildlife","floor":7,"turns":8},{"damage":2,"enemies":"Exordium Thugs","floor":8,"turns":3},{"damage":12,"enemies":"Red Slaver","floor":10,"turns":5},{"damage":49,"enemies":"Gremlin Nob","floor":11,"turns":5}],"seed_played":"2770112456246407249","potions_obtained":[{"floor":1,"key":"Strength Potion"},{"floor":6,"key":"GamblersBrew"},{"floor":7,"key":"FairyPotion"},{"floor":8,"key":"Explosive Potion"}],"is_trial":false,"path_per_floor":["M","$","?","M","M","E","M","M","T","M","E"],"character_chosen":"WATCHER","items_purchased":["Protect"],"campfire_rested":0,"item_purchase_floors":[2],"current_hp_per_floor":[63,63,63,63,63,56,32,30,30,18,0,0],"gold":336,"neow_bonus":"RANDOM_COLORLESS_2","is_daily":false,"chose_seed":false,"campfire_upgraded":0,"win_rate":0.0,"timestamp":1613401339,"path_taken":["M","$","?","M","M","E","M","M","T","M","E"],"items_purchased_type":["Card"],"build_version":"2020-12-22","purchased_purges":0,"victory":false,"max_hp_per_floor":[65,65,65,65,65,65,65,65,65,65,65,65],"card_choices":[{"not_picked":["Secret Weapon","The Bomb"],"picked":"Metamorphosis","floor":0},{"not_picked":["JustLucky","Prostrate"],"picked":"ThirdEye","floor":1},{"not_picked":["Weave","FlyingSleeves"],"picked":"InnerPeace","floor":4},{"not_picked":["CutThroughFate","BattleHymn"],"picked":"Worship","floor":5},{"not_picked":["Alpha","LikeWater"],"picked":"Fasting2","floor":6},{"not_picked":["SignatureMove","Pray"],"picked":"LikeWater","floor":7},{"not_picked":["BowlingBash","BattleHymn"],"picked":"Protect","floor":8},{"not_picked":["Consecrate","Evaluate+1"],"picked":"Conclude","floor":10}],"player_experience":98667,"relics_obtained":[{"floor":6,"key":"White Beast Statue"},{"floor":9,"key":"Toxic Egg 2"}],"event_choices":[{"damage_healed":0,"gold_gain":175,"player_choice":"AGREE","damage_taken":0,"max_hp_gain":0,"max_hp_loss":0,"event_name":"Liars Game","floor":3,"gold_loss":0,"cards_obtained":["Doubt"]}],"is_beta":false,"boss_relics":[],"items_purged_floors":[],"is_endless":false,"potions_floor_spawned":[1,6,7,8,10],"killed_by":"Gremlin Nob","ascension_level":0}}