{"host":"wuernuywc9gl215o","time":1613424737,"event":{"mods":["2.2 Compatiblity","AchievementEnabler","BaseMod","Bestiary","Block Reminder","Displayed Cursed Tome","Highlight Path","Key Reminder","Minty Spire (QoL Compilation)","Permanent Neow","Potion Indicator Mod","Quick Restart","Rare Cards Sparkle","Relic Stats","ojb\u0027s Info Mod"],"gold_per_floor":[109,125,144,144,157,157,188,203,203,214,214,241,241,254,254,254,254],"floor_reached":16,"language":"ENG","playtime":747,"items_purged":[],"score":228,"play_id":"dc338630-dbb1-451e-93a2-cb616fda13c0","local_time":"20210215213217","is_ascension_mode":true,"campfire_choices":[{"data":"Bash","floor":6.0,"key":"SMITH"},{"floor":11.0,"key":"REST"},{"floor":15.0,"key":"REST"}],"circlet_count":0,"master_deck":["AscendersBane","Strike_R","Strike_R","Strike_R","Strike_R","Defend_R","Defend_R","Defend_R","Defend_R","Bash+1","Perfected Strike","Perfected Strike","Evolve","Rampage","Rage","Feed","Anger","Twin Strike","Headbutt","Pain"],"relics":["SlaversCollar","Bottled Flame","keyreminder:keyreminder","Mummified Hand","WarpedTongs"],"acts_visited":["Exordium"],"potions_floor_usage":[16],"damage_taken":[{"damage":3.0,"enemies":"2 Louse","floor":1.0,"turns":4.0},{"damage":8.0,"enemies":"Cultist","floor":2.0,"turns":5.0},{"damage":7.0,"enemies":"Jaw Worm","floor":3.0,"turns":2.0},{"damage":12.0,"enemies":"Looter","floor":5.0,"turns":3.0},{"damage":6.0,"enemies":"Gremlin Nob","floor":7.0,"turns":3.0},{"damage":8.0,"enemies":"Lots of Slimes","floor":8.0,"turns":4.0},{"damage":4.0,"enemies":"Blue Slaver","floor":10.0,"turns":6.0},{"damage":30.0,"enemies":"3 Sentries","floor":12.0,"turns":7.0},{"damage":10.0,"enemies":"Exordium Wildlife","floor":14.0,"turns":3.0},{"damage":47,"enemies":"The Guardian","floor":16,"turns":7}],"seed_played":"-8945148643472867560","potions_obtained":[{"floor":2.0,"key":"Fruit Juice"},{"floor":3.0,"key":"HeartOfIron"},{"floor":5.0,"key":"AttackPotion"},{"floor":12.0,"key":"EssenceOfSteel"},{"floor":14.0,"key":"Block Potion"}],"is_trial":false,"path_per_floor":["M","M","M","?","M","R","E","M","T","M","R","E","?","M","R","B"],"character_chosen":"IRONCLAD","items_purchased":[],"campfire_rested":2,"item_purchase_floors":[],"current_hp_per_floor":[65,57,50,50,43,43,37,32,32,28,52,25,25,18,44,0,0],"gold":254,"neow_bonus":"BOSS_RELIC","is_daily":false,"chose_seed":false,"campfire_upgraded":1,"win_rate":0.0,"timestamp":1613424737,"path_taken":["M","M","M","?","M","R","E","M","T","M","R","E","?","?","R","BOSS"],"items_purchased_type":[],"build_version":"2020-12-22","purchased_purges":0,"victory":false,"max_hp_per_floor":[75,75,75,75,80,80,80,83,83,83,83,86,86,89,89,89,89],"relic_stats":{"counters":[10,44],"Mummified Hand":[2],"obtain_stats":[{"keyreminder:keyreminder":9,"SlaversCollar":0,"Bottled Flame":7,"Mummified Hand":12,"Burning Blood":0,"WarpedTongs":13},{"keyreminder:keyreminder":6,"SlaversCollar":0,"Bottled Flame":5,"Mummified Hand":8,"Burning Blood":0,"WarpedTongs":8},{"keyreminder:keyreminder":21,"SlaversCollar":0,"Bottled Flame":17,"Mummified Hand":34,"Burning Blood":0,"WarpedTongs":34}],"WarpedTongs":[10]},"card_choices":[{"not_picked":["Body Slam","Clash"],"picked":"Perfected Strike","floor":1.0},{"not_picked":["Headbutt","Armaments"],"picked":"Perfected Strike","floor":2.0},{"not_picked":["Metallicize","Fire Breathing"],"picked":"Evolve","floor":3.0},{"not_picked":["Dual Wield","Clothesline"],"picked":"Rage","floor":5.0},{"not_picked":["Second Wind","Warcry"],"picked":"Feed","floor":7.0},{"not_picked":["Flex","Perfected Strike"],"picked":"Anger","floor":8.0},{"not_picked":["Sever Soul","Sword Boomerang"],"picked":"Twin Strike","floor":10.0},{"not_picked":["Anger","Thunderclap"],"picked":"Headbutt","floor":12.0},{"not_picked":["Sever Soul","Pommel Strike","Second Wind"],"picked":"SKIP","floor":14.0}],"player_experience":978398,"relics_obtained":[{"floor":7.0,"key":"Bottled Flame"},{"floor":12.0,"key":"Mummified Hand"}],"event_choices":[{"damage_healed":0.0,"max_hp_gain":0.0,"max_hp_loss":0.0,"gold_gain":0.0,"cards_transformed":["Strike_R"],"event_name":"Living Wall","player_choice":"Change","floor":4.0,"gold_loss":0.0,"damage_taken":0.0,"cards_obtained":["Rampage"]},{"damage_healed":0.0,"max_hp_gain":0.0,"max_hp_loss":0.0,"gold_gain":0.0,"event_name":"Accursed Blacksmith","player_choice":"Rummage","floor":13.0,"gold_loss":0.0,"damage_taken":0.0,"relics_obtained":["WarpedTongs"],"cards_obtained":["Pain"]}],"is_beta":false,"boss_relics":[],"items_purged_floors":[],"is_endless":false,"potions_floor_spawned":[2,3,5,12,14],"killed_by":"The Guardian","ascension_level":20}}