{"host":"cjhtzh7tp54jdfyv","time":1613405339,"event":{"mods":["AchievementEnabler","BaseMod","Colored Map","Colored Powertips","Curses Come First","DeckTracker","Minty Spire (QoL Compilation)","RNG Fix","Relic Sorter","Relic Stats","StSLib","UnlockEverythingMod","ojb\u0027s Better Paths Mod","ojb\u0027s Info Mod"],"gold_per_floor":[113,123,133,133,146,174,185,213,213,230,261,277,287,287,287,361,361,376,376,388,404,136,153,153,125,125,50,81,92,92,118,130,221,233,261,322,334,346,370,417,442,487,499,130,142,142,161,193,193,193,193,193],"floor_reached":51,"language":"ENG","playtime":5902,"items_purged":["Normality","Conclude"],"score":1652,"play_id":"4ce1dbc3-52eb-4fe0-b014-96386a6b85a3","local_time":"20210215110859","is_ascension_mode":true,"campfire_choices":[{"data":"CrushJoints","floor":15,"key":"SMITH"},{"data":"Scrawl","floor":24,"key":"SMITH"},{"data":"Scrawl","floor":32,"key":"SMITH"},{"floor":49,"key":"RECALL"}],"circlet_count":0,"master_deck":["AscendersBane","Strike_P+1","Strike_P+1","Strike_P+1","Strike_P+1","Eruption+1","Vigilance","CutThroughFate","CrushJoints+1","Scrawl+1","Adaptation","EmptyFist","DeceiveReality","TalkToTheHand","JustLucky","Scrawl+1","CutThroughFate","JustLucky","Adaptation","Omniscience","Adaptation+1","Meditate+1","Wireheading+1","Tantrum","Halt+1","FearNoEvil","InnerPeace","MentalFortress","Blind","Good Instincts"],"relics":["Cursed Key","Pen Nib","Boot","PreservedInsect","Busted Crown","Question Card","HornCleat","MawBank","Astrolabe","Torii","Centennial Puzzle","Frozen Eye","Letter Opener"],"acts_visited":["Exordium","TheCity","TheBeyond"],"potions_floor_usage":[10,16,21,28,33,36,47,51],"damage_taken":[{"damage":0.0,"enemies":"2 Louse","floor":1.0,"turns":4.0},{"damage":0.0,"enemies":"Small Slimes","floor":2.0,"turns":1.0},{"damage":2.0,"enemies":"Jaw Worm","floor":3.0,"turns":4.0},{"damage":4.0,"enemies":"Red Slaver","floor":5.0,"turns":3.0},{"damage":16.0,"enemies":"Gremlin Nob","floor":6.0,"turns":3.0},{"damage":0.0,"enemies":"2 Fungi Beasts","floor":7.0,"turns":3.0},{"damage":0.0,"enemies":"3 Sentries","floor":8.0,"turns":2.0},{"damage":0,"enemies":"3 Louse","floor":10,"turns":1},{"damage":19,"enemies":"Lagavulin","floor":11,"turns":6},{"damage":0,"enemies":"Exordium Wildlife","floor":12,"turns":2},{"damage":0,"enemies":"Blue Slaver","floor":13,"turns":3},{"damage":8,"enemies":"Hexaghost","floor":16,"turns":4},{"damage":10,"enemies":"2 Thieves","floor":18,"turns":3},{"damage":0,"enemies":"Spheric Guardian","floor":20,"turns":3},{"damage":9,"enemies":"Centurion and Healer","floor":21,"turns":7},{"damage":0,"enemies":"Snecko","floor":23,"turns":4},{"damage":12,"enemies":"Book of Stabbing","floor":28,"turns":3},{"damage":5,"enemies":"Snake Plant","floor":29,"turns":3},{"damage":2,"enemies":"Gremlin Leader","floor":31,"turns":2},{"damage":6,"enemies":"Automaton","floor":33,"turns":5},{"damage":37,"enemies":"3 Darklings","floor":35,"turns":8},{"damage":0,"enemies":"2 Orb Walkers","floor":36,"turns":2},{"damage":1,"enemies":"Orb Walker","floor":39,"turns":3},{"damage":0,"enemies":"Reptomancer","floor":40,"turns":2},{"damage":0,"enemies":"Transient","floor":41,"turns":6},{"damage":1,"enemies":"Giant Head","floor":42,"turns":4},{"damage":1,"enemies":"4 Shapes","floor":45,"turns":3},{"damage":6,"enemies":"3 Darklings","floor":47,"turns":2},{"damage":0,"enemies":"Nemesis","floor":48,"turns":5},{"damage":16,"enemies":"Awakened One","floor":50,"turns":6},{"damage":21,"enemies":"Time Eater","floor":51,"turns":9}],"seed_played":"14015281325544157","potions_obtained":[{"floor":2.0,"key":"Strength Potion"},{"floor":6.0,"key":"SkillPotion"},{"floor":7.0,"key":"FearPotion"},{"floor":11,"key":"Energy Potion"},{"floor":18,"key":"SteroidPotion"},{"floor":20,"key":"Regen Potion"},{"floor":21,"key":"Strength Potion"},{"floor":29,"key":"BottledMiracle"},{"floor":39,"key":"GamblersBrew"},{"floor":42,"key":"DistilledChaos"},{"floor":47,"key":"SteroidPotion"}],"is_trial":false,"path_per_floor":["M","M","M","?","M","E","M","E","T","M","E","M","M","?","R","B",null,"M","?","M","M","$","M","R","$","T","$","E","M","?","E","R","B",null,"M","?","?","?","M","E","M","E","T","$","M","?","M","E","R","B","B"],"character_chosen":"WATCHER","items_purchased":["Question Card","JustLucky","Frozen Eye","InnerPeace","MentalFortress"],"campfire_rested":0,"item_purchase_floors":[22,25,44,44,44],"current_hp_per_floor":[61,61,59,59,55,39,39,39,39,39,20,20,20,13,13,5,52,42,42,42,48,48,48,48,48,48,48,36,31,31,29,29,23,57,20,20,20,56,55,55,55,54,54,54,53,43,37,37,37,21,0,0],"gold":193,"neow_bonus":"BOSS_RELIC","is_daily":false,"chose_seed":false,"campfire_upgraded":3,"win_rate":0.0,"timestamp":1613405339,"path_taken":["M","M","M","?","M","E","M","E","T","M","E","M","?","?","R","BOSS","M","?","M","M","?","M","R","$","T","$","E","?","?","E","R","BOSS","M","?","?","?","M","E","M","E","T","$","?","?","?","E","R","BOSS","BOSS"],"items_purchased_type":["Relic","Card","Relic","Card","Card"],"build_version":"2020-12-22","purchased_purges":2,"victory":false,"max_hp_per_floor":[68,68,68,68,68,68,68,68,68,68,68,68,68,68,68,68,68,68,68,68,68,68,68,68,68,68,68,68,68,68,68,68,68,68,68,68,68,56,56,56,56,56,56,56,56,56,56,56,56,56,56,56],"relic_stats":{"Torii":9,"counters":[31,116],"Astrolabe":["Adaptation","Meditate","Wireheading"],"Pen Nib":[38],"PreservedInsect":332,"Letter Opener":[80],"Cursed Key":1,"Boot":[213],"Question Card":17,"MawBank":156,"Centennial Puzzle":[12],"Busted Crown":40,"obtain_stats":[{"Torii":36,"Astrolabe":34,"Pen Nib":6,"PreservedInsect":11,"Letter Opener":48,"Cursed Key":0,"Boot":8,"Question Card":22,"MawBank":31,"Frozen Eye":44,"Centennial Puzzle":42,"Busted Crown":17,"HornCleat":28,"PureWater":0},{"Torii":22,"Astrolabe":20,"Pen Nib":5,"PreservedInsect":9,"Letter Opener":29,"Cursed Key":0,"Boot":7,"Question Card":15,"MawBank":19,"Frozen Eye":26,"Centennial Puzzle":26,"Busted Crown":12,"HornCleat":17,"PureWater":0},{"Torii":76,"Astrolabe":66,"Pen Nib":15,"PreservedInsect":27,"Letter Opener":101,"Cursed Key":0,"Boot":20,"Question Card":49,"MawBank":61,"Frozen Eye":91,"Centennial Puzzle":91,"Busted Crown":36,"HornCleat":56,"PureWater":0}]},"card_choices":[{"not_picked":["Consecrate","LikeWater"],"picked":"Conclude","floor":1.0},{"not_picked":["PathToVictory","Crescendo"],"picked":"CutThroughFate","floor":2.0},{"not_picked":["FollowUp","Wireheading"],"picked":"CrushJoints","floor":3.0},{"not_picked":["CrushJoints","Halt","SashWhip"],"picked":"SKIP","floor":5.0},{"not_picked":["Conclude","Prostrate"],"picked":"Scrawl","floor":6.0},{"not_picked":["Consecrate","Halt"],"picked":"Adaptation","floor":7.0},{"not_picked":["Indignation","Conclude"],"picked":"EmptyFist","floor":8.0},{"not_picked":["ClearTheMind","EmptyBody"],"picked":"DeceiveReality","floor":10},{"not_picked":["Collect","Meditate"],"picked":"TalkToTheHand","floor":11},{"not_picked":["Halt","Protect"],"picked":"JustLucky","floor":12},{"not_picked":["ThirdEye","PathToVictory","Crescendo"],"picked":"SKIP","floor":13},{"not_picked":["Judgement","ConjureBlade"],"picked":"Scrawl","floor":16},{"not_picked":["FlyingSleeves"],"picked":"SKIP","floor":18},{"not_picked":[],"picked":"CutThroughFate","floor":20},{"not_picked":["CutThroughFate"],"picked":"SKIP","floor":21},{"not_picked":["Prostrate","FlyingSleeves"],"picked":"SKIP","floor":23},{"not_picked":["Prostrate+1","Wireheading"],"picked":"SKIP","floor":28},{"not_picked":["Prostrate","Protect"],"picked":"SKIP","floor":29},{"not_picked":["FollowUp"],"picked":"Adaptation","floor":31},{"not_picked":["Blasphemy"],"picked":"Omniscience","floor":33},{"not_picked":["ReachHeaven","EmptyBody"],"picked":"SKIP","floor":35},{"not_picked":["ThirdEye+1"],"picked":"Tantrum","floor":36},{"not_picked":["Brilliance"],"picked":"Halt+1","floor":39},{"not_picked":["SandsOfTime+1"],"picked":"FearNoEvil","floor":40},{"not_picked":["Consecrate","PathToVictory+1"],"picked":"SKIP","floor":41},{"not_picked":["FollowUp","Evaluate+1"],"picked":"SKIP","floor":42},{"not_picked":["Meditate","CutThroughFate"],"picked":"SKIP","floor":45},{"not_picked":["HandOfGreed"],"picked":"Blind","floor":46},{"not_picked":["Magnetism"],"picked":"Good Instincts","floor":46},{"not_picked":["Crescendo","Vengeance+1"],"picked":"SKIP","floor":47},{"not_picked":["FlyingSleeves","FollowUp+1"],"picked":"SKIP","floor":48}],"player_experience":4652541,"relics_obtained":[{"floor":6.0,"key":"Pen Nib"},{"floor":8.0,"key":"Boot"},{"floor":11,"key":"PreservedInsect"},{"floor":28,"key":"HornCleat"},{"floor":31,"key":"MawBank"},{"floor":36,"key":"Torii"},{"floor":42,"key":"Centennial Puzzle"},{"floor":48,"key":"Letter Opener"}],"event_choices":[{"damage_healed":0.0,"max_hp_gain":0.0,"max_hp_loss":0.0,"gold_gain":0.0,"event_name":"Accursed Blacksmith","player_choice":"Forge","floor":4.0,"gold_loss":0.0,"damage_taken":0.0,"cards_upgraded":["Eruption"]},{"cards_removed":["Defend_P"],"damage_healed":0,"gold_gain":0,"player_choice":"Card Removal","damage_taken":7,"max_hp_gain":0,"max_hp_loss":0,"event_name":"Golden Wing","floor":14,"gold_loss":0},{"damage_healed":0,"gold_gain":0,"player_choice":"Ignored","damage_taken":0,"max_hp_gain":0,"max_hp_loss":0,"event_name":"The Mausoleum","floor":19,"gold_loss":0},{"damage_healed":0,"gold_gain":0,"player_choice":"Simplicity","damage_taken":0,"max_hp_gain":0,"max_hp_loss":0,"event_name":"Back to Basics","floor":30,"gold_loss":0,"cards_upgraded":["Strike_P","Strike_P","Strike_P","Strike_P","Defend_P","Defend_P","Defend_P"]},{"damage_healed":0,"gold_gain":0,"player_choice":"Fight","damage_taken":0,"max_hp_gain":0,"max_hp_loss":0,"event_name":"Mysterious Sphere","floor":36,"gold_loss":0},{"damage_healed":0,"gold_gain":0,"player_choice":"Ignored","damage_taken":0,"max_hp_gain":0,"max_hp_loss":0,"event_name":"Tomb of Lord Red Mask","floor":37,"gold_loss":0},{"damage_healed":56,"gold_gain":0,"player_choice":"Heal","damage_taken":0,"max_hp_gain":0,"max_hp_loss":12,"event_name":"The Moai Head","floor":38,"gold_loss":0},{"damage_healed":0,"gold_gain":0,"player_choice":"Memory 3","damage_taken":10,"max_hp_gain":0,"max_hp_loss":0,"event_name":"SensoryStone","floor":46,"gold_loss":0}],"is_beta":false,"boss_relics":[{"not_picked":["Velvet Choker","Calling Bell"],"picked":"Busted Crown"},{"not_picked":["Black Star","Runic Dome"],"picked":"Astrolabe"}],"items_purged_floors":[27,44],"is_endless":false,"potions_floor_spawned":[2,6,7,8,11,18,20,21,29,31,39,42,45,47],"killed_by":"Time Eater","ascension_level":20}}