{"host":"gfxjwtol062e9znw","time":1613390832,"event":{"mods":["BaseMod","Colored Map","Minty Spire (QoL Compilation)","Rare Cards Sparkle","StSLib"],"gold_per_floor":[119,138,157,167,132,132,144,155,206,280,280,303,322,362,362,475,475,496,496,317,67,92,133,133,133],"floor_reached":24,"language":"ENG","playtime":719,"items_purged":["Strike_B"],"score":294,"play_id":"9737f0dd-853f-4c8f-9df2-fae8afe5e238","local_time":"20210215230712","is_ascension_mode":true,"campfire_choices":[{"floor":6.0,"key":"REST"},{"floor":11.0,"key":"REST"},{"data":"Hyperbeam","floor":15,"key":"SMITH"}],"circlet_count":0,"master_deck":["Strike_B","Strike_B","Strike_B","Defend_B","Defend_B","Defend_B","Defend_B","Zap","Dualcast","Defragment","Glacier","Ball Lightning","Hyperbeam+1","Ball Lightning","Steam","Sweeping Beam","Gash","Amplify","Gash","Sunder","Doom and Gloom","Defragment","All For One"],"relics":["Philosopher\u0027s Stone","CeramicFish","Kunai","Inserter","Happy Flower","Potion Belt","Sundial"],"acts_visited":["Exordium","TheCity"],"potions_floor_usage":[14,16,23],"damage_taken":[{"damage":18.0,"enemies":"Small Slimes","floor":1.0,"turns":4.0},{"damage":13.0,"enemies":"Jaw Worm","floor":2.0,"turns":3.0},{"damage":0.0,"enemies":"Cultist","floor":3.0,"turns":4.0},{"damage":10.0,"enemies":"Exordium Wildlife","floor":4.0,"turns":4.0},{"damage":5.0,"enemies":"Blue Slaver","floor":7.0,"turns":4.0},{"damage":13.0,"enemies":"Red Slaver","floor":8.0,"turns":3.0},{"damage":4.0,"enemies":"Looter","floor":12.0,"turns":3.0},{"damage":4.0,"enemies":"3 Louse","floor":13.0,"turns":2.0},{"damage":1,"enemies":"3 Sentries","floor":14,"turns":4},{"damage":25,"enemies":"Slime Boss","floor":16,"turns":9},{"damage":20,"enemies":"Spheric Guardian","floor":18,"turns":5},{"damage":38,"enemies":"Slavers","floor":23,"turns":3},{"damage":14,"enemies":"3 Byrds","floor":24,"turns":1}],"seed_played":"6802884488828695276","potions_obtained":[{"floor":1.0,"key":"FearPotion"},{"floor":2.0,"key":"LiquidMemories"},{"floor":8.0,"key":"Fire Potion"},{"floor":14,"key":"Ancient Potion"}],"is_trial":false,"path_per_floor":["M","M","M","M","?","R","M","M","T","?","R","M","M","E","R","B",null,"M","?","$","$","T","E","M"],"character_chosen":"DEFECT","items_purchased":["Sunder","Happy Flower","Doom and Gloom","AttackPotion","Defragment"],"campfire_rested":2,"item_purchase_floors":[20,20,21,21,21],"current_hp_per_floor":[50,37,37,27,45,67,62,49,49,49,71,67,63,62,62,37,66,46,51,51,51,51,13,0,0],"gold":133,"neow_bonus":"BOSS_RELIC","is_daily":false,"chose_seed":false,"campfire_upgraded":1,"win_rate":0.0,"timestamp":1613390832,"path_taken":["M","M","M","M","?","R","M","M","T","?","R","M","M","E","R","BOSS","M","?","?","$","?","E","M"],"items_purchased_type":["Card","Relic","Card","Potion","Card"],"build_version":"2020-12-22","purchased_purges":1,"victory":false,"max_hp_per_floor":[75,75,75,75,75,75,75,75,75,75,75,75,75,75,75,75,75,75,75,75,75,75,75,75,75],"card_choices":[{"not_picked":["Sweeping Beam","Lockon"],"picked":"Defragment","floor":1.0},{"not_picked":["Steam","Beam Cell"],"picked":"Glacier","floor":2.0},{"not_picked":["Barrage","Redo"],"picked":"Turbo","floor":3.0},{"not_picked":["Hologram","Fusion"],"picked":"Ball Lightning","floor":4.0},{"not_picked":["Doom and Gloom","Leap"],"picked":"Hyperbeam","floor":7.0},{"not_picked":["Darkness","Streamline"],"picked":"Ball Lightning","floor":8.0},{"not_picked":["Cold Snap","Turbo"],"picked":"Steam","floor":12.0},{"not_picked":["Fusion","Turbo"],"picked":"Sweeping Beam","floor":13.0},{"not_picked":["Genetic Algorithm","Static Discharge"],"picked":"Gash","floor":14},{"not_picked":["Meteor Strike","Thunder Strike"],"picked":"Amplify","floor":16},{"not_picked":["Stack","Reprogram"],"picked":"Gash","floor":18},{"not_picked":["Go for the Eyes","Conserve Battery"],"picked":"All For One","floor":23}],"player_experience":190388,"relics_obtained":[{"floor":9.0,"key":"CeramicFish"},{"floor":14,"key":"Kunai"},{"floor":22,"key":"Potion Belt"},{"floor":23,"key":"Sundial"}],"event_choices":[{"damage_healed":18.0,"max_hp_gain":0.0,"max_hp_loss":0.0,"gold_gain":0.0,"event_name":"The Cleric","player_choice":"Healed","floor":5.0,"gold_loss":35.0,"damage_taken":0.0},{"damage_healed":0.0,"max_hp_gain":0.0,"max_hp_loss":0.0,"gold_gain":74.0,"event_name":"Golden Wing","player_choice":"Gained Gold","floor":10.0,"gold_loss":0.0,"damage_taken":0.0},{"cards_removed":["Turbo"],"damage_healed":5,"gold_gain":0,"player_choice":"Offered Common","damage_taken":0,"max_hp_gain":0,"max_hp_loss":0,"event_name":"Bonfire Elementals","floor":19,"gold_loss":0},{"cards_removed":["Turbo"],"damage_healed":5,"gold_gain":0,"player_choice":"Offered Special","damage_taken":0,"max_hp_gain":0,"max_hp_loss":0,"event_name":"Bonfire Elementals","floor":19,"gold_loss":0}],"is_beta":false,"boss_relics":[{"not_picked":["Sozu","Runic Dome"],"picked":"Inserter"}],"items_purged_floors":[21],"is_endless":false,"potions_floor_spawned":[1,2,8,14],"killed_by":"3 Byrds","ascension_level":7}}