{"host":"y0i0tbisecj7yjyn","time":1613369729,"event":{"mods":["AchievementEnabler","AlwaysNeverKeys","BaseMod","BetterRewards","Colored Map","Colored Powertips","Curses Come First","Disable Question Mark Monsters","Displayed Cursed Tome","Highlight Path","Keyboard Shortcuts","Minty Spire (QoL Compilation)","Quick Restart","Random Character Button","Rare Cards Sparkle","StSLib","SuperFastMode","Transform Curses","Weighted Paths"],"gold_per_floor":[117,117,142,317,329,329,343,370,395,360,360,360,389,340,340,435,435,447,459,72,84,99,99,134,146,158,170,170],"floor_reached":27,"language":"ENG","playtime":825,"items_purged":[],"score":288,"play_id":"909b29d3-3d72-494a-b073-e2e4c2331e74","local_time":"20210215001529","is_ascension_mode":true,"campfire_choices":[{"data":"Flying Knee","floor":6,"key":"SMITH"},{"data":"Deadly Poison","floor":15,"key":"SMITH"},{"floor":23,"key":"REST"},{"floor":25,"key":"REST"}],"circlet_count":0,"master_deck":["Strike_G","Strike_G","Strike_G","Strike_G+1","Defend_G","Defend_G","Defend_G","Defend_G","Defend_G","Survivor","Neutralize","Bane+1","Doubt","Flying Knee+1","Noxious Fumes+1","Deadly Poison","Deadly Poison+1","A Thousand Cuts","Dagger Throw+1","Deadly Poison+1","Burst","Terror","Deadly Poison","Phantasmal Killer","Pain"],"relics":["Ring of the Snake","Whetstone","Anchor","Blood Vial","Toy Ornithopter","Cursed Key","Calipers","MawBank","Lantern"],"acts_visited":["Exordium","TheCity"],"potions_floor_usage":[8,13,24,24],"damage_taken":[{"damage":3,"enemies":"Jaw Worm","floor":1,"turns":5},{"damage":12,"enemies":"Small Slimes","floor":5,"turns":3},{"damage":0,"enemies":"2 Louse","floor":7,"turns":2},{"damage":12,"enemies":"Lagavulin","floor":8,"turns":5},{"damage":11,"enemies":"3 Sentries","floor":13,"turns":7},{"damage":36,"enemies":"Hexaghost","floor":16,"turns":8},{"damage":11,"enemies":"Shell Parasite","floor":18,"turns":4},{"damage":16,"enemies":"2 Thieves","floor":19,"turns":4},{"damage":10,"enemies":"Centurion and Healer","floor":21,"turns":5},{"damage":34,"enemies":"3 Cultists","floor":22,"turns":5},{"damage":34,"enemies":"Book of Stabbing","floor":24,"turns":4},{"damage":46,"enemies":"Gremlin Leader","floor":27,"turns":3}],"seed_played":"5111557590034490277","potions_obtained":[{"floor":5,"key":"Dexterity Potion"},{"floor":8,"key":"ColorlessPotion"},{"floor":19,"key":"Strength Potion"},{"floor":21,"key":"CunningPotion"},{"floor":24,"key":"Dexterity Potion"}],"is_trial":false,"path_per_floor":["M","?","T","?","M","R","M","E","T","?","$","?","E","$","R","B",null,"M","M","$","M","M","R","E","R","T","E"],"character_chosen":"THE_SILENT","items_purchased":["Deadly Poison","Calipers","Burst"],"campfire_rested":2,"item_purchase_floors":[14,20,20],"current_hp_per_floor":[74,67,67,67,55,55,55,43,43,62,62,62,53,53,53,19,77,66,52,52,44,12,35,13,36,36,0,0],"gold":170,"neow_bonus":"TEN_PERCENT_HP_BONUS","is_daily":false,"chose_seed":false,"campfire_upgraded":2,"win_rate":0.0,"timestamp":1613369729,"path_taken":["M","?","?","?","M","R","M","E","T","?","$","?","E","$","R","BOSS","M","M","$","M","?","R","E","R","T","E"],"items_purchased_type":["Card","Relic","Card"],"build_version":"2020-12-22","purchased_purges":0,"victory":false,"max_hp_per_floor":[77,77,77,77,77,77,77,77,77,77,77,77,77,77,77,77,77,77,77,77,77,77,77,77,77,77,77,77],"card_choices":[{"not_picked":["Quick Slash","Expertise"],"picked":"Bane","floor":1},{"not_picked":["Well Laid Plans","Sucker Punch"],"picked":"Flying Knee","floor":5},{"not_picked":["Backstab","Poisoned Stab"],"picked":"Noxious Fumes","floor":7},{"not_picked":["Setup","Quick Slash","Reflex"],"picked":"SKIP","floor":8},{"not_picked":["Caltrops","Acrobatics"],"picked":"Deadly Poison","floor":13},{"not_picked":["Die Die Die","Corpse Explosion"],"picked":"A Thousand Cuts","floor":16},{"not_picked":["Outmaneuver","Slice"],"picked":"Dagger Throw+1","floor":18},{"not_picked":["Crippling Poison","Sucker Punch"],"picked":"Deadly Poison+1","floor":19},{"not_picked":["Heel Hook","Poisoned Stab"],"picked":"Terror","floor":21},{"not_picked":["Backflip","Poisoned Stab"],"picked":"Deadly Poison","floor":22},{"not_picked":["Cloak And Dagger","Blade Dance"],"picked":"Phantasmal Killer","floor":24}],"player_experience":464303,"relics_obtained":[{"floor":3,"key":"Whetstone"},{"floor":8,"key":"Anchor"},{"floor":9,"key":"Blood Vial"},{"floor":13,"key":"Toy Ornithopter"},{"floor":24,"key":"MawBank"},{"floor":26,"key":"Lantern"}],"event_choices":[{"cards_removed":["Strike_G"],"damage_healed":0,"gold_gain":0,"player_choice":"Card Removal","damage_taken":7,"max_hp_gain":0,"max_hp_loss":0,"event_name":"Golden Wing","floor":2,"gold_loss":0},{"damage_healed":0,"gold_gain":175,"player_choice":"AGREE","damage_taken":0,"max_hp_gain":0,"max_hp_loss":0,"event_name":"Liars Game","floor":4,"gold_loss":0,"cards_obtained":["Doubt"]},{"damage_healed":19,"gold_gain":0,"player_choice":"Healed","damage_taken":0,"max_hp_gain":0,"max_hp_loss":0,"event_name":"The Cleric","floor":10,"gold_loss":35},{"damage_healed":0,"gold_gain":0,"player_choice":"Upgraded","damage_taken":0,"max_hp_gain":0,"max_hp_loss":0,"event_name":"Upgrade Shrine","floor":12,"gold_loss":0,"cards_upgraded":["Noxious Fumes"]}],"is_beta":false,"boss_relics":[{"not_picked":["Coffee Dripper","Tiny House"],"picked":"Cursed Key"}],"items_purged_floors":[],"is_endless":false,"potions_floor_spawned":[5,8,19,21,24],"killed_by":"Gremlin Leader","ascension_level":2}}