{"host":"wpobqx0jtxs252ev","time":1613428063,"event":{"mods":["AchievementEnabler","Act Like it!","BaseMod","Better Altar","Better Note","Better Sensory Stone","Better Skull","Better Third Choice","Colored Powertips","Downfall","Infinite Spire","Marisa????????","Mimic Mod","Minty Spire (QoL Compilation)","Relic Stats","Reliquary","Replay The Spire","Spire Arcade","StSLib","The Runesmith"],"gold_per_floor":[17,17,0,18,18,18,18],"floor_reached":6,"language":"ENG","playtime":303,"items_purged":[],"score":39,"play_id":"9bff3dfd-cde7-4e96-995a-dba485b428c3","local_time":"20210215192743","is_ascension_mode":true,"campfire_choices":[],"circlet_count":0,"master_deck":["Strike_G","Strike_G","Strike_G","Defend_G","Defend_G","Defend_G","Defend_G","Defend_G","Survivor","Neutralize","Fluid Movement","Terror","Grand Finale","Neutralize"],"relics":["Ring of the Snake","ReplayTheSpireMod:Ring of Collecting","Ring of Misfortune","betterThird:SlimedRelic"],"acts_visited":["Exordium"],"potions_floor_usage":[],"damage_taken":[{"damage":5.0,"enemies":"Small Slimes","floor":1.0,"turns":7.0},{"damage":0.0,"enemies":"2 Louse","floor":4.0,"turns":5.0},{"damage":0,"enemies":"3 Sentries","floor":6,"turns":1}],"seed_played":"-2372428157065227104","potions_obtained":[{"floor":1.0,"key":"Block Potion"}],"is_trial":false,"path_per_floor":["M","?","?","M","?","E"],"character_chosen":"THE_SILENT","items_purchased":[],"campfire_rested":0,"item_purchase_floors":[],"current_hp_per_floor":[65,65,54,54,54,54,54],"gold":18,"neow_bonus":"REMOVE_TWO","is_daily":false,"chose_seed":false,"campfire_upgraded":0,"win_rate":0.0,"timestamp":1613428063,"path_taken":["M","?","?","M","?","E"],"items_purchased_type":[],"build_version":"2020-12-22","purchased_purges":0,"victory":false,"max_hp_per_floor":[70,70,70,70,70,70,70],"relic_stats":{"counters":[3,13],"obtain_stats":[{"ReplayTheSpireMod:Ring of Collecting":2,"Ring of Misfortune":2,"betterThird:SlimedRelic":3,"Ring of the Snake":0},{"ReplayTheSpireMod:Ring of Collecting":1,"Ring of Misfortune":1,"betterThird:SlimedRelic":1,"Ring of the Snake":0},{"ReplayTheSpireMod:Ring of Collecting":7,"Ring of Misfortune":7,"betterThird:SlimedRelic":7,"Ring of the Snake":0}],"Ring of the Snake":[6]},"card_choices":[{"not_picked":["Dagger Spray","Sucker Punch"],"picked":"Fluid Movement","floor":1.0},{"not_picked":["Poisoned Stab","Cloak And Dagger","ReplayTheSpireMod:Tripwire"],"picked":"SKIP","floor":4.0}],"player_experience":232256,"relics_obtained":[{"floor":2.0,"key":"ReplayTheSpireMod:Ring of Collecting"},{"floor":2.0,"key":"Ring of Misfortune"}],"event_choices":[{"damage_healed":0.0,"max_hp_gain":0.0,"max_hp_loss":0.0,"gold_gain":0.0,"event_name":"betterThird:BetterGoop","player_choice":"Slimed","floor":3.0,"gold_loss":17.0,"damage_taken":11.0},{"damage_healed":0.0,"max_hp_gain":0.0,"max_hp_loss":0.0,"gold_gain":0.0,"event_name":"Match and Keep!","player_choice":"3 cards matched","floor":5.0,"gold_loss":0.0,"damage_taken":0.0,"cards_obtained":["Terror","Grand Finale","Neutralize"]}],"is_beta":false,"boss_relics":[],"items_purged_floors":[],"is_endless":false,"potions_floor_spawned":[1],"killed_by":"3 Sentries","ascension_level":3}}