{"host":"pjgcdp3h1plnbocs","time":1613405105,"event":{"mods":["AchievementEnabler","BaseMod","Colored Map","Downfall","Highlight Path","Minty Spire (QoL Compilation)","StSLib"],"gold_per_floor":[115,126,126,137,149,184,184,203,253,253,253,253,253],"floor_reached":12,"language":"ENG","playtime":382,"items_purged":[],"score":128,"play_id":"2bf5cd3b-2eff-4850-9e02-9b786540eab7","local_time":"20210215170505","is_ascension_mode":true,"campfire_choices":[{"data":"Deadly Poison","floor":7,"key":"SMITH"},{"floor":10,"key":"REST"}],"circlet_count":0,"master_deck":["AscendersBane","Strike_G+1","Strike_G","Strike_G","Strike_G+1","Strike_G","Defend_G","Defend_G","Defend_G","Defend_G","Defend_G","Survivor","Neutralize","Deadly Poison+1","Dagger Spray","Deadly Poison","PiercingWail"],"relics":["Ring of the Snake","Nunchaku","Whetstone","Golden Idol"],"acts_visited":["Exordium"],"potions_floor_usage":[8],"damage_taken":[{"damage":0,"enemies":"2 Louse","floor":1,"turns":3},{"damage":5,"enemies":"Cultist","floor":2,"turns":4},{"damage":5,"enemies":"Small Slimes","floor":4,"turns":5},{"damage":1,"enemies":"2 Fungi Beasts","floor":5,"turns":4},{"damage":35,"enemies":"3 Sentries","floor":6,"turns":9},{"damage":15,"enemies":"Gremlin Gang","floor":8,"turns":6},{"damage":29,"enemies":"Gremlin Nob","floor":12,"turns":3}],"seed_played":"-2510539271066019916","potions_obtained":[{"floor":2,"key":"Block Potion"},{"floor":5,"key":"GhostInAJar"},{"floor":6,"key":"Dexterity Potion"}],"is_trial":false,"path_per_floor":["M","M","?","M","M","E","R","M","T","R","?","E"],"character_chosen":"THE_SILENT","items_purchased":[],"campfire_rested":1,"item_purchase_floors":[],"current_hp_per_floor":[63,58,58,53,52,17,17,2,2,23,23,0,0],"gold":253,"neow_bonus":"THREE_CARDS","is_daily":false,"chose_seed":false,"campfire_upgraded":1,"win_rate":0.0,"timestamp":1613405105,"path_taken":["M","M","?","?","M","E","R","M","T","R","?","E"],"items_purchased_type":[],"build_version":"2020-12-22","purchased_purges":0,"victory":false,"max_hp_per_floor":[70,70,70,70,70,70,70,70,70,70,65,65,65],"card_choices":[{"not_picked":["Flying Knee","Prepared"],"picked":"Deadly Poison","floor":0},{"not_picked":["Outmaneuver","Accuracy"],"picked":"Dagger Spray","floor":1},{"not_picked":["Flying Knee","Blade Dance"],"picked":"Deadly Poison","floor":2},{"not_picked":["Quick Slash","Flying Knee"],"picked":"PiercingWail","floor":4},{"not_picked":["Dodge and Roll","Quick Slash","Dagger Spray"],"picked":"SKIP","floor":5},{"not_picked":["Poisoned Stab","Night Terror","Outmaneuver"],"picked":"SKIP","floor":6},{"not_picked":["Endless Agony","Calculated Gamble","Eviscerate"],"picked":"SKIP","floor":8}],"player_experience":239940,"relics_obtained":[{"floor":6,"key":"Nunchaku"},{"floor":9,"key":"Whetstone"}],"event_choices":[{"damage_healed":0,"gold_gain":0,"player_choice":"0 cards matched","damage_taken":0,"max_hp_gain":0,"max_hp_loss":0,"event_name":"Match and Keep!","floor":3,"gold_loss":0,"cards_obtained":[]},{"damage_healed":0,"gold_gain":0,"player_choice":"Lose Max HP","damage_taken":0,"relics_obtained":["Golden Idol"],"max_hp_gain":0,"max_hp_loss":5,"event_name":"Golden Idol","floor":11,"gold_loss":0}],"is_beta":false,"boss_relics":[],"items_purged_floors":[],"is_endless":false,"potions_floor_spawned":[2,5,6],"killed_by":"Gremlin Nob","ascension_level":12}}