{"host":"9rehsd5oi9uaydbk","time":1613373194,"event":{"mods":["AchievementEnabler","Act Like it!","BaseMod","Colored Powertips","Curses Come First","Downfall","Hallownest","Hermit","Hubris","Jorbs\u0027s Wanderer Trilogy","Minty Spire (QoL Compilation)","Reliquary","Shop Mod","StSLib","The Bug Knight","The Runesmith"],"gold_per_floor":[110,110,110,129,140,13,13,13,13,13,33,33,43,61,61,160,160,180,180,135,135,135,135,135,135],"floor_reached":24,"language":"ENG","playtime":909,"items_purged":[],"score":184,"play_id":"2fdcb0e0-33af-4379-9862-e9c8b0b55853","local_time":"20210215021314","is_ascension_mode":false,"campfire_choices":[{"data":"HollowMod:DescendingDark","floor":8,"key":"SMITH"},{"data":"HollowMod:CloakDash","floor":12,"key":"SMITH"},{"data":"HollowMod:ChannelNail","floor":15,"key":"SMITH"},{"data":"HollowMod:DashSlash","floor":23,"key":"SMITH"}],"circlet_count":0,"master_deck":["HollowMod:NailStrikeStart","HollowMod:NailStrikeStart","HollowMod:NailStrikeStart","HollowMod:NailStrikeStart","HollowMod:QuickDashStart","HollowMod:QuickDashStart","HollowMod:QuickDashStart","HollowMod:FocusHealStart+1","HollowMod:PogoStrike","HollowMod:DashSlash+1","HollowMod:DescendingDark+1","HollowMod:WraithStrike","HollowMod:AbyssShriek","HollowMod:CloakDash+1","HollowMod:CycloneSlash","HollowMod:ChannelNail+1","HollowMod:SoulMaster"],"relics":["HollowMod:VesselMask","NeowsBlessing","Hallownest:DreamNailRelic","Hallownest:TeacherSealRelic","hubris:Metronome","hubris:Icosahedron","reliquary:IridiumChain"],"acts_visited":["Exordium","Hallownest:Greenpath"],"potions_floor_usage":[16,16,16,18],"damage_taken":[{"damage":2,"enemies":"Hallownest:2_Tiktiks_and_1_Crawlid","floor":1,"turns":2},{"damage":0,"enemies":"Hallownest:monsterHuskGuard","floor":4,"turns":1},{"damage":0,"enemies":"2_ Uuma","floor":5,"turns":1},{"damage":0,"enemies":"Hallownest:monsterMossCharger","floor":11,"turns":2},{"damage":4,"enemies":"Hallownest:monsterFoolEater","floor":13,"turns":2},{"damage":0,"enemies":"Hallownest:1_Ooma_and_2_Uuma","floor":14,"turns":2},{"damage":69,"enemies":"Hallownest:BossFalseKnight","floor":16,"turns":9},{"damage":15,"enemies":"Hallownest:Guard_and_Sentry","floor":18,"turns":4},{"damage":71,"enemies":"Hallownest:eliteSoulWarrior","floor":24,"turns":6}],"seed_played":"-1303057536745678112","potions_obtained":[{"floor":5,"key":"FearPotion"},{"floor":11,"key":"SkillPotion"},{"floor":13,"key":"SkillPotion"},{"floor":16,"key":"SteroidPotion"}],"is_trial":false,"path_per_floor":["M","?","?","M","M","$","?","R","T","$","M","R","M","M","R","B",null,"M","?","?","T","?","R","E"],"character_chosen":"THE_BUGKNIGHT","items_purchased":["HollowMod:AbyssShriek","PowerPotion"],"campfire_rested":0,"item_purchase_floors":[6,6],"current_hp_per_floor":[73,73,73,73,73,73,73,73,73,73,73,73,69,69,69,6,75,60,60,60,60,60,60,0,0],"gold":135,"neow_bonus":"THREE_ENEMY_KILL","is_daily":false,"chose_seed":false,"campfire_upgraded":4,"win_rate":0.0,"timestamp":1613373194,"path_taken":["M","?","?","M","M","$","?","R","T","?","?","R","M","M","R","BOSS","M","?","?","?","?","R","E"],"items_purchased_type":["Card","Potion"],"build_version":"2020-12-22","purchased_purges":0,"victory":false,"max_hp_per_floor":[75,75,75,75,75,75,75,75,75,75,75,75,75,75,75,75,75,75,75,75,75,75,75,75,75],"card_choices":[{"not_picked":["HollowMod:InfectedCysts","HollowMod:MothsMistake"],"picked":"HollowMod:DashSlash","floor":1},{"not_picked":["HollowMod:CrystalDash","HollowMod:GoodIntentions"],"picked":"HollowMod:DescendingDark","floor":4},{"not_picked":["HollowMod:DungDefenderAura","HollowMod:PerfectDash"],"picked":"HollowMod:WraithStrike","floor":5},{"not_picked":["HollowMod:LordofShades","HollowMod:MonarchWings"],"picked":"HollowMod:CloakDash","floor":11},{"not_picked":["HollowMod:VengefulSpirit","HollowMod:QuirrelsAssistance"],"picked":"HollowMod:CycloneSlash","floor":13},{"not_picked":["HollowMod:VengefulVoid","HollowMod:AbyssShriek"],"picked":"HollowMod:ChannelNail","floor":14},{"not_picked":["HollowMod:LifebloodCore","HollowMod:SlysStrikes"],"picked":"HollowMod:SoulMaster","floor":16},{"not_picked":["HollowMod:PerfectDash","HollowMod:BaldurShell","HollowMod:DesolateDive"],"picked":"SKIP","floor":18}],"player_experience":203403,"relics_obtained":[{"floor":9,"key":"hubris:Metronome"},{"floor":21,"key":"reliquary:IridiumChain"}],"event_choices":[],"is_beta":false,"boss_relics":[{"not_picked":["reliquary:Ember","Fusion Hammer","hubris:CrackedHourglass"]}],"items_purged_floors":[],"is_endless":false,"potions_floor_spawned":[5,11,13,14,16],"killed_by":"Hallownest:eliteSoulWarrior","ascension_level":0}}