{"host":"m0bekkrd201b63ug","time":1613402315,"event":{"mods":["AchievementEnabler","BaseMod","Colored Powertips","Highlight Path","Minty Spire (QoL Compilation)","Rare Cards Sparkle","StSLib","SuperFastMode","everything is the same but u backflip on backflip","slay the spire mod where everything is the same but ironclad has a cowboy hat"],"gold_per_floor":[209,224,235,250,250,250,268,278,278,278,292,322,339,65,65,162,162,174,174,174,174],"floor_reached":20,"language":"ENG","playtime":884,"items_purged":["Strike_B"],"score":285,"play_id":"7450f60a-644b-4871-9604-0c78f6e32d7c","local_time":"20210215131835","is_ascension_mode":true,"campfire_choices":[{"data":"Defragment","floor":6,"key":"SMITH"},{"data":"White Noise","floor":10,"key":"SMITH"},{"floor":15,"key":"REST"}],"circlet_count":0,"master_deck":["Zap","Dualcast","Fusion","White Noise+1","Defragment+1","Capacitor","Undo","Auto Shields","Core Surge","Cold Snap","Leap","Core Surge","Meteor Strike","All For One","Reboot","Melter","Hello World","Doom and Gloom"],"relics":["Cracked Core","CaptainsWheel","Boot","Ancient Tea Set","Pandora\u0027s Box","CultistMask"],"acts_visited":["Exordium","TheCity"],"potions_floor_usage":[12],"damage_taken":[{"damage":1,"enemies":"Cultist","floor":1,"turns":3},{"damage":1,"enemies":"Small Slimes","floor":2,"turns":3},{"damage":7,"enemies":"Jaw Worm","floor":3,"turns":3},{"damage":9,"enemies":"Red Slaver","floor":4,"turns":3},{"damage":15,"enemies":"Large Slime","floor":7,"turns":5},{"damage":2,"enemies":"Exordium Thugs","floor":8,"turns":3},{"damage":2,"enemies":"Exordium Wildlife","floor":11,"turns":3},{"damage":20,"enemies":"3 Sentries","floor":12,"turns":7},{"damage":8,"enemies":"Large Slime","floor":13,"turns":5},{"damage":0,"enemies":"Slime Boss","floor":16,"turns":9},{"damage":13,"enemies":"Shell Parasite","floor":18,"turns":4},{"damage":3,"enemies":"3 Byrds","floor":20,"turns":4}],"seed_played":"6385942482742416703","potions_obtained":[{"floor":3,"key":"AttackPotion"},{"floor":7,"key":"BlessingOfTheForge"},{"floor":8,"key":"Ancient Potion"},{"floor":16,"key":"Block Potion"}],"is_trial":false,"path_per_floor":["M","M","M","M","?","R","M","M","T","R","M","E","M","$","R","B",null,"M","?","M"],"character_chosen":"DEFECT","items_purchased":["Leap","Ancient Tea Set"],"campfire_rested":1,"item_purchase_floors":[14,14],"current_hp_per_floor":[74,73,66,57,57,57,42,40,40,40,38,18,10,10,32,32,64,51,51,48,48],"gold":174,"neow_bonus":"HUNDRED_GOLD","is_daily":false,"chose_seed":false,"campfire_upgraded":2,"win_rate":0.0,"timestamp":1613402315,"path_taken":["M","M","?","M","?","R","M","M","T","R","M","E","M","$","R","BOSS","M","?","M"],"items_purchased_type":["Card","Relic"],"build_version":"2020-12-22","purchased_purges":1,"victory":false,"max_hp_per_floor":[75,75,75,75,75,75,75,75,75,75,75,75,75,75,75,75,75,75,75,75,75],"card_choices":[{"not_picked":["Steam","Hello World","Fusion"],"picked":"SKIP","floor":1},{"not_picked":["Steam","Hello World"],"picked":"Fusion","floor":1},{"not_picked":["Capacitor","Glacier"],"picked":"White Noise","floor":2},{"not_picked":["Doom and Gloom","Streamline","Sweeping Beam"],"picked":"SKIP","floor":3},{"not_picked":["Stack","Cold Snap"],"picked":"Defragment","floor":4},{"not_picked":["Reinforced Body","Reprogram"],"picked":"Capacitor","floor":7},{"not_picked":["Chill","Gash"],"picked":"Undo","floor":8},{"not_picked":["Storm","Coolheaded"],"picked":"Auto Shields","floor":11},{"not_picked":["Redo","Go for the Eyes"],"picked":"Core Surge","floor":12},{"not_picked":["Ball Lightning","Gash"],"picked":"Cold Snap","floor":13},{"not_picked":["Thunder Strike","Creative AI"],"picked":"Core Surge","floor":16},{"not_picked":["Coolheaded","Streamline","FTL"],"picked":"SKIP","floor":18}],"player_experience":275886,"relics_obtained":[{"floor":9,"key":"CaptainsWheel"},{"floor":12,"key":"Boot"}],"event_choices":[{"cards_removed":["Strike_B"],"damage_healed":0,"gold_gain":0,"player_choice":"Purged","damage_taken":0,"max_hp_gain":0,"max_hp_loss":0,"event_name":"Purifier","floor":5,"gold_loss":0},{"damage_healed":0,"gold_gain":0,"player_choice":"Trade","damage_taken":0,"relics_obtained":["CultistMask"],"max_hp_gain":0,"max_hp_loss":0,"event_name":"FaceTrader","floor":19,"gold_loss":0}],"is_beta":false,"boss_relics":[{"not_picked":["Busted Crown","Runic Pyramid"],"picked":"Pandora\u0027s Box"}],"items_purged_floors":[14],"is_endless":false,"potions_floor_spawned":[3,7,8,16],"killed_by":"3 Byrds","ascension_level":5}}