{"host":"s0ikvqhe10eopvjn","time":1613403314,"event":{"mods":["Act Like it!","Bard","BaseMod","Better Third Choice","Block Reminder","Colored Map","Colored Powertips","Dark Map","DeckTracker","Downfall","GifTheSpireLib","Halation","Hallownest","Hermit","Highlight Path","Hubris","Infinite Spire","Mad Scientist","Minty Spire (QoL Compilation)","Permanent Neow","Random Character Button","Relic Stats","Reliquary","StSLib","The Blue Laboratory","The Bug Knight","The Construct","The Cursed","The Disciple","The Marked","The Necromancer","The Poker Player","The Runesmith","The Servant 0.9.4"],"gold_per_floor":[116,136,62,73,73,73,73,148,148,183,183,215,215,235,235,334,334,349,349,349],"floor_reached":19,"language":"ENG","playtime":757,"items_purged":[],"score":175,"play_id":"f006993e-aa5f-4f05-8d50-febee79f9c60","local_time":"20210215153514","is_ascension_mode":false,"campfire_choices":[{"floor":7,"key":"RECALL"},{"floor":11,"key":"REST"},{"data":"hermit:Determination","floor":13,"key":"SMITH"},{"floor":15,"key":"REST"}],"circlet_count":0,"master_deck":["hermit:Strike_Hermit","hermit:Strike_Hermit","hermit:Strike_Hermit","hermit:Strike_Hermit","hermit:Defend_Hermit","hermit:Defend_Hermit","hermit:Defend_Hermit","hermit:Defend_Hermit","hermit:Snapshot","hermit:Covet","hermit:Coalescence","hermit:Horror","hermit:Brawl","hermit:TrackingShot","hermit:Deadeye","hermit:Determination+1","hermit:Snipe","hermit:RoundhouseKick","hermit:Headshot"],"relics":["hermit:Momento","NeowsBlessing","WingedGreaves","construct:BoolHorns","halation:TwoAmDonut","SacredBark"],"acts_visited":["Exordium","TheCity"],"potions_floor_usage":[1,10,14,16],"damage_taken":[{"damage":0,"enemies":"Cultist","floor":1,"turns":1},{"damage":0,"enemies":"Jaw Worm","floor":2,"turns":1},{"damage":0,"enemies":"Small Slimes","floor":4,"turns":2},{"damage":37,"enemies":"Lagavulin","floor":10,"turns":8},{"damage":20,"enemies":"Gremlin Nob","floor":12,"turns":4},{"damage":13,"enemies":"Exordium Thugs","floor":14,"turns":4},{"damage":19,"enemies":"Slime Boss","floor":16,"turns":8},{"damage":48,"enemies":"2 Thieves","floor":18,"turns":5},{"damage":27,"enemies":"Shell Parasite","floor":19,"turns":3}],"seed_played":"-5066054549901541246","potions_obtained":[{"floor":1,"key":"EntropicBrew"},{"floor":12,"key":"blueLaboratory:TrueEctoplasm"},{"floor":14,"key":"Weak Potion"}],"is_trial":false,"path_per_floor":["M","M","$","M","T","$","R","?","T","E","R","E","R","M","R","B",null,"M","M"],"character_chosen":"HERMIT","items_purchased":["hermit:Brawl"],"campfire_rested":2,"item_purchase_floors":[3],"current_hp_per_floor":[75,75,75,75,75,75,75,75,75,38,60,40,40,27,49,30,75,27,0,0],"gold":349,"neow_bonus":"THREE_ENEMY_KILL","is_daily":false,"chose_seed":false,"campfire_upgraded":1,"win_rate":0.0,"timestamp":1613403314,"path_taken":["M","?","$","M","?","$","R","?","T","E","R","E","R","M","R","BOSS","M","M"],"items_purchased_type":["Card"],"build_version":"2020-12-22","purchased_purges":0,"victory":false,"max_hp_per_floor":[75,75,75,75,75,75,75,75,75,75,75,75,75,75,75,75,75,75,75,75],"relic_stats":{"counters":[9,36],"obtain_stats":[{"construct:BoolHorns":10,"NeowsBlessing":0,"SacredBark":17,"WingedGreaves":9,"halation:TwoAmDonut":12,"hermit:Momento":0},{"construct:BoolHorns":4,"NeowsBlessing":0,"SacredBark":7,"WingedGreaves":3,"halation:TwoAmDonut":5,"hermit:Momento":0},{"construct:BoolHorns":12,"NeowsBlessing":0,"SacredBark":28,"WingedGreaves":4,"halation:TwoAmDonut":16,"hermit:Momento":0}]},"card_choices":[{"not_picked":["hermit:HoleUp","hermit:BigShot"],"picked":"hermit:Coalescence","floor":1},{"not_picked":["hermit:ItchyTrigger","hermit:CalledShot"],"picked":"hermit:Horror","floor":2},{"not_picked":["hermit:Grudge","hermit:Headshot"],"picked":"hermit:TrackingShot","floor":4},{"not_picked":["hermit:Shortfuse","hermit:HighCaliber"],"picked":"hermit:Deadeye","floor":10},{"not_picked":["hermit:HoleUp","hermit:Coalescence"],"picked":"hermit:Determination","floor":12},{"not_picked":["hermit:Adapt","hermit:LuckOfTheDraw"],"picked":"hermit:Snipe","floor":14},{"not_picked":["hermit:Gambit","hermit:HeroicBravado"],"picked":"hermit:RoundhouseKick","floor":16},{"not_picked":["hermit:Ricochet","hermit:LuckOfTheDraw+1"],"picked":"hermit:Headshot","floor":18}],"player_experience":350377,"relics_obtained":[{"floor":9,"key":"WingedGreaves"},{"floor":10,"key":"construct:BoolHorns"},{"floor":12,"key":"halation:TwoAmDonut"}],"event_choices":[{"damage_healed":0,"gold_gain":75,"player_choice":"Gained Gold","damage_taken":0,"max_hp_gain":0,"max_hp_loss":0,"event_name":"Golden Wing","floor":8,"gold_loss":0}],"is_beta":false,"boss_relics":[{"not_picked":["Runic Dome","hubris:RunicObelisk"],"picked":"SacredBark"}],"items_purged_floors":[],"is_endless":false,"potions_floor_spawned":[1,12,14],"killed_by":"Shell Parasite","ascension_level":0}}