{"host":"aapp7ew3jk5k1bvd","time":1613396977,"event":{"mods":["AchievementEnabler","BaseMod","Colored Map","Custom Start","Keyboard Shortcuts","Minty Spire (QoL Compilation)","Permanent Neow","Quick Restart","StSLib","SuperFastMode"],"gold_per_floor":[119,131,185,204,204,204,228,228,255,276,108,123,123,142,142,142,142],"floor_reached":16,"language":"KOR","playtime":282,"items_purged":["Strike_P"],"score":136,"play_id":"9b051048-8543-4440-9aef-8b8f899580ed","local_time":"20210215224937","is_ascension_mode":true,"campfire_choices":[{"floor":6,"key":"REST"},{"data":"Eruption","floor":8,"key":"SMITH"},{"data":"EmptyBody","floor":15,"key":"SMITH"}],"circlet_count":0,"master_deck":["Strike_P","Strike_P","Defend_P","Defend_P","Defend_P","Defend_P","Eruption+1","Vigilance","FlurryOfBlows","EmptyFist","DeusExMachina","Finesse","EmptyBody+1"],"relics":["PureWater","Juzu Bracelet","Golden Idol","Tiny Chest"],"acts_visited":["Exordium"],"potions_floor_usage":[],"damage_taken":[{"damage":2,"enemies":"Cultist","floor":1,"turns":3},{"damage":7,"enemies":"2 Louse","floor":2,"turns":2},{"damage":7,"enemies":"Jaw Worm","floor":4,"turns":3},{"damage":4,"enemies":"2 Fungi Beasts","floor":7,"turns":3},{"damage":0,"enemies":"Large Slime","floor":10,"turns":3},{"damage":7,"enemies":"Exordium Wildlife","floor":12,"turns":4},{"damage":1,"enemies":"Blue Slaver","floor":14,"turns":3},{"damage":26,"enemies":"The Guardian","floor":16,"turns":3}],"seed_played":"6185327549738406987","potions_obtained":[{"floor":4,"key":"FearPotion"},{"floor":10,"key":"Explosive Potion"},{"floor":14,"key":"Fire Potion"}],"is_trial":false,"path_per_floor":["M","M","T","M","?","R","M","R","T","M","$","M","?","M","R","B"],"character_chosen":"WATCHER","items_purchased":["Finesse"],"campfire_rested":1,"item_purchase_floors":[11],"current_hp_per_floor":[63,56,56,49,31,52,48,48,48,48,48,41,41,40,40,14,14],"gold":142,"neow_bonus":"REMOVE_CARD","is_daily":false,"chose_seed":false,"campfire_upgraded":2,"win_rate":0.0,"timestamp":1613396977,"path_taken":["M","?","?","M","?","R","M","R","T","M","?","M","?","M","R","BOSS"],"items_purchased_type":["Card"],"build_version":"2020-12-22","purchased_purges":1,"victory":false,"max_hp_per_floor":[72,72,72,72,72,72,72,72,72,72,72,72,72,72,72,72,72],"card_choices":[{"not_picked":["CutThroughFate","ClearTheMind"],"picked":"FlurryOfBlows","floor":1},{"not_picked":["FollowUp","Evaluate","TalkToTheHand"],"picked":"SKIP","floor":2},{"not_picked":["Pray","Tantrum"],"picked":"EmptyFist","floor":4},{"not_picked":["WindmillStrike","FlyingSleeves"],"picked":"DeusExMachina","floor":7},{"not_picked":["Wireheading","Protect","Consecrate"],"picked":"SKIP","floor":10},{"not_picked":["ThirdEye","CutThroughFate","CrushJoints"],"picked":"SKIP","floor":12},{"not_picked":["Crescendo","ClearTheMind"],"picked":"EmptyBody","floor":14}],"player_experience":998614,"relics_obtained":[{"floor":3,"key":"Juzu Bracelet"},{"floor":9,"key":"Tiny Chest"}],"event_choices":[{"damage_healed":0,"gold_gain":0,"player_choice":"Take Damage","damage_taken":18,"relics_obtained":["Golden Idol"],"max_hp_gain":0,"max_hp_loss":0,"event_name":"Golden Idol","floor":5,"gold_loss":0},{"damage_healed":0,"gold_gain":0,"player_choice":"Ignored","damage_taken":0,"max_hp_gain":0,"max_hp_loss":0,"event_name":"Liars Game","floor":13,"gold_loss":0}],"is_beta":false,"boss_relics":[],"items_purged_floors":[11],"is_endless":false,"potions_floor_spawned":[4,10,14],"killed_by":"The Guardian","ascension_level":9}}