{"host":"r081svdj6e9i7zze","time":1613362642,"event":{"mods":["AchievementEnabler","BaseMod","Colored Map","Minty Spire (QoL Compilation)","SuperFastMode"],"gold_per_floor":[113,125,28,28,28,28,51,51,74,51,26,26,51,74,74,194,194,212,237,19,43,43,43,43,43],"floor_reached":24,"language":"KOR","playtime":999,"items_purged":[],"score":186,"play_id":"e6c317ab-119c-434c-848f-6c462f01b523","local_time":"20210215131722","is_ascension_mode":false,"campfire_choices":[{"floor":8,"key":"REST"},{"data":"Blade Dance","floor":12,"key":"SMITH"},{"floor":15,"key":"REST"},{"data":"A Thousand Cuts","floor":23,"key":"SMITH"}],"circlet_count":0,"master_deck":["Strike_G","Strike_G","Strike_G+1","Strike_G+1","Strike_G","Defend_G","Defend_G","Defend_G","Defend_G","Defend_G","Survivor","Neutralize","Blade Dance+1","Deflect","Noxious Fumes","Flying Knee","Injury","Prepared","Quick Slash","Prepared","Slice","Poisoned Stab","A Thousand Cuts+1","Crippling Poison+1","Riddle With Holes","Sadistic Nature","Escape Plan","Blur+1"],"relics":["Ring of the Snake","NeowsBlessing","Bag of Preparation","Bloody Idol","Centennial Puzzle","WristBlade"],"acts_visited":["Exordium","TheCity"],"potions_floor_usage":[16,18],"damage_taken":[{"damage":0,"enemies":"Jaw Worm","floor":1,"turns":1},{"damage":0,"enemies":"2 Louse","floor":2,"turns":1},{"damage":0,"enemies":"Cultist","floor":7,"turns":1},{"damage":22,"enemies":"Gremlin Gang","floor":13,"turns":5},{"damage":0,"enemies":"2 Fungi Beasts","floor":14,"turns":2},{"damage":53,"enemies":"Hexaghost","floor":16,"turns":10},{"damage":6,"enemies":"3 Byrds","floor":18,"turns":4},{"damage":20,"enemies":"Shell Parasite","floor":19,"turns":6},{"damage":6,"enemies":"Cultist and Chosen","floor":21,"turns":4},{"damage":39,"enemies":"Gremlin Leader","floor":24,"turns":4}],"seed_played":"-2234092122980055011","potions_obtained":[{"floor":1,"key":"Fire Potion"},{"floor":16,"key":"LiquidBronze"},{"floor":21,"key":"Energy Potion"}],"is_trial":false,"path_per_floor":["M","M","$","?","?","?","M","R","T","$","$","R","M","M","R","B",null,"M","M","$","M","?","R","E"],"character_chosen":"THE_SILENT","items_purchased":["Noxious Fumes","Flying Knee","Quick Slash","Prepared","Sadistic Nature","Escape Plan"],"campfire_rested":2,"item_purchase_floors":[3,3,10,11,20,20],"current_hp_per_floor":[70,70,70,52,52,38,38,59,59,59,59,59,37,37,58,5,70,64,44,44,38,38,38,0,0],"gold":43,"neow_bonus":"THREE_ENEMY_KILL","is_daily":false,"chose_seed":false,"campfire_upgraded":2,"win_rate":0.0,"timestamp":1613362642,"path_taken":["M","M","$","?","?","?","M","R","T","?","$","R","?","M","R","BOSS","M","?","$","M","?","R","E"],"items_purchased_type":["Card","Card","Card","Card","Card","Card"],"build_version":"2020-12-22","purchased_purges":0,"victory":false,"max_hp_per_floor":[70,70,70,70,70,70,70,70,70,70,70,70,70,70,70,70,70,70,70,70,70,70,70,70,70],"card_choices":[{"not_picked":["Eviscerate","Sucker Punch"],"picked":"Blade Dance","floor":1},{"not_picked":["Flechettes","Reflex"],"picked":"Deflect","floor":2},{"not_picked":["Dodge and Roll","Night Terror"],"picked":"Prepared","floor":7},{"not_picked":["Finisher","Reflex"],"picked":"Slice","floor":13},{"not_picked":["Backflip","Dash"],"picked":"Poisoned Stab","floor":14},{"not_picked":["Glass Knife","Venomology"],"picked":"A Thousand Cuts","floor":16},{"not_picked":["Dagger Throw","All Out Attack"],"picked":"Crippling Poison+1","floor":18},{"not_picked":["Slice","All Out Attack"],"picked":"Riddle With Holes","floor":19},{"not_picked":["Backflip","Deadly Poison"],"picked":"Blur+1","floor":21}],"player_experience":41264,"relics_obtained":[{"floor":9,"key":"Centennial Puzzle"}],"event_choices":[{"damage_healed":0,"gold_gain":0,"player_choice":"Success","damage_taken":18,"relics_obtained":["Bag of Preparation"],"max_hp_gain":0,"max_hp_loss":0,"event_name":"Scrap Ooze","floor":4,"gold_loss":0},{"damage_healed":0,"gold_gain":0,"player_choice":"Take Wound","damage_taken":0,"relics_obtained":["Golden Idol"],"max_hp_gain":0,"max_hp_loss":0,"event_name":"Golden Idol","floor":5,"gold_loss":0,"cards_obtained":["Injury"]},{"damage_healed":0,"gold_gain":0,"player_choice":"Entered Light","damage_taken":14,"max_hp_gain":0,"max_hp_loss":0,"event_name":"Shining Light","floor":6,"gold_loss":0,"cards_upgraded":["Strike_G","Strike_G"]},{"damage_healed":0,"gold_gain":0,"player_choice":"Gave Idol","damage_taken":0,"relics_obtained":["Bloody Idol"],"max_hp_gain":0,"max_hp_loss":0,"event_name":"Forgotten Altar","floor":22,"relics_lost":["Golden Idol"],"gold_loss":0}],"is_beta":false,"boss_relics":[{"not_picked":["Cursed Key","Black Star"],"picked":"WristBlade"}],"items_purged_floors":[],"is_endless":false,"potions_floor_spawned":[1,16,21],"killed_by":"Gremlin Leader","ascension_level":0}}