{"host":"jksq986fwerfio60","time":1613356874,"event":{"mods":["BaseMod","Colored Map","Colored Powertips","Downfall","Hermit","Jorbs\u0027s Wanderer Trilogy","Marisa¡]Ãú«B¡@Å]²z¨F¡^","Minty Spire (QoL Compilation)","Replay The Spire","Shop Mod","StSLib","UnlockEverythingMod"],"gold_per_floor":[119,132,132,147,147,147,159,159,171,171,224,224,224,74,84,84,84,84,84],"floor_reached":18,"language":"ZHS","playtime":1169,"items_purged":[],"score":102,"play_id":"e9fdcc1b-d1e5-4dc8-8ae7-701e586d7d0e","local_time":"20210215104114","is_ascension_mode":false,"campfire_choices":[{"data":"stsjorbsmod:EyeOfTheStorm","floor":8,"key":"SMITH"},{"data":"stsjorbsmod:UnseenServant","floor":10,"key":"SMITH"},{"floor":12,"key":"RECALL"},{"floor":17,"key":"REST"}],"circlet_count":0,"master_deck":["stsjorbsmod:ForbiddenGrimoire+1","stsjorbsmod:Strike_Wanderer+1","stsjorbsmod:Strike_Wanderer+1","stsjorbsmod:Strike_Wanderer","stsjorbsmod:Strike_Wanderer","stsjorbsmod:Defend_Wanderer+1","stsjorbsmod:Defend_Wanderer+1","stsjorbsmod:Defend_Wanderer","stsjorbsmod:Defend_Wanderer","stsjorbsmod:FreshAdventure","stsjorbsmod:EyeOfTheStorm+1","stsjorbsmod:ParryingBlow","stsjorbsmod:Aid","stsjorbsmod:DoubleCheck","stsjorbsmod:UnseenServant+1","stsjorbsmod:Message+1","stsjorbsmod:WeightOfMemory"],"relics":["stsjorbsmod:GrimoireRelic","War Paint","Meat on the Bone","Boot"],"acts_visited":["Exordium"],"potions_floor_usage":[15,18],"damage_taken":[{"damage":8,"enemies":"Small Slimes","floor":1,"turns":4},{"damage":6,"enemies":"Jaw Worm","floor":2,"turns":4},{"damage":0,"enemies":"Cultist","floor":4,"turns":5},{"damage":9,"enemies":"2 Fungi Beasts","floor":7,"turns":3},{"damage":3,"enemies":"Red Slaver","floor":9,"turns":7},{"damage":17,"enemies":"Large Slime","floor":15,"turns":7},{"damage":62,"enemies":"The Guardian","floor":18,"turns":9}],"seed_played":"7935183984462821695","potions_obtained":[{"floor":1,"key":"Languid Potion"},{"floor":7,"key":"Explosive Potion"}],"is_trial":false,"path_per_floor":["M","M","?","M","PTL","PTL","M","R","M","R","T","R","?","$","M","?","R","B"],"character_chosen":"WANDERER","items_purchased":["Boot"],"campfire_rested":1,"item_purchase_floors":[14],"current_hp_per_floor":[68,63,63,65,65,65,57,57,56,56,56,56,56,56,39,39,61,0,0],"gold":84,"neow_bonus":"TEN_PERCENT_HP_BONUS","is_daily":false,"chose_seed":false,"campfire_upgraded":2,"win_rate":0.0,"timestamp":1613356874,"path_taken":["M","M","?","M","PTL","PTL","M","R","M","R","T","R","?","$","M","?","R","BOSS"],"items_purchased_type":["Relic"],"build_version":"2020-12-22","purchased_purges":0,"victory":false,"max_hp_per_floor":[74,74,74,74,74,74,74,74,74,74,74,74,74,74,74,74,74,74,74],"card_choices":[{"not_picked":["stsjorbsmod:MagicMissiles","stsjorbsmod:BurningFlask"],"picked":"stsjorbsmod:ParryingBlow","floor":1},{"not_picked":["stsjorbsmod:WeightOfMemory","stsjorbsmod:TrueStrike"],"picked":"stsjorbsmod:Aid","floor":2},{"not_picked":["stsjorbsmod:Rest","stsjorbsmod:BlackTentacles"],"picked":"stsjorbsmod:DoubleCheck","floor":4},{"not_picked":["stsjorbsmod:Hibernate","stsjorbsmod:DisguiseSelf"],"picked":"stsjorbsmod:UnseenServant","floor":7},{"not_picked":["stsjorbsmod:FindFamiliar","stsjorbsmod:Channel"],"picked":"stsjorbsmod:Message","floor":9},{"not_picked":["stsjorbsmod:UnseenServant","stsjorbsmod:RayOfFrost"],"picked":"stsjorbsmod:WeightOfMemory","floor":15}],"player_experience":6461,"relics_obtained":[{"floor":11,"key":"War Paint"}],"event_choices":[{"damage_healed":0,"gold_gain":0,"player_choice":"Searched \u00272\u0027 times","damage_taken":0,"relics_obtained":["Meat on the Bone"],"max_hp_gain":0,"max_hp_loss":0,"event_name":"Dead Adventurer","floor":13,"gold_loss":0},{"damage_healed":0,"gold_gain":0,"player_choice":"Upgraded","damage_taken":0,"max_hp_gain":0,"max_hp_loss":0,"event_name":"Upgrade Shrine","floor":16,"gold_loss":0,"cards_upgraded":["stsjorbsmod:Message"]}],"is_beta":false,"boss_relics":[],"items_purged_floors":[],"is_endless":false,"potions_floor_spawned":[1,7],"killed_by":"The Guardian","ascension_level":0}}