{"host":"344lv32hnei0mdhu","time":1613423499,"event":{"mods":["Act Like it!","BaseMod","Better Match","Better Sensory Stone","Better Skull","Better Third Choice","Better Vampires","Colored Powertips","Highlight Path","Minty Spire (QoL Compilation)","Quick Restart","Random Character Button","Rare Cards Sparkle","StSLib"],"gold_per_floor":[112,112,124,124,29,29,69,69,120,133,151,170,184,215,227,358,370,397,409,435,409,428,428,428],"floor_reached":23,"language":"ENG","playtime":1512,"items_purged":[],"score":365,"play_id":"40594749-0240-490b-baad-123d249a38f4","local_time":"20210215151139","is_ascension_mode":true,"campfire_choices":[{"data":"Zap","floor":6,"key":"SMITH"},{"data":"Barrage","floor":15,"key":"SMITH"}],"circlet_count":0,"master_deck":["AscendersBane","Strike_B","Strike_B","Strike_B","Strike_B","Defend_B","Defend_B","Defend_B","Defend_B","Zap+1","Dualcast","Skim","Cold Snap","Capacitor+1","Ball Lightning","Barrage+1","Biased Cognition","Chill","Conserve Battery","Buffer","Static Discharge","Storm","Auto Shields"],"relics":["Cracked Core","NeowsBlessing","Golden Idol","Cables","MawBank","Inserter"],"acts_visited":["Exordium","TheCity"],"potions_floor_usage":[12,16,22],"damage_taken":[{"damage":0,"enemies":"2 Louse","floor":1,"turns":1},{"damage":0,"enemies":"Small Slimes","floor":3,"turns":1},{"damage":0,"enemies":"Gremlin Nob","floor":7,"turns":1},{"damage":5,"enemies":"Jaw Worm","floor":10,"turns":3},{"damage":16,"enemies":"Exordium Thugs","floor":11,"turns":4},{"damage":0,"enemies":"Looter","floor":12,"turns":2},{"damage":0,"enemies":"Large Slime","floor":13,"turns":5},{"damage":4,"enemies":"3 Sentries","floor":14,"turns":8},{"damage":25,"enemies":"The Guardian","floor":16,"turns":8},{"damage":32,"enemies":"3 Byrds","floor":18,"turns":5},{"damage":5,"enemies":"Chosen","floor":20,"turns":5},{"damage":4,"enemies":"Centurion and Healer","floor":22,"turns":6},{"damage":21,"enemies":"Slavers","floor":23,"turns":1}],"seed_played":"3548236507551397891","potions_obtained":[{"floor":11,"key":"Regen Potion"},{"floor":12,"key":"EssenceOfDarkness"},{"floor":20,"key":"Block Potion"}],"is_trial":false,"path_per_floor":["M","?","M","?","$","R","E","?","T","M","M","M","M","E","R","B",null,"M","?","M","$","M","E"],"character_chosen":"DEFECT","items_purchased":["Capacitor","Ball Lightning","Storm"],"campfire_rested":0,"item_purchase_floors":[5,5,21],"current_hp_per_floor":[68,68,68,68,68,68,68,68,68,63,47,52,52,48,48,23,58,26,26,21,21,17,0,0],"gold":428,"neow_bonus":"THREE_ENEMY_KILL","is_daily":false,"chose_seed":false,"campfire_upgraded":2,"win_rate":0.0,"timestamp":1613423499,"path_taken":["M","?","M","?","$","R","E","?","T","M","M","?","M","E","R","BOSS","M","?","M","$","M","E"],"items_purchased_type":["Card","Card","Card"],"build_version":"2020-12-22","purchased_purges":0,"victory":false,"max_hp_per_floor":[75,75,75,69,69,69,69,69,69,69,69,69,69,69,69,69,69,69,69,69,69,69,69,69],"card_choices":[{"not_picked":["Go for the Eyes","Sweeping Beam"],"picked":"Skim","floor":1},{"not_picked":["Leap","Compile Driver"],"picked":"Cold Snap","floor":3},{"not_picked":["Barrage","Aggregate","Reprogram"],"picked":"SKIP","floor":7},{"not_picked":["Beam Cell","Rip and Tear"],"picked":"Barrage","floor":10},{"not_picked":["Turbo","Gash"],"picked":"Biased Cognition","floor":11},{"not_picked":["FTL","Conserve Battery"],"picked":"Chill","floor":12},{"not_picked":["Turbo","Beam Cell"],"picked":"Conserve Battery","floor":13},{"not_picked":["Redo","Compile Driver","Hello World"],"picked":"SKIP","floor":14},{"not_picked":["Electrodynamics","Meteor Strike"],"picked":"Buffer","floor":16},{"not_picked":["Redo+1","Barrage"],"picked":"Static Discharge","floor":18},{"not_picked":["Conserve Battery","Leap","Scrape"],"picked":"SKIP","floor":20},{"not_picked":["Rebound+1","Compile Driver"],"picked":"Auto Shields","floor":22}],"player_experience":382927,"relics_obtained":[{"floor":7,"key":"Cables"},{"floor":14,"key":"MawBank"}],"event_choices":[{"damage_healed":0,"gold_gain":0,"player_choice":"Ignored","damage_taken":0,"max_hp_gain":0,"max_hp_loss":0,"event_name":"Golden Wing","floor":2,"gold_loss":0},{"damage_healed":0,"gold_gain":0,"player_choice":"Lose Max HP","damage_taken":0,"relics_obtained":["Golden Idol"],"max_hp_gain":0,"max_hp_loss":6,"event_name":"Golden Idol","floor":4,"gold_loss":0},{"damage_healed":0,"gold_gain":0,"player_choice":"Grow","damage_taken":0,"max_hp_gain":0,"max_hp_loss":0,"event_name":"Living Wall","floor":8,"gold_loss":0,"cards_upgraded":["Capacitor"]},{"damage_healed":0,"gold_gain":0,"player_choice":"Adaptability","damage_taken":0,"max_hp_gain":0,"max_hp_loss":0,"event_name":"betterThird:BetterWriting","floor":19,"gold_loss":0}],"is_beta":false,"boss_relics":[{"not_picked":["Snecko Eye","Ectoplasm"],"picked":"Inserter"}],"items_purged_floors":[],"is_endless":false,"potions_floor_spawned":[11,12,20],"killed_by":"Slavers","ascension_level":12}}