{"host":"344lv32hnei0mdhu","time":1613349413,"event":{"mods":["Act Like it!","BaseMod","Better Match","Better Sensory Stone","Better Skull","Better Third Choice","Better Vampires","Colored Powertips","Highlight Path","Minty Spire (QoL Compilation)","Quick Restart","Random Character Button","Rare Cards Sparkle","StSLib"],"gold_per_floor":[112,5,5,5,22,52,52,69,147,166,166,178,210,229,229,333,333,343,343,357,357,282,282,294,209,232,251,151,151,151],"floor_reached":29,"language":"ENG","playtime":867,"items_purged":["Strike_B","Pain"],"score":456,"play_id":"cd712cf6-9a1f-4c25-906c-2188231d09a6","local_time":"20210214183653","is_ascension_mode":true,"campfire_choices":[{"data":"White Noise","floor":11.0,"key":"SMITH"},{"data":"Consume","floor":15.0,"key":"SMITH"},{"data":"Panacea","floor":23,"key":"SMITH"}],"circlet_count":0,"master_deck":["AscendersBane","Strike_B","Strike_B","Strike_B","Defend_B","Defend_B","Defend_B","Defend_B","Zap","Dualcast","Self Repair","Loop","Steam","Escape Plan","Consume+1","BootSequence","Loop","White Noise+1","Loop","Electrodynamics","Conserve Battery+1","Panacea+1","Good Instincts"],"relics":["Cracked Core","NeowsBlessing","Bag of Marbles","Oddly Smooth Stone","Symbiotic Virus","PreservedInsect","Cursed Key","Mummified Hand","Strawberry"],"acts_visited":["Exordium","TheCity"],"potions_floor_usage":[16,16,18,29],"damage_taken":[{"damage":0.0,"enemies":"Small Slimes","floor":1.0,"turns":1.0},{"damage":0.0,"enemies":"2 Louse","floor":5.0,"turns":1.0},{"damage":0.0,"enemies":"Lagavulin","floor":6.0,"turns":1.0},{"damage":11.0,"enemies":"Cultist","floor":8.0,"turns":5.0},{"damage":0.0,"enemies":"Red Slaver","floor":10.0,"turns":4.0},{"damage":2.0,"enemies":"Blue Slaver","floor":12.0,"turns":3.0},{"damage":7.0,"enemies":"3 Sentries","floor":13.0,"turns":4.0},{"damage":24.0,"enemies":"3 Louse","floor":14.0,"turns":4.0},{"damage":36,"enemies":"Hexaghost","floor":16,"turns":8},{"damage":14,"enemies":"2 Thieves","floor":18,"turns":3},{"damage":20,"enemies":"Shell Parasite","floor":20,"turns":6},{"damage":15,"enemies":"Snecko","floor":24,"turns":6},{"damage":46,"enemies":"Shelled Parasite and Fungi","floor":27,"turns":5},{"damage":24,"enemies":"Snake Plant","floor":29,"turns":2}],"seed_played":"5452434770772469405","potions_obtained":[{"floor":1.0,"key":"SteroidPotion"},{"floor":12.0,"key":"Fire Potion"},{"floor":14.0,"key":"SteroidPotion"},{"floor":16,"key":"Ancient Potion"},{"floor":27,"key":"Ancient Potion"}],"is_trial":false,"path_per_floor":["M","$","?","?","M","E","$","M","T","M","R","M","E","M","R","B",null,"M","?","M","?","$","R","M","?","T","M","$","M"],"character_chosen":"DEFECT","items_purchased":["Loop","Steam"],"campfire_rested":0,"item_purchase_floors":[2,2],"current_hp_per_floor":[68,68,68,59,59,59,59,55,55,62,62,60,60,43,43,14,60,46,71,58,58,58,58,50,50,57,18,18,0,0],"gold":151,"neow_bonus":"THREE_ENEMY_KILL","is_daily":false,"chose_seed":false,"campfire_upgraded":3,"win_rate":0.0,"timestamp":1613349413,"path_taken":["M","$","?","?","M","E","$","M","T","M","R","M","E","M","R","BOSS","M","?","M","?","$","R","M","?","T","M","$","M"],"items_purchased_type":["Card","Card"],"build_version":"2020-12-22","purchased_purges":2,"victory":false,"max_hp_per_floor":[75,75,75,75,75,75,75,75,75,75,75,75,75,75,75,75,75,75,75,75,75,75,75,75,75,82,82,82,82,82],"card_choices":[{"not_picked":["Steam Power","Steam"],"picked":"Self Repair","floor":1.0},{"not_picked":["Hello World","Steam"],"picked":"Consume","floor":5.0},{"not_picked":["Steam Power","Conserve Battery"],"picked":"BootSequence","floor":6.0},{"not_picked":["Coolheaded","Blizzard"],"picked":"Loop","floor":8.0},{"not_picked":["Coolheaded","Stack"],"picked":"White Noise","floor":10.0},{"not_picked":["Streamline","Go for the Eyes"],"picked":"Loop","floor":12.0},{"not_picked":["Lockon","Rebound","Barrage"],"picked":"SKIP","floor":13.0},{"not_picked":["Consume","Barrage","Thunder Strike"],"picked":"SKIP","floor":14.0},{"not_picked":["Thunder Strike","Meteor Strike"],"picked":"Electrodynamics","floor":16},{"not_picked":["Rip and Tear+1","Melter+1","FTL"],"picked":"SKIP","floor":18},{"not_picked":["Barrage","Hologram"],"picked":"Conserve Battery+1","floor":20},{"not_picked":["Jack Of All Trades","Sadistic Nature"],"picked":"Panacea","floor":21},{"not_picked":["Transmutation","Sadistic Nature"],"picked":"Good Instincts","floor":21},{"not_picked":["Leap","Compile Driver","Chaos"],"picked":"SKIP","floor":24},{"not_picked":["Lockon","Hello World+1","Recycle"],"picked":"SKIP","floor":27}],"player_experience":374845,"relics_obtained":[{"floor":6.0,"key":"Oddly Smooth Stone"},{"floor":9.0,"key":"Symbiotic Virus"},{"floor":13.0,"key":"PreservedInsect"},{"floor":26,"key":"Strawberry"}],"event_choices":[{"damage_healed":68.0,"max_hp_gain":0.0,"max_hp_loss":75.0,"gold_gain":0.0,"event_name":"betterThird:BetterShining","player_choice":"Leave","floor":3.0,"gold_loss":0.0,"damage_taken":0.0},{"damage_healed":25,"gold_gain":0,"player_choice":"Heal","damage_taken":0,"max_hp_gain":0,"max_hp_loss":0,"event_name":"The Library","floor":19,"gold_loss":0},{"damage_healed":0,"gold_gain":2,"player_choice":"1","damage_taken":0,"max_hp_gain":0,"max_hp_loss":0,"event_name":"betterStone:BetterStone","floor":21,"gold_loss":0},{"damage_healed":0,"gold_gain":0,"player_choice":"Obtained Relic","damage_taken":0,"relics_obtained":["Mummified Hand"],"max_hp_gain":0,"max_hp_loss":0,"event_name":"Addict","floor":25,"gold_loss":85}],"is_beta":false,"boss_relics":[{"not_picked":["Tiny House","Ectoplasm"],"picked":"Cursed Key"}],"items_purged_floors":[22,28],"is_endless":false,"potions_floor_spawned":[1,12,14,16,27],"killed_by":"Snake Plant","ascension_level":12}}