{"host":"aapp7ew3jk5k1bvd","time":1613396134,"event":{"mods":["AchievementEnabler","BaseMod","Colored Map","Custom Start","Keyboard Shortcuts","Minty Spire (QoL Compilation)","Permanent Neow","Quick Restart","StSLib","SuperFastMode"],"gold_per_floor":[122,149,224,242,242,242,251,61,140,140,11,26,60,93,93,93,93],"floor_reached":16,"language":"KOR","playtime":286,"items_purged":["Strike_G","Strike_G"],"score":152,"play_id":"cb38eb6a-e723-438f-acf9-4052469f2470","local_time":"20210215223534","is_ascension_mode":true,"campfire_choices":[{"floor":6.0,"key":"REST"},{"data":"Neutralize","floor":10,"key":"SMITH"},{"floor":15,"key":"REST"}],"circlet_count":0,"master_deck":["AscendersBane","Strike_G","Strike_G","Strike_G","Defend_G","Defend_G","Defend_G","Defend_G","Defend_G","Survivor","Neutralize+1","Dagger Spray","Predator","Heel Hook","Apotheosis","Heel Hook","Backflip"],"relics":["Ring of the Snake","CeramicFish","Golden Idol","Membership Card","Letter Opener"],"acts_visited":["Exordium"],"potions_floor_usage":[],"damage_taken":[{"damage":0.0,"enemies":"2 Louse","floor":1.0,"turns":3.0},{"damage":3.0,"enemies":"Jaw Worm","floor":2.0,"turns":5.0},{"damage":1.0,"enemies":"Cultist","floor":4.0,"turns":3.0},{"damage":9,"enemies":"Exordium Thugs","floor":12,"turns":4},{"damage":4,"enemies":"3 Louse","floor":13,"turns":2},{"damage":31,"enemies":"Gremlin Gang","floor":14,"turns":4},{"damage":0,"enemies":"The Guardian","floor":16,"turns":2}],"seed_played":"-4145357941814364902","potions_obtained":[{"floor":1.0,"key":"Regen Potion"},{"floor":14,"key":"FearPotion"}],"is_trial":false,"path_per_floor":["M","M","?","M","?","R","?","$","T","R","$","M","M","M","R","B"],"character_chosen":"THE_SILENT","items_purchased":["Membership Card","Apotheosis"],"campfire_rested":2,"item_purchase_floors":[8,11],"current_hp_per_floor":[63,60,49,48,31,52,52,52,52,52,52,43,39,8,29,29,29],"gold":93,"neow_bonus":"RANDOM_COMMON_RELIC","is_daily":false,"chose_seed":false,"campfire_upgraded":1,"win_rate":0.0,"timestamp":1613396134,"path_taken":["M","M","?","M","?","R","?","$","T","R","$","M","?","M","R","BOSS"],"items_purchased_type":["Relic","Card"],"build_version":"2020-12-22","purchased_purges":2,"victory":false,"max_hp_per_floor":[70,70,70,70,70,70,70,70,70,70,70,70,70,70,70,70,70],"card_choices":[{"not_picked":["Setup","Dash"],"picked":"Dagger Spray","floor":1.0},{"not_picked":["Riddle With Holes","Deflect"],"picked":"Predator","floor":2.0},{"not_picked":["Predator","Poisoned Stab","Slice"],"picked":"SKIP","floor":4.0},{"not_picked":["Deflect","Flying Knee","Underhanded Strike"],"picked":"SKIP","floor":12},{"not_picked":["Bane","Bouncing Flask"],"picked":"Heel Hook","floor":13},{"not_picked":["Masterful Stab","Dodge and Roll"],"picked":"Backflip","floor":14}],"player_experience":997879,"relics_obtained":[{"floor":9,"key":"Letter Opener"}],"event_choices":[{"damage_healed":0.0,"max_hp_gain":0.0,"max_hp_loss":0.0,"gold_gain":75.0,"event_name":"World of Goop","player_choice":"Gather Gold","floor":3.0,"gold_loss":0.0,"damage_taken":11.0},{"damage_healed":0.0,"max_hp_gain":0.0,"max_hp_loss":0.0,"gold_gain":0.0,"event_name":"Golden Idol","player_choice":"Take Damage","floor":5.0,"gold_loss":0.0,"damage_taken":17.0,"relics_obtained":["Golden Idol"]},{"damage_healed":0,"gold_gain":0,"player_choice":"1 cards matched","damage_taken":0,"max_hp_gain":0,"max_hp_loss":0,"event_name":"Match and Keep!","floor":7,"gold_loss":0,"cards_obtained":["Heel Hook"]}],"is_beta":false,"boss_relics":[],"items_purged_floors":[8,11],"is_endless":false,"potions_floor_spawned":[1,14],"killed_by":"The Guardian","ascension_level":13}}