{"host":"ty9fb48q9oru32qm","time":1613421314,"event":{"mods":["2.2 Compatiblity","AchievementEnabler","Act Like it!","Astrologer","BaseMod","Beaked The Cultist","Better Synergies","Block Reminder","ChefMod","Colored Powertips","Conspire","DeckTracker","Downfall","Friendly Minions","GifTheSpireLib","Hermit","Hubris","Infinite Spire","Jorbs\u0027s Wanderer Trilogy","Marisa????????","Minty Spire (QoL Compilation)","Permanent Neow","Quick Restart","Random Character Button","Reliquary","Replay The Spire","Somnambulant","StSLib","Stuff the Spire","The Construct","The Cursed","The Marked","The Runesmith","The Servant 0.9.4","TheHeartMod"],"gold_per_floor":[115,115,127,127,127,127,140,174,174,185,185,217,229,262,262,262,262],"floor_reached":16,"language":"ENG","playtime":1119,"items_purged":[],"score":120,"play_id":"b8a32bdd-d03c-43a6-b6c8-68c1faea61a8","local_time":"20210215213514","is_ascension_mode":false,"campfire_choices":[{"floor":6,"key":"REST"},{"data":"theMarked:EmpowerWeapon","floor":11,"key":"SMITH"},{"data":"hubris:DuctTapeCard","floor":15,"key":"SMITH"}],"circlet_count":0,"master_deck":["theMarked:Strike","theMarked:Strike","theMarked:Strike","theMarked:Strike","theMarked:Strike","theMarked:Defend","theMarked:Defend","theMarked:Defend","theMarked:SoldierOfQuellstein","ReplayTheSpireMod:Echoes of Time","theMarked:ComboAttacks","Regret","theMarked:Aftermath","hubris:DuctTapeCard+2","theMarked:EmpowerWeapon+1","theMarked:ElectricStrings","theMarked:AttractMetal"],"relics":["theMarked:ArtifactOfAir","Ancient Tea Set","Orichalcum","Membership Card","Meat on the Bone","StuffTheSpire:Tea","InkBottle","hubris:DuctTape","infinitespire:Satchel","Nunchaku"],"acts_visited":["Exordium"],"potions_floor_usage":[14,16],"damage_taken":[{"damage":0,"enemies":"2 Louse","floor":1,"turns":3},{"damage":1,"enemies":"Jaw Worm","floor":3,"turns":5},{"damage":6,"enemies":"Cultist","floor":7,"turns":4},{"damage":28,"enemies":"Lagavulin","floor":8,"turns":6},{"damage":7,"enemies":"Large Slime","floor":10,"turns":6},{"damage":11,"enemies":"3 Sentries","floor":12,"turns":7},{"damage":12,"enemies":"Exordium Thugs","floor":13,"turns":4},{"damage":11,"enemies":"Gremlin Nob","floor":14,"turns":4},{"damage":30,"enemies":"The Guardian","floor":16,"turns":2}],"seed_played":"-1280322623754670477","potions_obtained":[{"floor":8,"key":"Swift Potion"},{"floor":12,"key":"construct:ShiftPotion"},{"floor":13,"key":"Energy Potion"}],"is_trial":false,"path_per_floor":["M","?","M","?","$","R","M","E","T","M","R","E","M","E","R","B"],"character_chosen":"THE_DEFAULT","items_purchased":["Membership Card","Meat on the Bone","StuffTheSpire:Tea"],"campfire_rested":1,"item_purchase_floors":[5,5,5],"current_hp_per_floor":[70,53,52,52,10,31,37,21,21,26,26,27,27,28,28,0,0],"gold":262,"neow_bonus":"RANDOM_COMMON_RELIC","is_daily":false,"chose_seed":false,"campfire_upgraded":2,"win_rate":0.0,"timestamp":1613421314,"path_taken":["M","?","M","?","?","R","M","E","T","M","R","E","M","E","R","BOSS"],"items_purchased_type":["Relic","Relic","Relic"],"build_version":"2020-12-22","purchased_purges":0,"victory":false,"max_hp_per_floor":[70,70,70,70,70,70,70,70,70,70,70,70,70,70,70,70,70],"card_choices":[{"not_picked":["theMarked:WastefulAttack","theMarked:ElectricStrings","theMarked:ShockingTouch"],"picked":"SKIP","floor":1},{"not_picked":["infinitespire:Menacing","ReplayTheSpireMod:Black Plague"],"picked":"ReplayTheSpireMod:Echoes of Time","floor":2},{"not_picked":["theMarked:ChannelForce","theMarked:TakeCover"],"picked":"theMarked:ComboAttacks","floor":3},{"not_picked":["theMarked:ShockingTouch","theMarked:Overcharge"],"picked":"theMarked:SwordAndMagic","floor":7},{"not_picked":["theMarked:Static","theMarked:Parkour"],"picked":"theMarked:Aftermath","floor":8},{"not_picked":["theMarked:Improvise","theMarked:ChannelForce"],"picked":"theMarked:EmpowerWeapon","floor":10},{"not_picked":["theMarked:Polarize","theMarked:Frustration"],"picked":"theMarked:ElectricStrings","floor":12},{"not_picked":["theMarked:SelfDefenseTraining","theMarked:Frustration","theMarked:BanishingStrike"],"picked":"SKIP","floor":13},{"not_picked":["theMarked:Frustration","theMarked:ChainLightning"],"picked":"theMarked:AttractMetal","floor":14}],"player_experience":290897,"relics_obtained":[{"floor":8,"key":"InkBottle"},{"floor":9,"key":"hubris:DuctTape"},{"floor":12,"key":"infinitespire:Satchel"},{"floor":14,"key":"Nunchaku"}],"event_choices":[{"damage_healed":0,"gold_gain":0,"player_choice":"Box","damage_taken":0,"relics_obtained":["Orichalcum"],"max_hp_gain":0,"max_hp_loss":0,"event_name":"Big Fish","floor":4,"gold_loss":0,"cards_obtained":["Regret"]}],"is_beta":false,"boss_relics":[],"items_purged_floors":[],"is_endless":false,"potions_floor_spawned":[8,12,13],"killed_by":"The Guardian","ascension_level":0}}