{"host":"51dweoxrcspgw6ri","time":1613420224,"event":{"mods":["BaseMod","Colored Map","Colored Powertips","Minty Spire (QoL Compilation)","Rare Cards Sparkle","Relic Stats","StSLib","SuperFastMode"],"gold_per_floor":[17,36,50,66,78,104,104,132,132,160,160,216,232,244,244,320,320,332,345,85,100,113,113,124,124,124,124,144,144,244,159,159,159,159],"floor_reached":33,"language":"ENG","playtime":1409,"items_purged":[],"score":509,"play_id":"d1b63c89-7f43-45ac-affd-90b0be182f0c","local_time":"20210215211704","is_ascension_mode":true,"campfire_choices":[{"floor":7.0,"key":"REST"},{"floor":11.0,"key":"REST"},{"data":"Envenom","floor":15.0,"key":"SMITH"},{"floor":23.0,"key":"REST"},{"data":"After Image","floor":27.0,"key":"SMITH"},{"data":"Phantasmal Killer","floor":29.0,"key":"SMITH"},{"floor":32.0,"key":"REST"}],"circlet_count":0,"master_deck":["AscendersBane","Strike_G","Strike_G","Strike_G","Strike_G","Strike_G","Defend_G","Defend_G","Defend_G","Defend_G","Defend_G","Survivor","Neutralize","Sadistic Nature","Dagger Spray","Finisher","Backstab","Envenom+1","Prepared","Corpse Explosion","Dagger Spray","PiercingWail","Backflip","After Image+1","Prepared","Leg Sweep","Backstab","Terror","Phantasmal Killer+1","A Thousand Cuts","Caltrops+1"],"relics":["Ring of the Snake","Regal Pillow","Toy Ornithopter","Question Card","Gambling Chip","Black Star","Bag of Marbles","Turnip","Shuriken","WingedGreaves"],"acts_visited":["Exordium","TheCity"],"potions_floor_usage":[],"damage_taken":[{"damage":2.0,"enemies":"Jaw Worm","floor":1.0,"turns":7.0},{"damage":0.0,"enemies":"Small Slimes","floor":2.0,"turns":3.0},{"damage":0.0,"enemies":"Cultist","floor":3.0,"turns":3.0},{"damage":5.0,"enemies":"2 Fungi Beasts","floor":4.0,"turns":3.0},{"damage":0.0,"enemies":"3 Louse","floor":5.0,"turns":2.0},{"damage":23.0,"enemies":"Lagavulin","floor":6.0,"turns":6.0},{"damage":17.0,"enemies":"3 Sentries","floor":8.0,"turns":5.0},{"damage":23.0,"enemies":"Lagavulin","floor":10.0,"turns":4.0},{"damage":3.0,"enemies":"Looter","floor":13.0,"turns":2.0},{"damage":0.0,"enemies":"Large Slime","floor":14.0,"turns":2.0},{"damage":12.0,"enemies":"The Guardian","floor":16.0,"turns":9.0},{"damage":22.0,"enemies":"2 Thieves","floor":18.0,"turns":3.0},{"damage":0.0,"enemies":"3 Byrds","floor":19.0,"turns":5.0},{"damage":0.0,"enemies":"3 Cultists","floor":21.0,"turns":3.0},{"damage":15.0,"enemies":"Snake Plant","floor":22.0,"turns":4.0},{"damage":3.0,"enemies":"Centurion and Healer","floor":24.0,"turns":6.0},{"damage":0.0,"enemies":"Book of Stabbing","floor":25.0,"turns":1.0},{"damage":0.0,"enemies":"Cultist and Chosen","floor":28.0,"turns":3.0},{"damage":19.0,"enemies":"Colosseum Slavers","floor":30.0,"turns":3.0},{"damage":25.0,"enemies":"Colosseum Nobs","floor":30.0,"turns":3.0},{"damage":60,"enemies":"Champ","floor":33,"turns":12}],"seed_played":"-3740122804676785315","potions_obtained":[{"floor":4.0,"key":"EssenceOfSteel"},{"floor":5.0,"key":"SmokeBomb"},{"floor":8.0,"key":"EssenceOfSteel"},{"floor":13.0,"key":"Strength Potion"},{"floor":18.0,"key":"PowerPotion"}],"is_trial":false,"path_per_floor":["M","M","M","M","M","E","R","E","T","E","R","?","M","M","R","B",null,"M","M","$","M","M","R","M","E","T","R","M","R","?","?","R","B"],"character_chosen":"THE_SILENT","items_purchased":["Backstab","Terror","Phantasmal Killer"],"campfire_rested":4,"item_purchase_floors":[20,20,20],"current_hp_per_floor":[57,57,57,52,52,29,63,46,46,28,62,62,59,59,59,52,63,41,41,41,41,26,60,57,62,62,62,66,66,22,22,56,0,0],"gold":159,"neow_bonus":"RANDOM_COLORLESS_2","is_daily":false,"chose_seed":false,"campfire_upgraded":3,"win_rate":0.0,"timestamp":1613420224,"path_taken":["M","M","M","M","M","E","R","E","T","E","R","?","M","M","R","BOSS","M","M","$","M","M","R","M","E","T","R","M","R","?","?","R","BOSS"],"items_purchased_type":["Card","Card","Card"],"build_version":"2020-12-22","purchased_purges":0,"victory":false,"max_hp_per_floor":[66,66,66,66,66,66,66,66,66,66,66,66,66,66,66,66,66,66,66,66,66,66,66,66,66,66,66,66,66,66,66,66,66,66],"relic_stats":{"Regal Pillow":60,"counters":[21,89],"Shuriken":[2],"Gambling Chip":[39],"Turnip":[6],"Black Star":1,"Question Card":11,"obtain_stats":[{"Regal Pillow":6,"Shuriken":30,"Gambling Chip":10,"Turnip":30,"WingedGreaves":31,"Black Star":17,"Bag of Marbles":26,"Question Card":9,"Toy Ornithopter":8,"Ring of the Snake":0},{"Regal Pillow":6,"Shuriken":20,"Gambling Chip":8,"Turnip":20,"WingedGreaves":20,"Black Star":11,"Bag of Marbles":17,"Question Card":7,"Toy Ornithopter":7,"Ring of the Snake":0},{"Regal Pillow":24,"Shuriken":77,"Gambling Chip":33,"Turnip":77,"WingedGreaves":77,"Black Star":46,"Bag of Marbles":68,"Question Card":29,"Toy Ornithopter":29,"Ring of the Snake":0}],"Toy Ornithopter":19,"Ring of the Snake":[42]},"card_choices":[{"not_picked":["Violence","Metamorphosis"],"picked":"Sadistic Nature","floor":0.0},{"not_picked":["Finisher","Dagger Throw"],"picked":"Dagger Spray","floor":1.0},{"not_picked":["Concentrate","Endless Agony"],"picked":"Finisher","floor":2.0},{"not_picked":["All Out Attack","PiercingWail"],"picked":"Backstab","floor":3.0},{"not_picked":["Predator","Sucker Punch"],"picked":"Envenom","floor":4.0},{"not_picked":["Flechettes","Dagger Throw"],"picked":"Prepared","floor":5.0},{"not_picked":["Prepared","Blur"],"picked":"Corpse Explosion","floor":6.0},{"not_picked":["Backflip","Heel Hook"],"picked":"Dagger Spray","floor":8.0},{"not_picked":["Underhanded Strike","Dash","Choke"],"picked":"PiercingWail","floor":10.0},{"not_picked":["Endless Agony","Acrobatics","Calculated Gamble","Sucker Punch"],"picked":"SKIP","floor":13.0},{"not_picked":["Sucker Punch","All Out Attack","Deadly Poison"],"picked":"Backflip","floor":14.0},{"not_picked":["Night Terror","Phantasmal Killer","A Thousand Cuts"],"picked":"After Image","floor":16.0},{"not_picked":["Sucker Punch","Backflip","Dash+1"],"picked":"Prepared","floor":18.0},{"not_picked":["Acrobatics","Quick Slash","Dagger Throw"],"picked":"Leg Sweep","floor":19.0},{"not_picked":["Deadly Poison+1","Bane","Finisher","Backflip"],"picked":"SKIP","floor":21.0},{"not_picked":["Deadly Poison","Setup","Caltrops"],"picked":"A Thousand Cuts","floor":22.0},{"not_picked":["Setup","Deadly Poison","Flying Knee","Quick Slash"],"picked":"SKIP","floor":24.0},{"not_picked":["Calculated Gamble","Dagger Throw","Deadly Poison"],"picked":"Caltrops+1","floor":28.0}],"player_experience":530609,"relics_obtained":[{"floor":6.0,"key":"Regal Pillow"},{"floor":8.0,"key":"Toy Ornithopter"},{"floor":9.0,"key":"Question Card"},{"floor":10.0,"key":"Gambling Chip"},{"floor":26.0,"key":"Bag of Marbles"},{"floor":30.0,"key":"Turnip"},{"floor":30.0,"key":"Shuriken"}],"event_choices":[{"damage_healed":0.0,"max_hp_gain":0.0,"max_hp_loss":0.0,"gold_gain":56.0,"event_name":"Golden Wing","player_choice":"Gained Gold","floor":12.0,"gold_loss":0.0,"damage_taken":0.0},{"damage_healed":0.0,"max_hp_gain":0.0,"max_hp_loss":0.0,"gold_gain":0.0,"event_name":"Colosseum","player_choice":"Fight","floor":30.0,"gold_loss":0.0,"damage_taken":0.0},{"damage_healed":0.0,"max_hp_gain":0.0,"max_hp_loss":0.0,"gold_gain":0.0,"event_name":"Colosseum","player_choice":"Fought Nobs","floor":30.0,"gold_loss":0.0,"damage_taken":0.0},{"damage_healed":0.0,"max_hp_gain":0.0,"max_hp_loss":0.0,"gold_gain":0.0,"event_name":"Addict","player_choice":"Obtained Relic","floor":31.0,"gold_loss":85.0,"damage_taken":0.0,"relics_obtained":["WingedGreaves"]}],"is_beta":false,"boss_relics":[{"not_picked":["Ectoplasm","Cursed Key"],"picked":"Black Star"}],"items_purged_floors":[],"is_endless":false,"potions_floor_spawned":[4,5,8,13,18,22,24,30],"killed_by":"Champ","ascension_level":15}}