{"host":"6v6lk9rcoiasjngj","time":1613433506,"event":{"mods":["Ascension Reborn","BaseMod","Better Third Choice","Colored Map","Conspire","Downfall","Friendly Minions","GifTheSpireLib","Googly Eyes","Hermit","Hubris","Infinite Spire","Minty Spire (QoL Compilation)","Quick Restart","RRrroohrrRGHHhhh!!","Replay The Spire","Reworked Bosses","Shade Mod","Somnambulant","Spicy Shops","StSLib","Stuff the Spire","SuperFastMode","The Bladedancer","The Blue Laboratory","The Cursed","The Disciple","The Florist","The Gatherer","The Hayseed","The Hierophant","The Jungle","The Saiyan","The Servant 0.9.4","The Valiant","egg"],"gold_per_floor":[99,118,238,260,272,272,272,288,178,298,298,332,121,149,179,313,327,341,379,412,442,14,26,26,146,146,168,168,182,182,205,221,339,339,339,353,375,495,495,495,495,526,526,538,561,561,561,577,593,593,593,627,354,354,354,354],"floor_reached":57,"language":"ENG","playtime":4704,"items_purged":["Voices","Languid"],"score":1390,"play_id":"4f5766ab-fb9e-4416-96ae-669a1d186656","local_time":"20210215185826","is_ascension_mode":true,"campfire_choices":[{"data":"hexamod:SearingWound","floor":1.0,"key":"SMITH"},{"data":"hexamod:WildfireWeapon","floor":6.0,"key":"SMITH"},{"floor":11.0,"key":"RECALL"},{"data":"Replay:SS_hec_2","floor":13.0,"key":"SMITH"},{"data":"Replay:SS_hec_2+1","floor":18.0,"key":"SMITH"},{"data":"hexamod:PhantomCloak","floor":26,"key":"SMITH"},{"data":"hexamod:SoulSteal","floor":35,"key":"SMITH"},{"data":"hexamod:NecessarySacrifice","floor":40,"key":"SMITH"},{"data":"Madness","floor":47,"key":"SMITH"},{"data":"hexamod:ExtraCrispy","floor":54,"key":"SMITH"}],"circlet_count":0,"master_deck":["hexamod:Strike+1","hexamod:Strike+1","hexamod:Strike+1","hexamod:Strike+1","hexamod:Defend+1","hexamod:Defend+1","hexamod:Defend+1","hexamod:Defend+1","hexamod:Sear+1","hexamod:Float+1","hexamod:SearingWound+1","hexamod:ThermalTransfer","hexamod:WildfireWeapon+1","hexamod:BurningTouch+1","hexamod:HeatCrush","hexamod:NecessarySacrifice+1","Madness+1","Madness","hexamod:BurningTouch+1","Madness+1","hexamod:ChargedBarrage","hexamod:RainOfEmbers+1","hexamod:DynamicBlow","expansioncontent:StudyTheSpire","expansioncontent:StudyTheSpire+1","hexamod:SpectralSpark","hexamod:PhantomCloak+1","hexamod:SoulSteal+1","hexamod:UnlimitedPower","TheSimpletonMod:Nettles","hexamod:GhostOfSpirePresent","TheCursedMod:Dregs","Replay:Hysterical Blindness","hexamod:PhantomFireball+1","hexamod:FlamesFromBeyond+1","hexamod:FlamesFromBeyond","Finesse","hexamod:ExtraCrispy+1"],"relics":["hexamod:SpiritBrand","StuffTheSpire:Gunfinga","Blue Doll","ReplayFunnel","Potion Belt","MawBank","downfall:HeartBlessingRed","downfall:HeartBlessingGreen","downfall:HeartBlessingBlue","conspire:InfiniteJournal","Runic Pyramid","Replay:Wax Seal","Quantum Egg","hubris:Zylophone","infinitespire:Magic Flask","Anchor","ReplayTheSpireMod:TigerMarble","hubris:Icosahedron","Replay:Bottled Flurry","conspire:GlowingRock","hubris:ScarierMask","downfall:ExtraCursedKey","hexamod:IceCube","hubris:Teleporter","hubris:MedicalManual","infinitespire:Broken Mirror","StuffTheSpire:Experiment12","Replay:WaspNest"],"acts_visited":["Exordium","theJungle:Jungle","TheBeyond","TheEnding"],"potions_floor_usage":[],"damage_taken":[{"damage":0.0,"enemies":"conspire:RoseBush","floor":2.0,"turns":2.0},{"damage":0.0,"enemies":"Cultist","floor":4.0,"turns":2.0},{"damage":0.0,"enemies":"Small Slimes","floor":5.0,"turns":2.0},{"damage":0.0,"enemies":"Gremlin Gang","floor":8.0,"turns":3.0},{"damage":0.0,"enemies":"downfall:FleeingMerchant","floor":9.0,"turns":4.0},{"damage":3.0,"enemies":"downfall:LadyInBlue","floor":10.0,"turns":3.0},{"damage":0.0,"enemies":"Lagavulin","floor":12.0,"turns":6.0},{"damage":0.0,"enemies":"Exordium Thugs","floor":14.0,"turns":4.0},{"damage":0.0,"enemies":"2 Fungi Beasts","floor":15.0,"turns":3.0},{"damage":0.0,"enemies":"downfall:Watcher","floor":16.0,"turns":3.0},{"damage":0.0,"enemies":"Shell Parasite","floor":19.0,"turns":3.0},{"damage":0.0,"enemies":"theJungle:MUSHROOMGANG","floor":20.0,"turns":4.0},{"damage":0.0,"enemies":"theJungle:Lyon","floor":21.0,"turns":3.0},{"damage":0.0,"enemies":"downfall:FleeingMerchant","floor":22.0,"turns":4.0},{"damage":2,"enemies":"theJungle:JungleHuntersEncounter","floor":23,"turns":5},{"damage":0,"enemies":"Snake Plant","floor":27,"turns":2},{"damage":3,"enemies":"theJungle:2_Flameangoes","floor":29,"turns":3},{"damage":0,"enemies":"theJungle:SlimyTreeVines","floor":31,"turns":3},{"damage":13,"enemies":"theJungle:JungleHuntersEncounter","floor":32,"turns":6},{"damage":24,"enemies":"SI_MIRROR_ARCHETYPE","floor":33,"turns":6},{"damage":0,"enemies":"Orb Walker","floor":36,"turns":2},{"damage":0,"enemies":"3 Darklings","floor":37,"turns":3},{"damage":0,"enemies":"Nightmare","floor":42,"turns":4},{"damage":0,"enemies":"Jaw Worm Horde","floor":44,"turns":2},{"damage":0,"enemies":"4 Shapes","floor":45,"turns":2},{"damage":0,"enemies":"Maw","floor":48,"turns":4},{"damage":0,"enemies":"3 Darklings","floor":49,"turns":2},{"damage":11,"enemies":"IC_BLOCK_ARCHETYPE","floor":50,"turns":5},{"damage":1,"enemies":"downfall:CharBossMerchant","floor":52,"turns":4},{"damage":2,"enemies":"downfall:NeowBoss","floor":55,"turns":11},{"damage":36,"enemies":"downfall:NeowBossFinal","floor":56,"turns":10}],"seed_played":"1373689440260054542","potions_obtained":[{"floor":2.0,"key":"blueLaboratory:FruitPunch"},{"floor":4.0,"key":"LifebloodPotion"},{"floor":4.0,"key":"blueLaboratory:CorrosionFlask"},{"floor":9.0,"key":"blueLaboratory:AbyssPotion"},{"floor":10.0,"key":"blueLaboratory:PolymorphPotion"},{"floor":10.0,"key":"SmokeBomb"},{"floor":10.0,"key":"SpeedPotion"},{"floor":10.0,"key":"sagemod:Wine"},{"floor":12.0,"key":"blueLaboratory:EnragingPotion"},{"floor":16.0,"key":"AttackPotion"},{"floor":19.0,"key":"blueLaboratory:HummingbirdPotion"},{"floor":31,"key":"blueLaboratory:ForbiddenFruitJuice"},{"floor":33,"key":"blueLaboratory:PhilterOfMotion"},{"floor":49,"key":"blueLaboratory:ForbiddenFruitJuice"}],"is_trial":false,"path_per_floor":["R","M","?","M","M","R","T","M","$","?","R","E","R","M","M","B",null,"R","M","M","M","$","M","T","?","R","M","$","M","?","M","M","B",null,"R","M","M","?","AVR","R","T","NM","?","M","M","?","R","M","M","B",null,"E","$","R","B","B",null],"character_chosen":"THE_SPIRIT","items_purchased":["hexamod:NecessarySacrifice","Replay:SS_hec_2","expansioncontent:StudyTheSpire","Replay:Wax Seal","Quantum Egg","hexamod:SpectralSpark","Anchor","ReplayTheSpireMod:TigerMarble","EntropicBrew","Finesse","hexamod:ExtraCrispy"],"campfire_rested":0,"item_purchase_floors":[9,9,22,22,22,22,28,28,53,53,53],"current_hp_per_floor":[77,77,77,77,77,77,77,77,80,77,77,77,90,90,90,97,97,97,97,97,97,97,95,95,95,95,95,75,72,72,79,66,52,104,104,104,104,109,109,109,109,109,109,109,109,109,109,111,111,110,118,117,117,117,125,99],"gold":354,"neow_bonus":"ONE_RANDOM_RARE_CARD","is_daily":false,"chose_seed":false,"campfire_upgraded":9,"win_rate":0.0,"timestamp":1613433506,"path_taken":["R","M","?","M","?","R","T","M","$","?","R","E","R","M","M","BOSS","R","M","?","M","$","M","T","?","R","M","?","M","?","M","M","BOSS","R","M","M","?","AVR","R","T","NM","?","M","M","?","R","?","M","BOSS","E","$","R","BOSS","BOSS"],"items_purchased_type":["Card","Undefined","Card","Relic","Relic","Card","Relic","Relic","Potion","Card","Card"],"build_version":"2020-12-22","purchased_purges":2,"victory":true,"max_hp_per_floor":[77,77,77,77,77,77,77,77,80,80,80,80,90,90,90,97,97,97,97,97,97,97,97,97,97,97,97,97,97,97,97,97,104,104,104,104,104,109,109,109,109,109,109,109,109,109,109,111,111,118,118,118,118,118,125,132],"card_choices":[{"not_picked":["hexamod:GhostShield","hexamod:EtherealExpedition"],"picked":"hexamod:ThermalTransfer","floor":2.0},{"not_picked":["hexamod:RainOfEmbers","hexamod:SwordOfDarkness+1"],"picked":"hexamod:WildfireWeapon","floor":4.0},{"not_picked":["hexamod:GhostShield","hexamod:AdvancingGuard"],"picked":"hexamod:BurningTouch+1","floor":5.0},{"not_picked":["hexamod:BacktrackSmack+1","hexamod:NightmareGuise"],"picked":"hexamod:HeatCrush","floor":8.0},{"not_picked":["hexamod:RainOfEmbers","hexamod:ShieldOfDarkness","hexamod:GhostLash"],"picked":"SKIP","floor":9.0},{"not_picked":["hexamod:RainOfEmbers","hexamod:SpectralAdrenaline"],"picked":"hexamod:BurningTouch+1","floor":10.0},{"not_picked":["hexamod:Again+1","hexamod:SpectersWail","hexamod:ThermalTransfer"],"picked":"SKIP","floor":12.0},{"not_picked":["hexamod:NightmareStrike","hexamod:GhostLash+1","hexamod:GhostOfSpirePast"],"picked":"SKIP","floor":12.0},{"not_picked":["hexamod:SpectralAdrenaline+1","hexamod:SpectersWail+1","hexamod:InspiringFlames"],"picked":"SKIP","floor":14.0},{"not_picked":["hexamod:FastForward+1","hexamod:GhostLash","hexamod:HexaLevel"],"picked":"SKIP","floor":15.0},{"not_picked":["hexamod:ParanormalForm","hexamod:GiftsFromTheDead"],"picked":"hexamod:EmpoweringStance","floor":16.0},{"not_picked":["hexamod:Again","hexamod:SpectersWail+1","hexamod:BacktrackSmack"],"picked":"SKIP","floor":19.0},{"not_picked":["hexamod:Firestarter","hexamod:AdvancingGuard+1"],"picked":"hexamod:ChargedBarrage","floor":20.0},{"not_picked":["hexamod:FourthSeal","hexamod:SuperheatedStrike+1"],"picked":"hexamod:RainOfEmbers+1","floor":21.0},{"not_picked":["hexamod:RetreatToShadows","hexamod:TurnItUp"],"picked":"hexamod:DynamicBlow","floor":22},{"not_picked":["hexamod:SwordOfDarkness","hexamod:GhostOfSpirePast"],"picked":"hexamod:PhantomCloak","floor":23},{"not_picked":["hexamod:Hexaguard","hexamod:BacktrackSmack","hexamod:HauntingEcho"],"picked":"SKIP","floor":27},{"not_picked":["hexamod:AdvancingGuard","hexamod:HauntingEcho","hexamod:SixthSeal"],"picked":"SKIP","floor":29},{"not_picked":["hexamod:AdvancingGuard","hexamod:FastForward"],"picked":"hexamod:SoulSteal","floor":31},{"not_picked":["hexamod:NightmareGuise+1","hexamod:ShieldOfDarkness","hexamod:GhostShield"],"picked":"SKIP","floor":32},{"not_picked":["hexamod:Toasty","hexamod:HexaLevel"],"picked":"hexamod:UnlimitedPower","floor":33},{"not_picked":["hexamod:ShieldOfDarkness+1","hexamod:SpectersWail+1","hexamod:RainOfEmbers"],"picked":"SKIP","floor":36},{"not_picked":["hexamod:FastForward+1","hexamod:SwordOfDarkness+1","hexamod:NightmareStrike"],"picked":"SKIP","floor":37},{"not_picked":["hexamod:ThirdSeal","hexamod:GhostOfSpirePast+1","hexamod:SuperheatedStrike+1"],"picked":"SKIP","floor":42},{"not_picked":["hexamod:RecurringNightmare+1","hexamod:GhostLash+1","hexamod:PhantomFireball+1"],"picked":"SKIP","floor":44},{"not_picked":["hexamod:RecurringNightmare+1","hexamod:GhostLash+1"],"picked":"hexamod:PhantomFireball+1","floor":44},{"not_picked":["hexamod:HexaLevel","hexamod:NightmareGuise+1"],"picked":"hexamod:FlamesFromBeyond+1","floor":45},{"not_picked":["hexamod:ThermalTransfer+1","hexamod:BurningTouch+1","hexamod:ShieldOfDarkness"],"picked":"SKIP","floor":48},{"not_picked":["hexamod:FourthSeal","hexamod:BurningTouch","hexamod:Hexaguard+1"],"picked":"SKIP","floor":49},{"not_picked":["hexamod:SpectralAdrenaline","hexamod:RecurringNightmare"],"picked":"hexamod:FlamesFromBeyond","floor":52}],"player_experience":804369,"relics_obtained":[{"floor":4.0,"key":"StuffTheSpire:Gunfinga"},{"floor":5.0,"key":"Blue Doll"},{"floor":7.0,"key":"ReplayFunnel"},{"floor":10.0,"key":"Potion Belt"},{"floor":12.0,"key":"MawBank"},{"floor":16.0,"key":"conspire:InfiniteJournal"},{"floor":24,"key":"hubris:Zylophone"},{"floor":24,"key":"infinitespire:Magic Flask"},{"floor":32,"key":"Replay:Bottled Flurry"},{"floor":33,"key":"conspire:GlowingRock"},{"floor":41,"key":"hubris:Teleporter"},{"floor":41,"key":"hubris:MedicalManual"},{"floor":42,"key":"infinitespire:Broken Mirror"},{"floor":44,"key":"StuffTheSpire:Experiment12"},{"floor":52,"key":"Replay:WaspNest"}],"event_choices":[{"damage_healed":0,"gold_gain":0,"player_choice":"Leave","damage_taken":0,"max_hp_gain":0,"max_hp_loss":0,"event_name":"conspire:Investor","floor":46,"gold_loss":0}],"is_beta":false,"boss_relics":[{"not_picked":["Runic Dome","StuffTheSpire:RunicConfusion"],"picked":"Runic Pyramid"},{"not_picked":["rorgmod:Empty Cage","SacredBark"],"picked":"hubris:ScarierMask"}],"items_purged_floors":[39,53],"is_endless":false,"potions_floor_spawned":[4,14,23,29,33,37,45],"ascension_level":0}}