{"host":"p9vmbvw2hh2n16dn","time":1613384876,"event":{"mods":["AchievementEnabler","BaseMod","Block Reminder","Minty Spire (QoL Compilation)","Relic Stats","SuperFastMode"],"gold_per_floor":[116,116,116,135,151,483,483,180,180,212,229,229,229],"floor_reached":12,"language":"ENG","playtime":248,"items_purged":[],"score":141,"play_id":"c9063102-f195-4ece-bfcc-80315f1a42df","local_time":"20210215112756","is_ascension_mode":true,"campfire_choices":[{"floor":7.0,"key":"REST"}],"circlet_count":0,"master_deck":["AscendersBane","Strike_B","Strike_B","Strike_B","Defend_B","Defend_B","Defend_B","Defend_B","Zap","Dualcast","Capacitor","Barrage","Capacitor","Chill","Sunder","Cold Snap"],"relics":["Cracked Core","NeowsBlessing","Cables","Old Coin","Runic Capacitor","MealTicket","Symbiotic Virus","Shuriken"],"acts_visited":["Exordium"],"potions_floor_usage":[],"damage_taken":[{"damage":0.0,"enemies":"2 Louse","floor":1.0,"turns":1.0},{"damage":0.0,"enemies":"Jaw Worm","floor":4.0,"turns":1.0},{"damage":0.0,"enemies":"Cultist","floor":5.0,"turns":1.0},{"damage":54.0,"enemies":"Lagavulin","floor":6.0,"turns":8.0},{"damage":17.0,"enemies":"3 Sentries","floor":10.0,"turns":7.0},{"damage":0.0,"enemies":"Lots of Slimes","floor":11.0,"turns":2.0},{"damage":27,"enemies":"Gremlin Nob","floor":12,"turns":3}],"seed_played":"-9200449380613328231","potions_obtained":[{"floor":1.0,"key":"Explosive Potion"}],"is_trial":false,"path_per_floor":["M","?","T","M","M","E","R","$","T","E","M","E"],"character_chosen":"DEFECT","items_purchased":["Runic Capacitor","MealTicket"],"campfire_rested":1,"item_purchase_floors":[8,8],"current_hp_per_floor":[68,61,61,61,61,7,29,29,29,12,12,0,0],"gold":229,"neow_bonus":"THREE_ENEMY_KILL","is_daily":false,"chose_seed":false,"campfire_upgraded":0,"win_rate":0.0,"timestamp":1613384876,"path_taken":["M","?","?","?","M","E","R","$","T","E","?","E"],"items_purchased_type":["Relic","Relic"],"build_version":"2020-12-22","purchased_purges":0,"victory":false,"max_hp_per_floor":[75,75,75,75,75,75,75,75,75,75,75,75,75],"relic_stats":{"counters":[7,23],"Shuriken":[0],"MealTicket":0,"obtain_stats":[{"NeowsBlessing":0,"Shuriken":10,"MealTicket":8,"Runic Capacitor":8,"Cracked Core":0,"Symbiotic Virus":9,"Cables":3,"Old Coin":6},{"NeowsBlessing":0,"Shuriken":5,"MealTicket":4,"Runic Capacitor":4,"Cracked Core":0,"Symbiotic Virus":4,"Cables":1,"Old Coin":4},{"NeowsBlessing":0,"Shuriken":18,"MealTicket":11,"Runic Capacitor":11,"Cracked Core":0,"Symbiotic Virus":11,"Cables":1,"Old Coin":11}],"Cables":[18,14,0,4,0]},"card_choices":[{"not_picked":["Loop","Barrage"],"picked":"Capacitor","floor":1.0},{"not_picked":["Cold Snap","Gash"],"picked":"Barrage","floor":4.0},{"not_picked":["Steam","Coolheaded"],"picked":"Capacitor","floor":5.0},{"not_picked":["Go for the Eyes","Fusion"],"picked":"Chill","floor":6.0},{"not_picked":["Coolheaded","Reinforced Body"],"picked":"Sunder","floor":10.0},{"not_picked":["Static Discharge","Gash"],"picked":"Cold Snap","floor":11.0}],"player_experience":334516,"relics_obtained":[{"floor":3.0,"key":"Cables"},{"floor":6.0,"key":"Old Coin"},{"floor":9.0,"key":"Symbiotic Virus"},{"floor":10.0,"key":"Shuriken"}],"event_choices":[{"cards_removed":["Strike_B"],"damage_healed":0.0,"max_hp_gain":0.0,"max_hp_loss":0.0,"gold_gain":0.0,"event_name":"Golden Wing","player_choice":"Card Removal","floor":2.0,"gold_loss":0.0,"damage_taken":7.0}],"is_beta":false,"boss_relics":[],"items_purged_floors":[],"is_endless":false,"potions_floor_spawned":[1],"killed_by":"Gremlin Nob","ascension_level":12}}