{"host":"5y2vm16xfq9gfmb2","time":1613376682,"event":{"mods":["AchievementEnabler","BaseMod","Better Third Choice","Colored Map","Colored Powertips","DeckTracker","Friendly Minions","Marisa????????","Minty Spire (QoL Compilation)","Rare Cards Sparkle","Relic Stats","StSLib","The Alterego","The Animator","The Marked","The Servant 0.9.4","Yohane!"],"gold_per_floor":[360,64,79,28,57,103,103,147,170,181,181,201,213,213,213,318,318,352,379,145,176,176,176],"floor_reached":22,"language":"ENG","playtime":1224,"items_purged":[],"score":223,"play_id":"03b07e37-64f3-4fd4-9c88-959788334c38","local_time":"20210215031122","is_ascension_mode":false,"campfire_choices":[{"floor":7,"key":"RECALL"},{"floor":15,"key":"REST"}],"circlet_count":0,"master_deck":["Strike_MRS","Strike_MRS","Strike_MRS","Strike_MRS","Defend_MRS","Defend_MRS","Defend_MRS","Defend_MRS","MasterSpark","UpSweep","DC","OpenUniverse","WitchOfGreed","StarlightTyphoon","Orbital","ManaRampage+1","GalacticHalo","SuperPerseids","Occultation","TreasureHunter","WitchLeyline","ManaConvection","DragonMeteor","Replace"],"relics":["MiniHakkero","Ice Cream","Pen Nib","Blood Vial","Black Star","PrismaticShard"],"acts_visited":["Exordium","TheCity"],"potions_floor_usage":[8,16,18,19,21],"damage_taken":[{"damage":2,"enemies":"Small Slimes","floor":1,"turns":4},{"damage":2,"enemies":"2 Louse","floor":3,"turns":2},{"damage":6,"enemies":"Cultist","floor":5,"turns":3},{"damage":30,"enemies":"3 Sentries","floor":6,"turns":6},{"damage":0,"enemies":"Lagavulin","floor":8,"turns":2},{"damage":8,"enemies":"Gremlin Gang","floor":10,"turns":3},{"damage":6,"enemies":"Looter","floor":12,"turns":2},{"damage":8,"enemies":"Exordium Wildlife","floor":13,"turns":2},{"damage":15,"enemies":"Slime Boss","floor":16,"turns":8},{"damage":30,"enemies":"2 Thieves","floor":18,"turns":3},{"damage":11,"enemies":"3 Byrds","floor":19,"turns":6},{"damage":22,"enemies":"Snake Plant","floor":21,"turns":4},{"damage":18,"enemies":"Chosen and Byrds","floor":22,"turns":3}],"seed_played":"-8808844439420198997","potions_obtained":[{"floor":3,"key":"LiquidMemories"},{"floor":5,"key":"EssenceOfSteel"},{"floor":8,"key":"LiquidMemories"},{"floor":12,"key":"FearPotion"},{"floor":18,"key":"BottledSpark"},{"floor":18,"key":"Strength Potion"},{"floor":21,"key":"SpeedPotion"}],"is_trial":false,"path_per_floor":["M","$","M","$","M","E","R","E","T","M","?","M","M","?","R","B",null,"M","M","$","M","M"],"character_chosen":"MARISA","items_purchased":["Ice Cream","WitchOfGreed","PrismaticShard","DragonMeteor"],"campfire_rested":1,"item_purchase_floors":[2,4,20,20],"current_hp_per_floor":[66,66,64,64,58,28,28,28,28,22,22,18,12,12,32,19,68,38,29,29,9,0,0],"gold":176,"neow_bonus":"TWO_FIFTY_GOLD","is_daily":false,"chose_seed":false,"campfire_upgraded":0,"win_rate":0.0,"timestamp":1613376682,"path_taken":["M","$","M","$","M","E","R","E","T","M","?","M","M","?","R","BOSS","M","M","$","M","M"],"items_purchased_type":["Relic","Card","Relic","Card"],"build_version":"2020-12-22","purchased_purges":0,"victory":false,"max_hp_per_floor":[68,68,68,68,68,68,68,68,68,68,68,68,68,68,68,68,68,68,68,68,68,68,68],"relic_stats":{"Blood Vial":14,"counters":[13,48],"Pen Nib":[7],"Black Star":0,"obtain_stats":[{"Ice Cream":2,"Blood Vial":8,"Pen Nib":6,"Black Star":17,"MiniHakkero":0,"PrismaticShard":20,"Mercury Hourglass":16},{"Ice Cream":1,"Blood Vial":5,"Pen Nib":4,"Black Star":9,"MiniHakkero":0,"PrismaticShard":11,"Mercury Hourglass":9},{"Ice Cream":4,"Blood Vial":17,"Pen Nib":15,"Black Star":32,"MiniHakkero":0,"PrismaticShard":41,"Mercury Hourglass":28}]},"card_choices":[{"not_picked":["Acceleration","ManaConvection"],"picked":"DC","floor":1},{"not_picked":["GravityBeat","NonDirectionalLaser"],"picked":"OpenUniverse","floor":3},{"not_picked":["MilkyWay","DeepEcoloBomb"],"picked":"StarlightTyphoon","floor":5},{"not_picked":["SprinkleStarSeal","GrandCross"],"picked":"Orbital","floor":6},{"not_picked":["OrrerysSun","ManaConvection"],"picked":"ManaRampage","floor":8},{"not_picked":["6A","GrandCross"],"picked":"GalacticHalo","floor":10},{"not_picked":["MeteoricShower","Singularity"],"picked":"SuperPerseids","floor":12},{"not_picked":["Acceleration","Singularity"],"picked":"Occultation","floor":13},{"not_picked":["BlazingStar","JA"],"picked":"TreasureHunter","floor":16},{"not_picked":["SporeBomb","IllusionStar"],"picked":"WitchLeyline","floor":18},{"not_picked":["Acceleration","LuminesStrike"],"picked":"ManaConvection","floor":19},{"not_picked":["theMarked:Aftermath","animator:AcuraAkari"],"picked":"Replace","floor":21}],"player_experience":117342,"relics_obtained":[{"floor":6,"key":"Pen Nib"},{"floor":8,"key":"Blood Vial"}],"event_choices":[{"damage_healed":0,"gold_gain":0,"player_choice":"Ignored","damage_taken":0,"max_hp_gain":0,"max_hp_loss":0,"event_name":"Golden Wing","floor":11,"gold_loss":0},{"damage_healed":0,"gold_gain":0,"player_choice":"Grow","damage_taken":0,"max_hp_gain":0,"max_hp_loss":0,"event_name":"Living Wall","floor":14,"gold_loss":0,"cards_upgraded":["ManaRampage"]}],"is_beta":false,"boss_relics":[{"not_picked":["Snecko Eye","BewitchedHakkero"],"picked":"Black Star"}],"items_purged_floors":[],"is_endless":false,"potions_floor_spawned":[3,8,12,18],"killed_by":"Chosen and Byrds","ascension_level":0}}