{"host":"pdq28s6637cpsst2","time":1613426838,"event":{"mods":["BaseMod","Colored Map","Colored Powertips","Highlight Path","Minty Spire (QoL Compilation)","Permanent Neow","Quick Restart","StSLib"],"gold_per_floor":[116,126,144,144,170,170,197,211,235,253,284,284,297,24,24,119,119,139,149,149,165,175,175,200,200,200,225,225,225,256,273,273,371,371,385,385,396,296,316,316,345,345,345,363,392,194,194,194,194,194],"floor_reached":51,"language":"ENG","playtime":6914,"items_purged":["Strike_G","Strike_G+1","Flying Knee"],"score":943,"play_id":"32caf39c-0365-4c6d-8cad-66a252be0427","local_time":"20210215170718","is_ascension_mode":true,"campfire_choices":[{"data":"Neutralize","floor":6.0,"key":"SMITH"},{"data":"Backflip","floor":12.0,"key":"SMITH"},{"floor":15.0,"key":"REST"},{"floor":23.0,"key":"REST"},{"data":"Dash","floor":25.0,"key":"SMITH"},{"floor":29.0,"key":"REST"},{"floor":32.0,"key":"REST"},{"data":"Tools of the Trade","floor":40.0,"key":"SMITH"},{"floor":42.0,"key":"REST"},{"floor":49.0,"key":"REST"}],"circlet_count":0,"master_deck":["Defend_G","Defend_G","Defend_G","Survivor","Neutralize+1","Wraith Form v2+1","Terror+1","Footwork","Riddle With Holes","Backflip+1","Acrobatics","Dash+1","PiercingWail","After Image+1","Dagger Spray+1","Noxious Fumes+1","Escape Plan","Backflip+1","Tools of the Trade+1","Dagger Spray+1","Backstab+1","Backstab","Backstab+1","Footwork"],"relics":["Astrolabe","Regal Pillow","Whetstone","Potion Belt","Dream Catcher","Vajra","Sozu","Tiny Chest","Pear","Bag of Preparation","Nilry\u0027s Codex","Anchor","Empty Cage","Pocketwatch","Pen Nib","Akabeko","Centennial Puzzle"],"acts_visited":["Exordium","TheCity","TheBeyond"],"potions_floor_usage":[50],"damage_taken":[{"damage":0.0,"enemies":"Cultist","floor":1.0,"turns":3.0},{"damage":0.0,"enemies":"2 Louse","floor":2.0,"turns":3.0},{"damage":5.0,"enemies":"Jaw Worm","floor":3.0,"turns":3.0},{"damage":1.0,"enemies":"Lagavulin","floor":7.0,"turns":6.0},{"damage":7.0,"enemies":"Red Slaver","floor":8.0,"turns":4.0},{"damage":5.0,"enemies":"Lots of Slimes","floor":10.0,"turns":5.0},{"damage":8.0,"enemies":"Gremlin Nob","floor":11.0,"turns":3.0},{"damage":0.0,"enemies":"Large Slime","floor":13.0,"turns":3.0},{"damage":23.0,"enemies":"Slime Boss","floor":16.0,"turns":15.0},{"damage":2.0,"enemies":"Chosen","floor":18.0,"turns":4.0},{"damage":14.0,"enemies":"Spheric Guardian","floor":19.0,"turns":4.0},{"damage":11.0,"enemies":"Centurion and Healer","floor":21.0,"turns":6.0},{"damage":1.0,"enemies":"Chosen and Byrds","floor":22.0,"turns":5.0},{"damage":6.0,"enemies":"Book of Stabbing","floor":24.0,"turns":6.0},{"damage":54.0,"enemies":"Slavers","floor":27.0,"turns":8.0},{"damage":9.0,"enemies":"Book of Stabbing","floor":30.0,"turns":6.0},{"damage":0.0,"enemies":"Cultist and Chosen","floor":31.0,"turns":6.0},{"damage":20.0,"enemies":"Automaton","floor":33.0,"turns":10.0},{"damage":0.0,"enemies":"Orb Walker","floor":35.0,"turns":3.0},{"damage":2.0,"enemies":"3 Shapes","floor":37.0,"turns":5.0},{"damage":12.0,"enemies":"3 Darklings","floor":39.0,"turns":4.0},{"damage":21.0,"enemies":"Giant Head","floor":41.0,"turns":10.0},{"damage":7.0,"enemies":"Spire Growth","floor":44.0,"turns":4.0},{"damage":41.0,"enemies":"Reptomancer","floor":45.0,"turns":7.0},{"damage":58,"enemies":"Donu and Deca","floor":50,"turns":10}],"seed_played":"-4674347530657265598","potions_obtained":[{"floor":3.0,"key":"FearPotion"},{"floor":7.0,"key":"ColorlessPotion"},{"floor":8.0,"key":"PowerPotion"},{"floor":11.0,"key":"FearPotion"}],"is_trial":false,"path_per_floor":["M","M","M","?","T","R","E","M","T","M","E","R","M","$","R","B",null,"M","M","?","M","M","R","E","R","T","E","?","R","E","M","R","B",null,"M","?","M","$","M","R","E","R","T","M","E","$","T","?","R","B",null],"character_chosen":"THE_SILENT","items_purchased":["Vajra","PiercingWail","Footwork"],"campfire_rested":6,"item_purchase_floors":[14,14,46],"current_hp_per_floor":[63,63,58,58,58,58,57,50,50,45,37,37,37,37,70,47,64,62,48,48,37,36,70,64,64,74,20,4,43,34,34,73,53,73,73,73,71,71,59,59,38,77,77,70,29,29,29,29,66,8],"gold":194,"neow_bonus":"BOSS_RELIC","is_daily":false,"chose_seed":false,"campfire_upgraded":4,"win_rate":0.0,"timestamp":1613426838,"path_taken":["M","?","M","?","?","R","E","M","T","M","E","R","M","$","R","BOSS","M","M","?","?","M","R","E","R","T","E","?","R","E","M","R","BOSS","M","?","M","$","M","R","E","R","T","M","E","?","?","?","R","BOSS"],"items_purchased_type":["Relic","Card","Card"],"build_version":"2020-12-22","purchased_purges":3,"victory":true,"max_hp_per_floor":[70,70,70,70,70,70,70,70,70,70,70,70,70,70,70,70,70,70,70,70,70,70,70,70,70,80,80,80,80,80,80,80,80,80,80,80,80,80,80,80,80,80,80,80,80,80,80,76,76,76],"card_choices":[{"not_picked":["Dagger Throw","Masterful Stab"],"picked":"Footwork","floor":1.0},{"not_picked":["Bane","Dagger Throw"],"picked":"Riddle With Holes","floor":2.0},{"not_picked":["Acrobatics","Noxious Fumes"],"picked":"Flying Knee","floor":3.0},{"not_picked":["Slice","Malaise"],"picked":"Backflip","floor":7.0},{"not_picked":["Bane","Masterful Stab"],"picked":"Acrobatics","floor":8.0},{"not_picked":["Bane","Prepared","Flying Knee"],"picked":"SKIP","floor":10.0},{"not_picked":["A Thousand Cuts","Deadly Poison","Bouncing Flask"],"picked":"SKIP","floor":11.0},{"not_picked":["Tactician","Blur"],"picked":"Dash","floor":13.0},{"not_picked":["Grand Finale","Bullet Time"],"picked":"After Image","floor":16.0},{"not_picked":["Catalyst","Crippling Poison"],"picked":"Dagger Spray+1","floor":18.0},{"not_picked":["Tactician","Flying Knee","Prepared"],"picked":"SKIP","floor":19.0},{"not_picked":["Bane","Tactician"],"picked":"Noxious Fumes+1","floor":21.0},{"not_picked":["Dodge and Roll+1","Flying Knee"],"picked":"Escape Plan","floor":22.0},{"not_picked":["Outmaneuver","Blade Dance"],"picked":"Backflip+1","floor":24.0},{"not_picked":["Reflex","Poisoned Stab+1"],"picked":"Tools of the Trade","floor":27.0},{"not_picked":["Finisher","Poisoned Stab","Terror"],"picked":"SKIP","floor":30.0},{"not_picked":["Tactician+1","Poisoned Stab","Finisher"],"picked":"SKIP","floor":31.0},{"not_picked":["Underhanded Strike+1","Deadly Poison+1"],"picked":"Dagger Spray+1","floor":35.0},{"not_picked":["Expertise","Dash+1"],"picked":"Backstab+1","floor":37.0},{"not_picked":["Sucker Punch+1","Masterful Stab+1","Predator"],"picked":"SKIP","floor":39.0},{"not_picked":["Deadly Poison","Leg Sweep"],"picked":"Backstab","floor":41.0},{"not_picked":["Dagger Spray+1","Deadly Poison","Catalyst"],"picked":"SKIP","floor":44.0},{"not_picked":["Underhanded Strike+1","Distraction"],"picked":"Backstab+1","floor":45.0}],"player_experience":211653,"relics_obtained":[{"floor":5.0,"key":"Regal Pillow"},{"floor":7.0,"key":"Whetstone"},{"floor":9.0,"key":"Potion Belt"},{"floor":11.0,"key":"Dream Catcher"},{"floor":24.0,"key":"Tiny Chest"},{"floor":26.0,"key":"Pear"},{"floor":27.0,"key":"Bag of Preparation"},{"floor":28.0,"key":"Nilry\u0027s Codex"},{"floor":30.0,"key":"Anchor"},{"floor":41.0,"key":"Pocketwatch"},{"floor":43.0,"key":"Pen Nib"},{"floor":45.0,"key":"Akabeko"},{"floor":47.0,"key":"Centennial Puzzle"}],"event_choices":[{"damage_healed":0.0,"max_hp_gain":0.0,"max_hp_loss":0.0,"gold_gain":0.0,"event_name":"Liars Game","player_choice":"Ignored","floor":4.0,"gold_loss":0.0,"damage_taken":0.0},{"damage_healed":0.0,"max_hp_gain":0.0,"max_hp_loss":0.0,"gold_gain":0.0,"event_name":"Upgrade Shrine","player_choice":"Upgraded","floor":20.0,"gold_loss":0.0,"damage_taken":0.0,"cards_upgraded":["After Image"]},{"damage_healed":0.0,"max_hp_gain":0.0,"max_hp_loss":0.0,"gold_gain":0.0,"event_name":"Cursed Tome","player_choice":"Obtained Book","floor":28.0,"gold_loss":0.0,"damage_taken":16.0},{"cards_removed":["Strike_G"],"damage_healed":0.0,"max_hp_gain":0.0,"max_hp_loss":0.0,"gold_gain":0.0,"event_name":"Purifier","player_choice":"Purged","floor":36.0,"gold_loss":0.0,"damage_taken":0.0},{"damage_healed":0.0,"max_hp_gain":0.0,"max_hp_loss":4.0,"gold_gain":0.0,"event_name":"Winding Halls","player_choice":"Max HP","floor":48.0,"gold_loss":0.0,"damage_taken":0.0}],"is_beta":false,"boss_relics":[{"not_picked":["Snecko Eye","Runic Pyramid"],"picked":"Sozu"},{"not_picked":["Calling Bell","Tiny House"],"picked":"Empty Cage"}],"items_purged_floors":[14,38,46],"is_endless":false,"potions_floor_spawned":[3,7,8,11,19,22,24,27,33,37,41,44],"ascension_level":6}}