{"host":"t5vp0whyqzs05fb6","time":1613398676,"event":{"mods":["AchievementEnabler","BaseMod","Colored Map","Minty Spire (QoL Compilation)","Rare Cards Sparkle","SuperFastMode","everything is the same but u backflip on backflip"],"gold_per_floor":[211,83,96,108,119,145,145,175,221,238,238,297,314,19,19,115,115,129,228,228,228,228,228,246,264,264,283,283,283,312,346,346,444,444,458,473,473,488,488,520,520,536,536,137,137,165,182,200,200,200,200,200,0,35,35],"floor_reached":56,"language":"KOR","playtime":1587,"items_purged":["Strike_R","Defend_R","Strike_R+1","Strike_R+1"],"score":1387,"play_id":"161d0b71-dd3b-40ed-bfe6-1f296dd0c2e7","local_time":"20210215231756","is_ascension_mode":false,"campfire_choices":[{"data":"Bash","floor":7.0,"key":"SMITH"},{"data":"Pommel Strike","floor":11.0,"key":"SMITH"},{"data":"Seeing Red","floor":15.0,"key":"SMITH"},{"data":"Corruption","floor":23.0,"key":"SMITH"},{"data":"Perfected Strike","floor":28.0,"key":"SMITH"},{"data":"Perfected Strike","floor":32.0,"key":"SMITH"},{"floor":41.0,"key":"RECALL"},{"data":"Barricade","floor":49,"key":"SMITH"},{"data":"Apotheosis","floor":52,"key":"SMITH"}],"circlet_count":0,"master_deck":["Strike_R+1","Defend_R+1","Defend_R+1","Defend_R+1","Bash+1","Shrug It Off","Perfected Strike","Perfected Strike+1","Perfected Strike","Pommel Strike+1","Shrug It Off","Perfected Strike","Seeing Red+1","Perfected Strike+1","Corruption+1","Evolve","Pommel Strike","Flame Barrier+1","Shockwave+1","Barricade+1","True Grit+1","Sentinel+1","Second Wind","Offering","Apotheosis+1","Shrug It Off","Double Tap","Dark Embrace","Dual Wield","Shrug It Off"],"relics":["Burning Blood","Lantern","Pear","Tiny Chest","Red Skull","Vajra","SacredBark","Question Card","Nunchaku","MutagenicStrength","Smiling Mask","Red Mask","Snecko Eye","Pen Nib","Mercury Hourglass","Potion Belt","Gremlin Horn","Blue Candle"],"acts_visited":["Exordium","TheCity","TheBeyond","TheEnding"],"potions_floor_usage":[50,50,50,50,50,55,55,55],"damage_taken":[{"damage":8.0,"enemies":"Jaw Worm","floor":1.0,"turns":4.0},{"damage":1.0,"enemies":"2 Louse","floor":3.0,"turns":2.0},{"damage":7.0,"enemies":"Small Slimes","floor":4.0,"turns":3.0},{"damage":13.0,"enemies":"Blue Slaver","floor":5.0,"turns":4.0},{"damage":37.0,"enemies":"3 Sentries","floor":6.0,"turns":9.0},{"damage":23.0,"enemies":"Lagavulin","floor":8.0,"turns":6.0},{"damage":4.0,"enemies":"3 Louse","floor":10.0,"turns":2.0},{"damage":20.0,"enemies":"Lagavulin Event","floor":12.0,"turns":4.0},{"damage":0.0,"enemies":"Large Slime","floor":13.0,"turns":3.0},{"damage":13.0,"enemies":"Hexaghost","floor":16.0,"turns":5.0},{"damage":5.0,"enemies":"2 Thieves","floor":18.0,"turns":3.0},{"damage":12.0,"enemies":"Shell Parasite","floor":24.0,"turns":2.0},{"damage":18.0,"enemies":"Centurion and Healer","floor":25.0,"turns":4.0},{"damage":20.0,"enemies":"Chosen and Byrds","floor":27.0,"turns":4.0},{"damage":50.0,"enemies":"Gremlin Leader","floor":30.0,"turns":6.0},{"damage":0.0,"enemies":"Masked Bandits","floor":31.0,"turns":3.0},{"damage":61.0,"enemies":"Champ","floor":33.0,"turns":8.0},{"damage":0.0,"enemies":"Orb Walker","floor":35.0,"turns":2.0},{"damage":0.0,"enemies":"3 Darklings","floor":36.0,"turns":2.0},{"damage":8.0,"enemies":"Writhing Mass","floor":38.0,"turns":2.0},{"damage":0.0,"enemies":"Giant Head","floor":40.0,"turns":5.0},{"damage":0.0,"enemies":"Spire Growth","floor":42.0,"turns":3.0},{"damage":6.0,"enemies":"Nemesis","floor":46.0,"turns":3.0},{"damage":5.0,"enemies":"Maw","floor":47.0,"turns":5.0},{"damage":6.0,"enemies":"Writhing Mass","floor":48.0,"turns":2.0},{"damage":18,"enemies":"Time Eater","floor":50,"turns":6},{"damage":6,"enemies":"Shield and Spear","floor":54,"turns":1},{"damage":70,"enemies":"The Heart","floor":55,"turns":6}],"seed_played":"-254035811196550420","potions_obtained":[{"floor":3.0,"key":"SmokeBomb"},{"floor":5.0,"key":"FairyPotion"},{"floor":6.0,"key":"SpeedPotion"},{"floor":12.0,"key":"Energy Potion"},{"floor":16.0,"key":"SkillPotion"},{"floor":18.0,"key":"BloodPotion"},{"floor":27.0,"key":"Explosive Potion"},{"floor":33.0,"key":"Explosive Potion"},{"floor":36.0,"key":"Swift Potion"},{"floor":40.0,"key":"EntropicBrew"}],"is_trial":false,"path_per_floor":["M","$","M","M","M","E","R","E","T","M","R","?","M","$","R","B",null,"M","?","?","T","?","R","M","M","T","M","R","?","E","?","R","B",null,"M","M","T","M","?","E","R","M","T","$","?","E","M","M","R","B",null,"R","$","E","B",null],"character_chosen":"IRONCLAD","items_purchased":["Shrug It Off","Vajra","Perfected Strike","Apotheosis","Shrug It Off","Potion Belt","Shrug It Off","LiquidBronze","Weak Potion"],"campfire_rested":0,"item_purchase_floors":[2,14,14,44,44,44,53,53,53],"current_hp_per_floor":[78,78,80,79,72,41,41,34,34,36,36,22,28,28,28,21,90,90,90,90,90,90,90,84,72,72,58,58,58,14,56,56,60,90,90,90,90,88,85,85,85,85,85,85,85,85,85,85,85,73,85,85,85,85,21],"gold":35,"neow_bonus":"HUNDRED_GOLD","is_daily":false,"chose_seed":false,"campfire_upgraded":8,"win_rate":0.0,"timestamp":1613398676,"path_taken":["M","$","M","M","M","E","R","E","T","M","R","?","M","$","R","BOSS","M","?","?","?","?","R","M","M","T","M","R","?","E","?","R","BOSS","M","M","?","?","?","E","R","M","T","$","?","E","M","M","R","BOSS","R","$","E","BOSS"],"items_purchased_type":["Card","Relic","Card","Card","Card","Relic","Card","Potion","Potion"],"build_version":"2020-12-22","purchased_purges":4,"victory":true,"max_hp_per_floor":[80,80,80,80,80,80,80,90,90,90,90,90,90,90,90,90,90,90,90,90,90,90,90,90,90,90,90,90,90,90,90,90,90,90,90,90,90,90,85,85,85,85,85,85,85,85,85,85,85,85,85,85,85,85,85],"card_choices":[{"not_picked":["Thunderclap","Anger","Battle Trance"],"picked":"SKIP","floor":1.0},{"not_picked":["Warcry","Reckless Charge"],"picked":"Perfected Strike","floor":3.0},{"not_picked":["Entrench","True Grit"],"picked":"Perfected Strike","floor":4.0},{"not_picked":["Headbutt","Infernal Blade","Intimidate"],"picked":"SKIP","floor":5.0},{"not_picked":["Dark Embrace","Bludgeon"],"picked":"Perfected Strike","floor":6.0},{"not_picked":["Uppercut","Sword Boomerang"],"picked":"Pommel Strike","floor":8.0},{"not_picked":["Blood for Blood","Wild Strike"],"picked":"Shrug It Off","floor":10.0},{"not_picked":["Combust","Rage"],"picked":"Perfected Strike","floor":12.0},{"not_picked":["Sentinel","Thunderclap"],"picked":"Seeing Red","floor":13.0},{"not_picked":["Demon Form","Double Tap"],"picked":"Corruption","floor":16.0},{"not_picked":["Blood for Blood","Rage"],"picked":"Evolve","floor":18.0},{"not_picked":["Cleave","Ghostly Armor","Spot Weakness"],"picked":"Pommel Strike","floor":24.0},{"not_picked":["Second Wind+1","Body Slam","Rupture+1","Rampage+1"],"picked":"SKIP","floor":25.0},{"not_picked":["Evolve","Rupture","Havoc+1"],"picked":"Flame Barrier+1","floor":27.0},{"not_picked":["Wild Strike","Cleave","Combust"],"picked":"Shockwave+1","floor":30.0},{"not_picked":["Berserk","Reaper","Exhume"],"picked":"Barricade","floor":33.0},{"not_picked":["Pommel Strike","Dropkick+1","Clash","Thunderclap+1"],"picked":"SKIP","floor":35.0},{"not_picked":["Pummel+1","Anger+1","Sword Boomerang+1"],"picked":"True Grit+1","floor":36.0},{"not_picked":["Havoc","Clash+1","Heavy Blade+1"],"picked":"Sentinel+1","floor":38.0},{"not_picked":["Perfected Strike","Reckless Charge+1","Rampage+1"],"picked":"Second Wind","floor":40.0},{"not_picked":["Clothesline","Sever Soul+1","Fire Breathing+1"],"picked":"Offering","floor":42.0},{"not_picked":["Reckless Charge+1","Power Through+1","Thunderclap"],"picked":"Double Tap","floor":46.0},{"not_picked":["Fire Breathing+1","Havoc","Clothesline"],"picked":"Dark Embrace","floor":47.0},{"not_picked":["Shockwave+1","Twin Strike","Pommel Strike+1"],"picked":"Dual Wield","floor":48.0},{"not_picked":["Iron Wave+1","Hemokinesis","Power Through+1","Thunderclap+1"],"picked":"SKIP","floor":54}],"player_experience":230377,"relics_obtained":[{"floor":6.0,"key":"Lantern"},{"floor":8.0,"key":"Pear"},{"floor":9.0,"key":"Tiny Chest"},{"floor":12.0,"key":"Red Skull"},{"floor":21.0,"key":"Question Card"},{"floor":26.0,"key":"Nunchaku"},{"floor":30.0,"key":"Smiling Mask"},{"floor":31.0,"key":"Red Mask"},{"floor":40.0,"key":"Pen Nib"},{"floor":43.0,"key":"Mercury Hourglass"},{"floor":46.0,"key":"Gremlin Horn"},{"floor":54,"key":"Blue Candle"}],"event_choices":[{"damage_healed":0.0,"max_hp_gain":0.0,"max_hp_loss":0.0,"gold_gain":30.0,"event_name":"Dead Adventurer","player_choice":"Searched \u00272\u0027 times","floor":12.0,"gold_loss":0.0,"damage_taken":0.0},{"damage_healed":0.0,"max_hp_gain":0.0,"max_hp_loss":0.0,"gold_gain":99.0,"event_name":"Nest","player_choice":"Stole From Cult","floor":19.0,"gold_loss":0.0,"damage_taken":0.0},{"damage_healed":0.0,"max_hp_gain":0.0,"max_hp_loss":0.0,"gold_gain":0.0,"event_name":"Back to Basics","player_choice":"Simplicity","floor":20.0,"gold_loss":0.0,"damage_taken":0.0,"cards_upgraded":["Strike_R","Strike_R","Strike_R","Strike_R","Defend_R","Defend_R","Defend_R"]},{"damage_healed":0.0,"max_hp_gain":0.0,"max_hp_loss":0.0,"gold_gain":0.0,"event_name":"Vampires","player_choice":"Ignored","floor":22.0,"gold_loss":0.0,"damage_taken":0.0},{"damage_healed":0.0,"max_hp_gain":0.0,"max_hp_loss":0.0,"gold_gain":0.0,"event_name":"Drug Dealer","player_choice":"Inject Mutagens","floor":29.0,"gold_loss":0.0,"damage_taken":0.0,"relics_obtained":["MutagenicStrength"]},{"damage_healed":0.0,"max_hp_gain":0.0,"max_hp_loss":0.0,"gold_gain":0.0,"event_name":"Masked Bandits","player_choice":"Fought Bandits","floor":31.0,"gold_loss":0.0,"damage_taken":0.0},{"damage_healed":0.0,"max_hp_gain":0.0,"max_hp_loss":5.0,"gold_gain":0.0,"event_name":"Winding Halls","player_choice":"Max HP","floor":39.0,"gold_loss":0.0,"damage_taken":0.0},{"cards_removed":["Strike_R"],"damage_healed":0.0,"max_hp_gain":0.0,"max_hp_loss":0.0,"gold_gain":0.0,"event_name":"Falling","player_choice":"Removed Attack","floor":45.0,"gold_loss":0.0,"damage_taken":0.0}],"is_beta":false,"boss_relics":[{"not_picked":["Busted Crown","Astrolabe"],"picked":"SacredBark"},{"not_picked":["Tiny House","Philosopher\u0027s Stone"],"picked":"Snecko Eye"}],"items_purged_floors":[2,14,44,53],"is_endless":false,"potions_floor_spawned":[3,5,6,12,16,18,27,33,36,38,40,42],"ascension_level":0}}