{"host":"xb2tau8pgi8aflss","time":1613387063,"event":{"mods":["AchievementEnabler","BaseMod","Hermit","Minty Spire (QoL Compilation)","StSLib","SuperFastMode"],"gold_per_floor":[119,294,244,26,45,71,71,106,130,130,165,175,193,210,210,315,315,286,286,266,94,106,106,122,134,134,134,48,48,48],"floor_reached":29,"language":"KOR","playtime":907,"items_purged":[],"score":382,"play_id":"42563447-6687-4bbb-b184-60a65d136f3c","local_time":"20210215200423","is_ascension_mode":true,"campfire_choices":[{"data":"hermit:Maintenance","floor":7.0,"key":"SMITH"},{"data":"hermit:Maintenance","floor":15.0,"key":"SMITH"},{"data":"hermit:GhostlyPresence","floor":23,"key":"SMITH"},{"floor":27,"key":"REST"}],"circlet_count":0,"master_deck":["hermit:Strike_Hermit","hermit:Strike_Hermit","hermit:Strike_Hermit","hermit:Strike_Hermit","hermit:Defend_Hermit","hermit:Defend_Hermit","hermit:Defend_Hermit","hermit:Defend_Hermit","hermit:Snapshot","hermit:Covet","hermit:FullyLoaded","hermit:Vantage","hermit:Coalescence","hermit:Maintenance+1","hermit:Maintenance+1","hermit:Glare","hermit:Virtue","hermit:FlashPowder","hermit:RoundhouseKick","hermit:Glare+1","hermit:Dive","hermit:GhostlyPresence+1","hermit:BodyArmor","hermit:Dive","Finesse"],"relics":["hermit:Momento","NeowsBlessing","ClockworkSouvenir","Tiny Chest","Nunchaku","Oddly Smooth Stone","SlaversCollar","hermit:PetGhost","Potion Belt"],"acts_visited":["Exordium","TheCity"],"potions_floor_usage":[16,16,18,22,25],"damage_taken":[{"damage":0.0,"enemies":"2 Louse","floor":1.0,"turns":1.0},{"damage":0.0,"enemies":"Jaw Worm","floor":5.0,"turns":1.0},{"damage":0.0,"enemies":"Gremlin Nob","floor":6.0,"turns":1.0},{"damage":20.0,"enemies":"Lagavulin","floor":8.0,"turns":8.0},{"damage":28.0,"enemies":"Gremlin Nob","floor":11.0,"turns":4.0},{"damage":0.0,"enemies":"Small Slimes","floor":12.0,"turns":4.0},{"damage":15.0,"enemies":"2 Fungi Beasts","floor":13.0,"turns":3.0},{"damage":0.0,"enemies":"Gremlin Gang","floor":14.0,"turns":6.0},{"damage":0,"enemies":"Slime Boss","floor":16,"turns":12},{"damage":12,"enemies":"2 Thieves","floor":18,"turns":6},{"damage":12,"enemies":"Spheric Guardian","floor":22,"turns":6},{"damage":24,"enemies":"Cultist and Chosen","floor":24,"turns":10},{"damage":15,"enemies":"Snake Plant","floor":25,"turns":6},{"damage":100047,"enemies":"3 Cultists","floor":29,"turns":7}],"seed_played":"6778211998078167077","potions_obtained":[{"floor":1.0,"key":"ColorlessPotion"},{"floor":8.0,"key":"DuplicationPotion"},{"floor":13.0,"key":"DistilledChaos"},{"floor":14.0,"key":"BlessingOfTheForge"},{"floor":16,"key":"Dexterity Potion"},{"floor":18,"key":"Weak Potion"},{"floor":20,"key":"hermit:BlackBile"}],"is_trial":false,"path_per_floor":["M","?","?","$","M","E","R","E","T","$","E","M","M","M","R","B",null,"M","?","?","$","M","R","M","M","T","R","$","M"],"character_chosen":"HERMIT","items_purchased":["hermit:Vantage","hermit:Coalescence","ClockworkSouvenir","hermit:Dive","hermit:PetGhost","Finesse"],"campfire_rested":1,"item_purchase_floors":[4,4,4,21,21,28],"current_hp_per_floor":[75,75,75,75,75,75,75,55,55,55,27,27,12,12,12,12,75,63,49,49,49,37,37,13,1,1,25,25,0,0],"gold":48,"neow_bonus":"THREE_ENEMY_KILL","is_daily":false,"chose_seed":false,"campfire_upgraded":3,"win_rate":0.0,"timestamp":1613387063,"path_taken":["M","?","?","$","M","E","R","E","T","$","E","M","?","M","R","BOSS","M","?","?","$","M","R","M","M","T","R","$","M"],"items_purchased_type":["Card","Card","Relic","Card","Relic","Card"],"build_version":"2020-12-22","purchased_purges":0,"victory":false,"max_hp_per_floor":[75,75,75,75,75,75,75,75,75,75,75,75,75,75,75,75,75,75,80,80,80,80,80,80,80,80,80,80,80,80],"card_choices":[{"not_picked":["hermit:Malice","hermit:Feint"],"picked":"hermit:FullyLoaded","floor":1.0},{"not_picked":["hermit:Showdown","hermit:Brawl"],"picked":"hermit:Maintenance","floor":5.0},{"not_picked":["hermit:CursedWeapon","hermit:Glare"],"picked":"hermit:Maintenance","floor":6.0},{"not_picked":["hermit:Vantage","hermit:Determination","hermit:Feint"],"picked":"SKIP","floor":8.0},{"not_picked":["hermit:Deadeye","hermit:Ricochet"],"picked":"hermit:Glare","floor":11.0},{"not_picked":["hermit:Shortfuse","hermit:CalledShot"],"picked":"hermit:Virtue","floor":12.0},{"not_picked":["hermit:Enervate","hermit:Cheat"],"picked":"hermit:FlashPowder","floor":13.0},{"not_picked":["hermit:Determination","hermit:Coalescence","hermit:LuckOfTheDraw"],"picked":"SKIP","floor":14.0},{"not_picked":["hermit:Adapt","hermit:EternalForm"],"picked":"hermit:RoundhouseKick","floor":16},{"not_picked":["hermit:Roulette","hermit:Desperado+1"],"picked":"hermit:Glare+1","floor":18},{"not_picked":["hermit:CursedWeapon","hermit:CalledShot"],"picked":"hermit:GhostlyPresence","floor":22},{"not_picked":["hermit:Vantage+1","hermit:Glare"],"picked":"hermit:BodyArmor","floor":24},{"not_picked":["hermit:Shortfuse","hermit:SprayPray"],"picked":"hermit:Dive","floor":25}],"player_experience":838577,"relics_obtained":[{"floor":6.0,"key":"Tiny Chest"},{"floor":8.0,"key":"Nunchaku"},{"floor":11.0,"key":"Oddly Smooth Stone"},{"floor":26,"key":"Potion Belt"}],"event_choices":[{"damage_healed":0.0,"max_hp_gain":0.0,"max_hp_loss":0.0,"gold_gain":175.0,"event_name":"Liars Game","player_choice":"AGREE","floor":2.0,"gold_loss":0.0,"damage_taken":0.0,"cards_obtained":["Doubt"]},{"cards_removed":["Doubt"],"damage_healed":0.0,"max_hp_gain":0.0,"max_hp_loss":0.0,"gold_gain":0.0,"event_name":"The Cleric","player_choice":"Card Removal","floor":3.0,"gold_loss":50.0,"damage_taken":0.0},{"damage_healed":0,"gold_gain":0,"player_choice":"Shed Blood","damage_taken":19,"max_hp_gain":5,"max_hp_loss":0,"event_name":"Forgotten Altar","floor":19,"gold_loss":0},{"damage_healed":0,"gold_gain":0,"player_choice":"Bought 1 Potion","damage_taken":0,"max_hp_gain":0,"max_hp_loss":0,"event_name":"The Woman in Blue","floor":20,"gold_loss":0}],"is_beta":false,"boss_relics":[{"not_picked":["Empty Cage","Runic Pyramid"],"picked":"SlaversCollar"}],"items_purged_floors":[],"is_endless":false,"potions_floor_spawned":[1,8,13,14,16,18],"killed_by":"3 Cultists","ascension_level":4}}