{"host":"n2sr453jcjz6vvl4","time":1613431329,"event":{"mods":["BaseMod","Downfall","Minty Spire (QoL Compilation)","StSLib"],"gold_per_floor":[119,44,62,73,248,248,17,17,44,44,70,70,97,109,109,208,208,220,232,32,32,50,50,50,50],"floor_reached":24,"language":"ENG","playtime":1404,"items_purged":["Strike_G","Strike_G"],"score":270,"play_id":"aadbfbf1-3d4c-482b-b481-dbf9c3704093","local_time":"20210215192209","is_ascension_mode":true,"campfire_choices":[{"data":"Well Laid Plans","floor":6,"key":"SMITH"},{"data":"Footwork","floor":10,"key":"SMITH"},{"data":"Poisoned Stab","floor":12,"key":"SMITH"},{"floor":15,"key":"REST"},{"floor":23,"key":"REST"}],"circlet_count":0,"master_deck":["Strike_G+1","Strike_G","Strike_G","Defend_G","Defend_G","Defend_G","Defend_G","Defend_G","Survivor","Neutralize","Deadly Poison+1","Well Laid Plans+1","Poisoned Stab+1","Doubt","Footwork+1","Footwork","Crippling Poison","Bullet Time","Backflip","Bouncing Flask","Footwork","Footwork"],"relics":["Ring of the Snake","NeowsBlessing","Regal Pillow","Omamori","Bottled Flame","The Courier","Runic Pyramid"],"acts_visited":["TheCity"],"potions_floor_usage":[13,18],"damage_taken":[{"damage":0,"enemies":"Jaw Worm","floor":1,"turns":1},{"damage":0,"enemies":"2 Louse","floor":3,"turns":1},{"damage":0,"enemies":"Small Slimes","floor":4,"turns":1},{"damage":2,"enemies":"Lagavulin","floor":11,"turns":7},{"damage":15,"enemies":"Gremlin Nob","floor":13,"turns":5},{"damage":3,"enemies":"Red Slaver","floor":14,"turns":5},{"damage":23,"enemies":"Hexaghost","floor":16,"turns":13},{"damage":2,"enemies":"3 Byrds","floor":18,"turns":5},{"damage":23,"enemies":"Spheric Guardian","floor":19,"turns":6},{"damage":44,"enemies":"3 Cultists","floor":22,"turns":8},{"damage":39,"enemies":"Gremlin Leader","floor":24,"turns":4}],"seed_played":"-4486792538471149534","potions_obtained":[{"floor":4,"key":"Guardian:BlockOnCardUsePotion"},{"floor":13,"key":"champ:CounterPotion"},{"floor":14,"key":"hexamod:SoulburnPotion"},{"floor":19,"key":"bronze:BurnAndBuffPotion"}],"is_trial":false,"path_per_floor":["M","$","M","M","?","R","$","?","T","R","E","R","E","M","R","B",null,"M","M","$","?","M","R","E"],"character_chosen":"THE_SILENT","items_purchased":["Regal Pillow","Footwork","Bouncing Flask","Footwork"],"campfire_rested":2,"item_purchase_floors":[7,7,20,20],"current_hp_per_floor":[70,70,70,70,70,70,70,56,56,56,54,54,39,36,70,47,70,68,45,45,45,1,37,0,0],"gold":50,"neow_bonus":"THREE_ENEMY_KILL","is_daily":false,"chose_seed":false,"campfire_upgraded":3,"win_rate":0.0,"timestamp":1613431329,"path_taken":["M","$","M","M","?","R","$","?","T","R","E","R","E","M","R","BOSS","M","M","$","?","?","R","E"],"items_purchased_type":["Relic","Card","Card","Card"],"build_version":"2020-12-22","purchased_purges":2,"victory":false,"max_hp_per_floor":[70,70,70,70,70,70,70,70,70,70,70,70,70,70,70,70,70,70,70,70,70,70,70,70,70],"card_choices":[{"not_picked":["Sucker Punch","Skewer"],"picked":"Deadly Poison","floor":1},{"not_picked":["Prepared","Concentrate"],"picked":"Well Laid Plans","floor":3},{"not_picked":["Eviscerate","Sucker Punch"],"picked":"Poisoned Stab","floor":4},{"not_picked":["Burst","Tactician"],"picked":"Footwork","floor":11},{"not_picked":["Backflip","Deflect"],"picked":"Crippling Poison","floor":13},{"not_picked":["Slice","Dagger Throw","Unload"],"picked":"SKIP","floor":14},{"not_picked":["Adrenaline","Burst"],"picked":"Bullet Time","floor":16},{"not_picked":["PiercingWail","Distraction"],"picked":"Backflip","floor":18},{"not_picked":["Dagger Throw","Prepared+1","Deflect"],"picked":"SKIP","floor":19},{"not_picked":["Riddle With Holes","PiercingWail","Bane"],"picked":"SKIP","floor":22}],"player_experience":172922,"relics_obtained":[{"floor":9,"key":"Omamori"},{"floor":11,"key":"Bottled Flame"},{"floor":13,"key":"The Courier"}],"event_choices":[{"damage_healed":0,"gold_gain":175,"player_choice":"AGREE","damage_taken":0,"max_hp_gain":0,"max_hp_loss":0,"event_name":"Liars Game","floor":5,"gold_loss":0,"cards_obtained":["Doubt"]},{"damage_healed":0,"gold_gain":0,"player_choice":"Entered Light","damage_taken":14,"max_hp_gain":0,"max_hp_loss":0,"event_name":"Shining Light","floor":8,"gold_loss":0,"cards_upgraded":["Strike_G","Deadly Poison"]},{"damage_healed":0,"gold_gain":0,"player_choice":"Copied","damage_taken":0,"max_hp_gain":0,"max_hp_loss":0,"event_name":"Duplicator","floor":21,"gold_loss":0,"cards_obtained":["Footwork"]}],"is_beta":false,"boss_relics":[{"not_picked":["Pandora\u0027s Box","Empty Cage"],"picked":"Runic Pyramid"}],"items_purged_floors":[2,20],"is_endless":false,"potions_floor_spawned":[4,13,14,19],"killed_by":"Gremlin Leader","ascension_level":4}}