{"host":"gtoa8h4im74f14p0","time":1613374101,"event":{"mods":["AchievementEnabler","BaseMod","Better Silent Start","Block Reminder","Colored Powertips","Custom Start","Downfall","Hermit","Minty Spire (QoL Compilation)","Reliquary","Shop Mod","StSLib","Swap Starting Deck Mod","The Cursed","The Marked"],"gold_per_floor":[110,12,25,25,25,58,68,78,78,78,89,89,89,102,102,198,198,210,210,210,223,223,223,118,118,163,163,163,196,209,224,224,224,224],"floor_reached":33,"language":"ENG","playtime":1440,"items_purged":[],"score":390,"play_id":"fca88d4b-b502-4a00-b64d-0c661898b5a3","local_time":"20210215022821","is_ascension_mode":false,"campfire_choices":[{"data":"Blade Dance","floor":10,"key":"SMITH"},{"data":"Terror","floor":12,"key":"SMITH"},{"floor":15,"key":"REST"},{"floor":23,"key":"REST"},{"floor":25,"key":"REST"},{"data":"Footwork","floor":27,"key":"SMITH"},{"data":"Endless Agony","floor":32,"key":"SMITH"}],"circlet_count":0,"master_deck":["Slice","Slice","Slice","Slice","Finisher+1","Cloak And Dagger+1","Cloak And Dagger+1","Cloak And Dagger","Cloak And Dagger","Blade Dance+1","Calculated Gamble","Flash of Steel","Poisoned Stab","Blur","Backstab","Caltrops","Terror+1","Endless Agony+1","Burst+1","Blade Dance+1","RitualDagger","Blade Dance+1","Blade Dance+1","Footwork+1","Deflect+1","Blade Dance+1","Expertise+1"],"relics":["Ring of the Snake","swapstartingdeckmod:DeadBlossom","reliquary:PurpleTingedLeaf","Bottled Flame","Toxic Egg 2","SlaversCollar","Nilry\u0027s Codex","Lantern","Question Card"],"acts_visited":["Exordium","TheCity"],"potions_floor_usage":[16,29,30,33],"damage_taken":[{"damage":0,"enemies":"Jaw Worm","floor":1,"turns":2},{"damage":0,"enemies":"Small Slimes","floor":3,"turns":2},{"damage":6,"enemies":"Lagavulin","floor":6,"turns":4},{"damage":0,"enemies":"Cultist","floor":7,"turns":2},{"damage":0,"enemies":"2 Fungi Beasts","floor":8,"turns":2},{"damage":0,"enemies":"Looter","floor":11,"turns":2},{"damage":5,"enemies":"Exordium Thugs","floor":14,"turns":2},{"damage":46,"enemies":"The Guardian","floor":16,"turns":9},{"damage":1,"enemies":"Shell Parasite","floor":18,"turns":3},{"damage":0,"enemies":"2 Thieves","floor":21,"turns":2},{"damage":0,"enemies":"Gremlin Leader","floor":29,"turns":3},{"damage":0,"enemies":"Centurion and Healer","floor":30,"turns":1},{"damage":0,"enemies":"Snecko","floor":31,"turns":2},{"damage":48,"enemies":"Automaton","floor":33,"turns":6}],"seed_played":"8960391493482860452","potions_obtained":[{"floor":1,"key":"SteroidPotion"},{"floor":3,"key":"ColorlessPotion"},{"floor":11,"key":"EssenceOfSteel"},{"floor":29,"key":"Slimebound:ThreeZeroPotion"}],"is_trial":false,"path_per_floor":["M","$","M","?","?","E","M","M","T","R","M","R","T","M","R","B",null,"M","?","?","M","?","R","$","R","T","R","?","E","M","M","R","B"],"character_chosen":"THE_SILENT","items_purchased":["Flash of Steel","Blade Dance+1","Footwork"],"campfire_rested":3,"item_purchase_floors":[2,24,24],"current_hp_per_floor":[70,70,70,70,56,50,51,51,51,51,52,52,52,48,59,15,50,50,44,29,30,14,25,25,36,36,36,36,37,38,39,39,0,0],"gold":224,"neow_bonus":"","is_daily":false,"chose_seed":false,"campfire_upgraded":4,"win_rate":0.0,"timestamp":1613374101,"path_taken":["M","$","M","?","?","E","M","M","T","R","?","R","?","M","R","BOSS","M","?","?","M","?","R","$","R","T","R","?","E","?","M","R","BOSS"],"items_purchased_type":["Card","Card","Card"],"build_version":"2020-12-22","purchased_purges":0,"victory":false,"max_hp_per_floor":[70,70,70,70,70,70,70,70,70,70,70,70,70,70,70,70,70,70,70,75,75,75,75,75,75,75,75,75,75,75,75,75,75,75],"card_choices":[{"not_picked":["Bouncing Flask","Poisoned Stab"],"picked":"Calculated Gamble","floor":1},{"not_picked":["Tactician","Outmaneuver"],"picked":"Poisoned Stab","floor":3},{"not_picked":["Underhanded Strike","Bane"],"picked":"Blur","floor":6},{"not_picked":["Quick Slash","Tactician"],"picked":"Backstab","floor":7},{"not_picked":["Poisoned Stab","Acrobatics"],"picked":"Caltrops","floor":8},{"not_picked":["Bouncing Flask","Outmaneuver"],"picked":"Terror","floor":11},{"not_picked":["Crippling Poison+1","Outmaneuver+1"],"picked":"Endless Agony","floor":14},{"not_picked":["Tools of the Trade","Unload"],"picked":"Burst+1","floor":16},{"not_picked":["PiercingWail+1","Underhanded Strike"],"picked":"Blade Dance+1","floor":18},{"not_picked":["Deflect+1","Flechettes+1"],"picked":"Blade Dance+1","floor":21},{"not_picked":["Corpse Explosion+1","Bouncing Flask+1"],"picked":"Deflect+1","floor":29},{"not_picked":["PiercingWail+1","Calculated Gamble+1","Noxious Fumes"],"picked":"Blade Dance+1","floor":30},{"not_picked":["Dagger Throw","Blade Dance+1","Caltrops"],"picked":"Expertise+1","floor":31}],"player_experience":51614,"relics_obtained":[{"floor":6,"key":"reliquary:PurpleTingedLeaf"},{"floor":9,"key":"Bottled Flame"},{"floor":13,"key":"Toxic Egg 2"},{"floor":22,"key":"Nilry\u0027s Codex"},{"floor":26,"key":"Lantern"},{"floor":29,"key":"Question Card"}],"event_choices":[{"damage_healed":0,"gold_gain":0,"player_choice":"Grow","damage_taken":0,"max_hp_gain":0,"max_hp_loss":0,"event_name":"Living Wall","floor":4,"gold_loss":0,"cards_upgraded":["Finisher"]},{"damage_healed":0,"gold_gain":0,"player_choice":"Entered Light","damage_taken":14,"max_hp_gain":0,"max_hp_loss":0,"event_name":"Shining Light","floor":5,"gold_loss":0,"cards_upgraded":["Cloak And Dagger","Cloak And Dagger"]},{"damage_healed":0,"gold_gain":0,"player_choice":"Joined the Cult","damage_taken":6,"max_hp_gain":0,"max_hp_loss":0,"event_name":"Nest","floor":19,"gold_loss":0,"cards_obtained":["RitualDagger"]},{"damage_healed":0,"gold_gain":0,"player_choice":"Shed Blood","damage_taken":18,"max_hp_gain":5,"max_hp_loss":0,"event_name":"Forgotten Altar","floor":20,"gold_loss":0},{"damage_healed":0,"gold_gain":0,"player_choice":"Obtained Book","damage_taken":16,"max_hp_gain":0,"max_hp_loss":0,"event_name":"Cursed Tome","floor":22,"gold_loss":0},{"damage_healed":0,"gold_gain":0,"player_choice":"Ignored","damage_taken":0,"max_hp_gain":0,"max_hp_loss":0,"event_name":"Vampires","floor":28,"gold_loss":0}],"is_beta":false,"boss_relics":[{"not_picked":["SacredBark","bronze:MakeshiftBattery"],"picked":"SlaversCollar"}],"items_purged_floors":[],"is_endless":false,"potions_floor_spawned":[1,3,11,29],"killed_by":"Automaton","ascension_level":0}}