{"host":"ifvrsrzj00f2ebkn","time":1613376764,"event":{"mods":["BaseMod","Colored Map","Colored Powertips","Minty Spire (QoL Compilation)","Random Character Button","Shop Mod","StSLib"],"gold_per_floor":[113,113,12,12,12,12,26,26,103,122,138,138,149,4,4,104,104,117,117,145,161,36,36,51,51,78,95,95,105,116,116,116],"floor_reached":31,"language":"ENG","playtime":3682,"items_purged":["Strike_G+1","Strike_G","Strike_G"],"score":227,"play_id":"c10d9668-d022-4cf3-8d50-72f984241e9b","local_time":"20210215161244","is_ascension_mode":false,"campfire_choices":[{"floor":6,"key":"REST"},{"data":"Backflip","floor":8,"key":"SMITH"},{"data":"Deadly Poison","floor":15,"key":"SMITH"},{"floor":23,"key":"REST"},{"data":"Deadly Poison","floor":25,"key":"SMITH"}],"circlet_count":0,"master_deck":["Strike_G+1","Defend_G","Defend_G","Defend_G","Defend_G","Defend_G","Survivor","Neutralize","PiercingWail","Backflip+1","Dagger Spray","Flying Knee","Poisoned Stab","Deadly Poison+1","Flying Knee","Deadly Poison+1","Backflip","Poisoned Stab","Blur","Writhe","Dagger Throw","Blade Dance"],"relics":["Ring of the Snake","Vajra","Question Card","Strawberry","Sozu","Red Mask","Orichalcum","PreservedInsect"],"acts_visited":["Exordium","TheCity"],"potions_floor_usage":[16,16],"damage_taken":[{"damage":0,"enemies":"2 Louse","floor":1,"turns":4},{"damage":0,"enemies":"Small Slimes","floor":7,"turns":4},{"damage":0,"enemies":"Jaw Worm","floor":10,"turns":4},{"damage":2,"enemies":"Large Slime","floor":11,"turns":5},{"damage":2,"enemies":"Red Slaver","floor":13,"turns":3},{"damage":67,"enemies":"Slime Boss","floor":16,"turns":12},{"damage":0,"enemies":"Shell Parasite","floor":18,"turns":5},{"damage":40,"enemies":"Masked Bandits","floor":20,"turns":4},{"damage":5,"enemies":"3 Byrds","floor":21,"turns":4},{"damage":0,"enemies":"Snecko","floor":24,"turns":4},{"damage":11,"enemies":"Chosen and Byrds","floor":27,"turns":6},{"damage":24,"enemies":"Cultist and Chosen","floor":29,"turns":8},{"damage":21,"enemies":"Centurion and Healer","floor":30,"turns":5},{"damage":10,"enemies":"Sentry and Sphere","floor":31,"turns":3}],"seed_played":"2922153518320995906","potions_obtained":[{"floor":7,"key":"Ancient Potion"},{"floor":10,"key":"GamblersBrew"},{"floor":11,"key":"FearPotion"}],"is_trial":false,"path_per_floor":["M","?","$","?","?","R","M","R","T","M","M","?","M","$","R","B",null,"M","?","?","M","$","R","M","R","T","M","?","M","M","M"],"character_chosen":"THE_SILENT","items_purchased":["Backflip","Flying Knee"],"campfire_rested":2,"item_purchase_floors":[3,14],"current_hp_per_floor":[77,62,62,62,50,73,73,73,73,73,71,78,76,76,76,9,84,84,84,44,39,39,64,64,64,64,53,53,29,8,0,0],"gold":116,"neow_bonus":"TEN_PERCENT_HP_BONUS","is_daily":false,"chose_seed":false,"campfire_upgraded":3,"win_rate":0.0,"timestamp":1613376764,"path_taken":["M","?","$","?","?","R","?","R","T","M","M","?","?","$","R","BOSS","M","?","?","M","?","R","M","R","T","M","?","M","?","M"],"items_purchased_type":["Card","Card"],"build_version":"2020-12-22","purchased_purges":3,"victory":false,"max_hp_per_floor":[77,77,77,77,77,77,77,77,77,77,77,84,84,84,84,84,84,84,84,84,84,84,84,84,84,84,84,84,84,84,84,84],"card_choices":[{"not_picked":["Prepared","Sucker Punch"],"picked":"PiercingWail","floor":1},{"not_picked":["Outmaneuver","Sucker Punch"],"picked":"Dagger Spray","floor":7},{"not_picked":["Quick Slash","Dash","Dodge and Roll"],"picked":"Flying Knee","floor":10},{"not_picked":["Escape Plan","Underhanded Strike","Riddle With Holes"],"picked":"Poisoned Stab","floor":11},{"not_picked":["Distraction","Heel Hook","Slice"],"picked":"Deadly Poison","floor":13},{"not_picked":["Flechettes+1","Escape Plan+1","Flying Knee"],"picked":"Deadly Poison","floor":18},{"not_picked":["Predator","Expertise","Slice"],"picked":"Backflip","floor":20},{"not_picked":["Deflect","Flechettes","Prepared"],"picked":"Poisoned Stab","floor":21},{"not_picked":["Skewer","Poisoned Stab","Crippling Poison"],"picked":"Blur","floor":24},{"not_picked":["Reflex","Dodge and Roll","Underhanded Strike","Acrobatics"],"picked":"SKIP","floor":27},{"not_picked":["Underhanded Strike+1","Riddle With Holes","Choke"],"picked":"Dagger Throw","floor":29},{"not_picked":["Wraith Form v2","Outmaneuver","Dagger Spray"],"picked":"Blade Dance","floor":30}],"player_experience":71946,"relics_obtained":[{"floor":9,"key":"Question Card"},{"floor":20,"key":"Red Mask"},{"floor":26,"key":"Orichalcum"}],"event_choices":[{"damage_healed":0,"gold_gain":0,"player_choice":"Entered Light","damage_taken":15,"max_hp_gain":0,"max_hp_loss":0,"event_name":"Shining Light","floor":2,"gold_loss":0,"cards_upgraded":["Strike_G","Strike_G"]},{"cards_removed":["Strike_G"],"damage_healed":0,"gold_gain":0,"player_choice":"Forget","damage_taken":0,"max_hp_gain":0,"max_hp_loss":0,"event_name":"Living Wall","floor":4,"gold_loss":0},{"damage_healed":0,"gold_gain":0,"player_choice":"Success","damage_taken":12,"relics_obtained":["Vajra"],"max_hp_gain":0,"max_hp_loss":0,"event_name":"Scrap Ooze","floor":5,"gold_loss":0},{"damage_healed":0,"gold_gain":0,"player_choice":"Gave Potion","damage_taken":0,"relics_obtained":["Strawberry"],"max_hp_gain":0,"max_hp_loss":0,"event_name":"WeMeetAgain","floor":12,"gold_loss":0},{"damage_healed":0,"gold_gain":0,"player_choice":"Ignored","damage_taken":0,"max_hp_gain":0,"max_hp_loss":0,"event_name":"Ghosts","floor":19,"gold_loss":0},{"damage_healed":0,"gold_gain":0,"player_choice":"Fought Bandits","damage_taken":0,"max_hp_gain":0,"max_hp_loss":0,"event_name":"Masked Bandits","floor":20,"gold_loss":0},{"damage_healed":0,"gold_gain":0,"player_choice":"Opened","damage_taken":0,"relics_obtained":["PreservedInsect"],"max_hp_gain":0,"max_hp_loss":0,"event_name":"The Mausoleum","floor":28,"gold_loss":0,"cards_obtained":["Writhe"]}],"is_beta":false,"boss_relics":[{"not_picked":["Coffee Dripper","Velvet Choker"],"picked":"Sozu"}],"items_purged_floors":[3,14,22],"is_endless":false,"potions_floor_spawned":[7,10,11,20,27,29],"killed_by":"Sentry and Sphere","ascension_level":0}}