{"host":"6xsbn6ynqlzwllfm","time":1613363561,"event":{"mods":["2.2 Compatiblity","BaseMod","Bestiary","Colored Map","Colored Powertips","Curses Come First","Downfall","Highlight Path","Keyboard Shortcuts","Minty Spire (QoL Compilation)","Relic Stats","Slay the Relics Exporter","StSLib","SuperFastMode"],"gold_per_floor":[99,115,115,129,3,3,53,53,53,81,101,126,137,137,154,251,251,151,169,169,169,169,184,184,184,216,216,236,255,55,75,86,188,188,188,202,14,31,31,66,66,66,66,66,94,94,128,141,152,152,152,152,152,152],"floor_reached":52,"language":"ENG","playtime":2285,"items_purged":["bronze:Strike","Injury"],"score":1201,"play_id":"3387a277-1515-4ecd-9537-34d7a519b161","local_time":"20210214233241","is_ascension_mode":true,"campfire_choices":[{"data":"bronze:Goto","floor":1,"key":"SMITH"},{"data":"bronze:DigitalCarnage","floor":6,"key":"SMITH"},{"floor":9,"key":"RECALL"},{"data":"bronze:ChosenStrike","floor":18,"key":"SMITH"},{"floor":30,"key":"REST"},{"data":"bronze:InfiniteLoop","floor":35,"key":"SMITH"},{"floor":42,"key":"REST"},{"floor":46,"key":"REST"}],"circlet_count":0,"master_deck":["AscendersBane","bronze:Strike","bronze:Strike","bronze:Strike+1","bronze:Defend","bronze:Defend+1","bronze:Defend","bronze:Defend+1","bronze:Replicate","bronze:Goto+1","bronze:Shield","bronze:DigitalCarnage+1","bronze:ChildClass+1","bronze:ChosenStrike+1","downfall:Malfunctioning","bronze:BugBarrage","bronze:InfiniteLoop+1","bronze:DelayedGuard+1","bronze:Frontload","bronze:Flail","bronze:SpaghettiCode","bronze:GetLatest+1","bronze:BugBarrage+1","RitualDagger+1","bronze:Shell+1","bronze:Library","bronze:MaxOutput","downfall:Malfunctioning","Clumsy","downfall:Haunted","downfall:Haunted","bronze:Frontload+1","bronze:MaxOutput"],"relics":["Philosopher\u0027s Stone","Anchor","Odd Mushroom","War Paint","bronze:BottledCode","Cursed Key","downfall:HeartBlessingRed","Matryoshka","downfall:HeartBlessingGreen","downfall:HeartBlessingBlue","SacredBark","HornCleat","Eternal Feather","bronze:DecasWashers","Regal Pillow","Turnip","Darkstone Periapt","Bag of Marbles","MealTicket"],"acts_visited":["Exordium","TheCity","TheBeyond","TheEnding"],"potions_floor_usage":[16,16,26,33,40,50,50],"damage_taken":[{"damage":1,"enemies":"2 Louse","floor":2,"turns":3},{"damage":3,"enemies":"Small Slimes","floor":4,"turns":4},{"damage":10,"enemies":"downfall:FleeingMerchant","floor":5,"turns":4},{"damage":0,"enemies":"The Mushroom Lair","floor":10,"turns":2},{"damage":0,"enemies":"Jaw Worm","floor":11,"turns":2},{"damage":10,"enemies":"Gremlin Nob","floor":12,"turns":3},{"damage":0,"enemies":"Blue Slaver","floor":13,"turns":3},{"damage":0,"enemies":"3 Louse","floor":15,"turns":2},{"damage":29,"enemies":"IC_STATUS_ARCHETYPE","floor":16,"turns":9},{"damage":2,"enemies":"3 Byrds","floor":19,"turns":4},{"damage":0,"enemies":"Chosen","floor":22,"turns":1},{"damage":0,"enemies":"Centurion and Healer","floor":23,"turns":3},{"damage":15,"enemies":"Slavers","floor":26,"turns":4},{"damage":27,"enemies":"Snake Plant","floor":28,"turns":4},{"damage":0,"enemies":"3 Cultists","floor":29,"turns":5},{"damage":4,"enemies":"Cultist and Chosen","floor":31,"turns":4},{"damage":3,"enemies":"Centurion and Healer","floor":32,"turns":2},{"damage":22,"enemies":"DF_ARCHETYPE_CLAW","floor":33,"turns":6},{"damage":0,"enemies":"3 Darklings","floor":36,"turns":3},{"damage":6,"enemies":"downfall:FleeingMerchant","floor":37,"turns":4},{"damage":0,"enemies":"3 Shapes","floor":38,"turns":3},{"damage":48,"enemies":"Reptomancer","floor":40,"turns":7},{"damage":75,"enemies":"Giant Head","floor":45,"turns":7},{"damage":12,"enemies":"Nemesis","floor":47,"turns":5},{"damage":0,"enemies":"Maw","floor":48,"turns":6},{"damage":0,"enemies":"3 Darklings","floor":49,"turns":3},{"damage":33,"enemies":"SI_POISON_ARCHETYPE","floor":50,"turns":9},{"damage":74,"enemies":"downfall:CharBossMerchant","floor":52,"turns":5}],"seed_played":"1884963044911164454","potions_obtained":[{"floor":10,"key":"Slimebound:ThreeZeroPotion"},{"floor":15,"key":"champ:CounterPotion"},{"floor":16,"key":"champ:CounterPotion"},{"floor":19,"key":"SneckoOil"},{"floor":23,"key":"Dexterity Potion"},{"floor":25,"key":"CultistPotion"},{"floor":31,"key":"Ancient Potion"},{"floor":33,"key":"Regen Potion"},{"floor":40,"key":"Ancient Potion"},{"floor":45,"key":"bronze:FreeFunctionsPotion"}],"is_trial":false,"path_per_floor":["R","M","?","M","$","R","T","?","R","?","M","E","M","?","M","B",null,"R","M","?","?","M","M","T","?","E","?","M","M","R","M","M","B",null,"R","M","$","M","T","E","T","R","?","?","E","R","E","M","M","B",null,"E"],"character_chosen":"THE_AUTOMATON","items_purchased":["bronze:ChosenStrike","bronze:MaxOutput"],"campfire_rested":3,"item_purchase_floors":[5,37],"current_hp_per_floor":[63,62,62,59,49,49,49,49,49,49,49,39,39,39,39,10,48,48,46,46,46,46,46,46,46,31,51,24,24,55,51,48,26,59,59,59,53,53,53,36,36,70,70,82,7,64,52,52,52,19,66,0,0,0],"gold":152,"neow_bonus":"BOSS_RELIC","is_daily":false,"chose_seed":false,"campfire_upgraded":4,"win_rate":0.0,"timestamp":1613363561,"path_taken":["R","M","?","M","$","R","T","?","R","?","?","E","M","?","M","BOSS","R","M","?","?","M","M","T","?","E","?","M","?","R","M","M","BOSS","R","M","$","M","?","E","T","R","?","?","E","R","E","M","M","BOSS","E"],"items_purchased_type":["Card","Card"],"build_version":"2020-12-22","purchased_purges":2,"victory":false,"max_hp_per_floor":[70,70,70,70,70,70,70,70,70,70,70,70,70,60,60,60,60,60,60,60,60,60,60,60,60,60,60,60,60,70,70,70,70,70,70,70,70,70,70,70,70,70,70,82,82,82,82,82,82,82,82,82,82,82],"relic_stats":{"Darkstone Periapt":12,"Regal Pillow":15,"counters":[28,117],"Eternal Feather":33,"MealTicket":0,"Turnip":[3],"War Paint":["bronze:DelayedGuard","bronze:ChildClass"],"Cursed Key":3,"obtain_stats":[{"Darkstone Periapt":44,"Regal Pillow":41,"bronze:BronzeCore":0,"downfall:HeartBlessingRed":18,"SacredBark":34,"bronze:DecasWashers":40,"downfall:HeartBlessingGreen":30,"Eternal Feather":39,"Odd Mushroom":10,"War Paint":12,"Cursed Key":17,"bronze:BottledCode":14,"Anchor":7,"downfall:BrokenWingStatue":3,"Matryoshka":26,"HornCleat":39,"downfall:HeartBlessingBlue":30,"Philosopher\u0027s Stone":0,"MealTicket":47,"Turnip":41,"Bag of Marbles":45},{"Darkstone Periapt":22,"Regal Pillow":22,"bronze:BronzeCore":0,"downfall:HeartBlessingRed":9,"SacredBark":18,"bronze:DecasWashers":22,"downfall:HeartBlessingGreen":15,"Eternal Feather":21,"Odd Mushroom":4,"War Paint":6,"Cursed Key":9,"bronze:BottledCode":7,"Anchor":3,"downfall:BrokenWingStatue":1,"Matryoshka":13,"HornCleat":21,"downfall:HeartBlessingBlue":15,"Philosopher\u0027s Stone":0,"MealTicket":24,"Turnip":22,"Bag of Marbles":23},{"Darkstone Periapt":82,"Regal Pillow":82,"bronze:BronzeCore":0,"downfall:HeartBlessingRed":32,"SacredBark":65,"bronze:DecasWashers":82,"downfall:HeartBlessingGreen":53,"Eternal Feather":75,"Odd Mushroom":13,"War Paint":18,"Cursed Key":32,"bronze:BottledCode":21,"Anchor":11,"downfall:BrokenWingStatue":3,"Matryoshka":44,"HornCleat":75,"downfall:HeartBlessingBlue":53,"Philosopher\u0027s Stone":0,"MealTicket":94,"Turnip":82,"Bag of Marbles":89}]},"card_choices":[{"not_picked":["bronze:WildBeam","bronze:NullPointer"],"picked":"bronze:Shield","floor":2},{"not_picked":["bronze:Optimize","bronze:Frontload"],"picked":"bronze:DigitalCarnage","floor":4},{"not_picked":["bronze:Shield","bronze:Iterate"],"picked":"bronze:ChildClass","floor":5},{"not_picked":["bronze:BuggyMess","bronze:Deprecate"],"picked":"bronze:BugBarrage","floor":10},{"not_picked":["bronze:Overload","bronze:Deprecate"],"picked":"bronze:InfiniteLoop","floor":11},{"not_picked":["bronze:DelayedSlice","bronze:Safeguard"],"picked":"bronze:DelayedGuard","floor":12},{"not_picked":["bronze:Refactor","bronze:BugBarrage"],"picked":"bronze:Frontload","floor":13},{"not_picked":["bronze:Terminator","bronze:FineTuning"],"picked":"bronze:Flail","floor":15},{"not_picked":["bronze:BurnOut","bronze:RecursiveStrike"],"picked":"bronze:SpaghettiCode","floor":16},{"not_picked":["bronze:Deprecate","bronze:Separator","bronze:Overload+1"],"picked":"SKIP","floor":19},{"not_picked":["bronze:InfiniteBeams","bronze:WildBeam"],"picked":"bronze:GetLatest+1","floor":22},{"not_picked":["bronze:ChildClass","bronze:ForceShield+1"],"picked":"bronze:BugBarrage+1","floor":23},{"not_picked":["bronze:FollowUp","bronze:ItsAFeature","bronze:Iterate"],"picked":"SKIP","floor":29},{"not_picked":["bronze:Terminator","bronze:Separator+1"],"picked":"bronze:Shell+1","floor":31},{"not_picked":["bronze:Mutator","bronze:HyperBeam"],"picked":"bronze:Library","floor":33},{"not_picked":["bronze:BuggyMess","bronze:FineTuning+1","bronze:BugBarrage"],"picked":"SKIP","floor":36},{"not_picked":["bronze:Refactor","bronze:FineTuning+1","bronze:BronzeOrb+1"],"picked":"SKIP","floor":37},{"not_picked":["bronze:WhirlingStrike+1","bronze:Shield+1","bronze:Invalidate+1"],"picked":"SKIP","floor":38},{"not_picked":["bronze:BronzeOrb","bronze:Iterate","bronze:Shield"],"picked":"SKIP","floor":40},{"not_picked":["bronze:Return","bronze:BuggyMess"],"picked":"bronze:Frontload+1","floor":45},{"not_picked":["bronze:Frontload+1","bronze:FollowUp","bronze:DelayedGuard"],"picked":"SKIP","floor":47},{"not_picked":["bronze:Terminator+1","bronze:Overheat+1"],"picked":"bronze:MaxOutput","floor":48},{"not_picked":["bronze:Invalidate+1","bronze:FineTuning","bronze:BuggyMess"],"picked":"SKIP","floor":49}],"player_experience":1786643,"relics_obtained":[{"floor":7,"key":"Anchor"},{"floor":10,"key":"Odd Mushroom"},{"floor":12,"key":"War Paint"},{"floor":26,"key":"Matryoshka"},{"floor":39,"key":"HornCleat"},{"floor":39,"key":"Eternal Feather"},{"floor":40,"key":"bronze:DecasWashers"},{"floor":41,"key":"Regal Pillow"},{"floor":41,"key":"Turnip"},{"floor":45,"key":"Bag of Marbles"},{"floor":47,"key":"MealTicket"}],"event_choices":[{"damage_healed":0,"gold_gain":0,"player_choice":"Fought Mushrooms","damage_taken":0,"max_hp_gain":0,"max_hp_loss":0,"event_name":"Mushrooms","floor":10,"gold_loss":0},{"damage_healed":0,"gold_gain":0,"player_choice":"Ignored","damage_taken":0,"max_hp_gain":0,"max_hp_loss":0,"event_name":"Ghosts","floor":20,"gold_loss":0},{"damage_healed":0,"gold_gain":0,"player_choice":"Ignored","damage_taken":0,"max_hp_gain":0,"max_hp_loss":0,"event_name":"Vampires","floor":21,"gold_loss":0},{"damage_healed":20,"gold_gain":0,"player_choice":"Heal","damage_taken":0,"max_hp_gain":0,"max_hp_loss":0,"event_name":"The Library","floor":27,"gold_loss":0}],"is_beta":false,"boss_relics":[{"not_picked":["Velvet Choker","bronze:ElectromagneticCoil"],"picked":"Cursed Key"},{"not_picked":["Runic Pyramid","Runic Dome"],"picked":"SacredBark"}],"items_purged_floors":[5,37],"is_endless":false,"potions_floor_spawned":[10,15,16,19,23,31,33,40,45,47,49],"killed_by":"downfall:CharBossMerchant","ascension_level":11}}