{"host":"56xwnffi6e9z5l58","time":1613403005,"event":{"mods":["Aspiration","BaseMod","Better Match","Better Note","Better Sensory Stone","BetterRewards","Colored Map","Colored Powertips","Conspire","Downfall","GifTheSpireLib","Hermit","Highlight Path","Hubris","Infinite Spire","Key Reminder","Minty Spire (QoL Compilation)","Permanent Neow","Quick Restart","Rare Cards Sparkle","Replay The Spire","StSLib","Stuff the Spire","SuperFastMode","Unceasing Turn Reminder"],"gold_per_floor":[0,20,35,35,45,73,73,88,88,88,101,133,151,151,162,263,263,163,183,93,112,97,97,97,97],"floor_reached":23,"language":"ENG","playtime":979,"items_purged":["champ:Defend"],"score":228,"play_id":"00a08a84-6408-4412-a087-ffc47b5fd5fe","local_time":"20210215233005","is_ascension_mode":false,"campfire_choices":[{"floor":1,"key":"DIG"},{"floor":10,"key":"REST"},{"data":"champ:Duel","floor":10,"key":"SMITH"},{"floor":18,"key":"DIG"}],"circlet_count":0,"master_deck":["champ:Strike","champ:Strike","champ:Strike","champ:Defend","champ:Defend","champ:Defend","champ:Execute","champ:Taunt","champ:Haymaker","champ:EndlessRage","champ:Duel+1","champ:DefensiveShout","champ:HeartStrike","infinitespire:Starlight","champ:CrookedStrike","champ:BerserkerStyle","champ:DancingMaster","champ:IronFortress","champ:HeavySlash","champ:EnGarde+1","champ:CalledShot"],"relics":["champ:ChampionCrown","infinitespire:Magic Flask","aspiration:BabyByrd","Oddly Smooth Stone","Du-Vu Doll","Potion Belt","keyreminder:keyreminder","aspiration:WatcherSkillbook","downfall:HeartBlessingGreen","Replay:Accelerometer"],"acts_visited":["Exordium","TheCity"],"potions_floor_usage":[20,20,22,22],"damage_taken":[{"damage":10,"enemies":"Small Slimes","floor":2,"turns":4},{"damage":2,"enemies":"2 Louse","floor":3,"turns":4},{"damage":5,"enemies":"Cultist","floor":5,"turns":5},{"damage":36,"enemies":"Gremlin Nob","floor":6,"turns":5},{"damage":15,"enemies":"3 Louse","floor":8,"turns":5},{"damage":7,"enemies":"Exordium Wildlife","floor":11,"turns":4},{"damage":16,"enemies":"Lagavulin","floor":12,"turns":8},{"damage":9,"enemies":"downfall:LooterAlt","floor":13,"turns":3},{"damage":33,"enemies":"Red Slaver","floor":15,"turns":6},{"damage":43,"enemies":"SI_SHIV_ARCHETYPE","floor":16,"turns":7},{"damage":47,"enemies":"downfall:LooterAlt2","floor":19,"turns":8},{"damage":10,"enemies":"downfall:FleeingMerchant","floor":20,"turns":4},{"damage":50,"enemies":"Shell Parasite","floor":21,"turns":9},{"damage":30,"enemies":"downfall:FleeingMerchant","floor":22,"turns":4},{"damage":58,"enemies":"Chosen and Byrds","floor":23,"turns":4}],"seed_played":"2007232672709024146","potions_obtained":[{"floor":6,"key":"hexamod:SoulburnPotion"},{"floor":8,"key":"SkillPotion"},{"floor":11,"key":"Swift Potion"},{"floor":13,"key":"Weak Potion"},{"floor":19,"key":"AttackPotion"},{"floor":21,"key":"CultistPotion"}],"is_trial":false,"path_per_floor":["R_BF","M","M","?","M","E","T","M","?","R","M","E","M","?","M","B",null,"R_BF","M","$","M","$","M"],"character_chosen":"THE_CHAMP","items_purchased":[],"campfire_rested":1,"item_purchase_floors":[],"current_hp_per_floor":[108,108,106,106,101,85,85,75,47,79,82,91,89,89,73,71,108,108,71,81,58,48,0,0,0],"gold":97,"neow_bonus":"TWENTY_PERCENT_HP_BONUS","is_daily":false,"chose_seed":false,"campfire_upgraded":1,"win_rate":0.0,"timestamp":1613403005,"path_taken":["R_BF","M","M","?","M","E","T","M","?","R","M","E","M","?","M","BOSS","R_BF","M","$","M","$","M"],"items_purchased_type":[],"build_version":"2020-12-22","purchased_purges":1,"victory":false,"max_hp_per_floor":[108,108,108,108,108,108,108,108,108,108,108,108,108,108,108,108,108,108,108,108,108,108,108,108,108],"card_choices":[{"not_picked":["champ:PreciseThrust","champ:Circumvent"],"picked":"champ:Haymaker","floor":2},{"not_picked":["champ:DeathBlow","champ:Haymaker"],"picked":"champ:EndlessRage","floor":3},{"not_picked":["champ:PerfectedStrike","champ:EnGarde"],"picked":"champ:Duel","floor":5},{"not_picked":["champ:Haymaker","champ:TornadoPunch"],"picked":"champ:DefensiveShout","floor":6},{"not_picked":["champ:FaceSlap","champ:Shatter"],"picked":"champ:HeartStrike","floor":8},{"not_picked":["infinitespire:NeuralNetwork","infinitespire:FinalStrike"],"picked":"infinitespire:Starlight","floor":9},{"not_picked":["champ:FalseCounter","champ:PerfectedStrike"],"picked":"champ:CrookedStrike","floor":11},{"not_picked":["champ:GutPunch","champ:CrownThrow"],"picked":"champ:BerserkerStyle","floor":12},{"not_picked":["champ:BerserkersShout","champ:TornadoPunch"],"picked":"champ:DancingMaster","floor":13},{"not_picked":["champ:Backstep","champ:FocusedDefense"],"picked":"champ:IronFortress","floor":15},{"not_picked":["champ:Devastate","champ:DancingMaster"],"picked":"champ:HeavySlash","floor":16},{"not_picked":["Prostrate","Protect","Indignation","champ:Haymaker"],"picked":"SKIP","floor":19},{"not_picked":["champ:PerfectedStrike","champ:Backstep+1","FlurryOfBlows"],"picked":"champ:EnGarde+1","floor":20},{"not_picked":["champ:Duel","FlyingSleeves","EmptyFist+1"],"picked":"champ:CalledShot","floor":21},{"not_picked":["champ:BladeFlurry","champ:Backstep","JustLucky","Conclude"],"picked":"SKIP","floor":22}],"player_experience":1038127,"relics_obtained":[{"floor":1,"key":"infinitespire:Magic Flask"},{"floor":6,"key":"Oddly Smooth Stone"},{"floor":7,"key":"Du-Vu Doll"},{"floor":12,"key":"Potion Belt"},{"floor":18,"key":"Replay:Accelerometer"}],"event_choices":[],"is_beta":false,"boss_relics":[{"not_picked":["Runic Pyramid","aspiration:FutureDiary"],"picked":"aspiration:WatcherSkillbook"}],"items_purged_floors":[20],"is_endless":false,"potions_floor_spawned":[6,8,11,13,19,21],"killed_by":"Chosen and Byrds","ascension_level":0}}