{"host":"e4udrxcgdvpx3wcj","time":1613377607,"event":{"mods":["Act Like it!","Aspiration","Astrologer","BaseMod","Gensokyo","Highlight Path","Infinite Spire","Koishi","Marisa????????","Minty Spire (QoL Compilation)","Replay The Spire","StSLib","SuperFastMode","The Bug Knight","The Construct","The Jungle","The Runesmith","The Servant 0.9.4","TheBandit"],"gold_per_floor":[112,128,128,128,144,144,179,179,179,198,230,42,53,86,86,172,172,397,501,530,53,81,81,116,135,135,159,168,187,224,246,255,341,341,370,67,79,79,114,114,114,114,140,368,390,390,409,421,421,421,421,421,421,34,72,72],"floor_reached":57,"language":"ENG","playtime":4118,"items_purged":["KidneyShot","Strike_S"],"score":3192,"play_id":"22daec31-a5ce-49bd-8874-aca9c4222d19","local_time":"20210215032647","is_ascension_mode":true,"campfire_choices":[{"data":"infinitespire:TheBestDefense","floor":6.0,"key":"SMITH"},{"data":"Runesmith:CraftFirestone","floor":8.0,"key":"SMITH"},{"data":"Hightail","floor":15.0,"key":"SMITH"},{"floor":23.0,"key":"REST"},{"floor":28.0,"key":"REST"},{"floor":32.0,"key":"REST"},{"floor":40,"key":"RECALL"},{"data":"Gensokyo:RedCapeBlueCape","floor":42,"key":"SMITH"},{"data":"Initiator","floor":46,"key":"SMITH"},{"data":"InstantArmor","floor":49,"key":"SMITH"},{"data":"SilverBlades","floor":53,"key":"SMITH"}],"circlet_count":0,"master_deck":["AscendersBane","Strike_S+1","Strike_S","Strike_S","Defend_S","Defend_S","Defend_S+1","Defend_S","Exchange","Defend_R+1","Runesmith:CraftFirestone+1","ForgedInTime+1","InstantArmor+1","Moonlight","infinitespire:TheBestDefense+1","DancingSilver","Orbit+1","Rewind+1","Hightail+1","ShiftingGears","Luminosity","Sunlight+1","Hightail","BestPractice+1","StarChef","Rewind","FloweringNight","Rearm","Sabotage","BottledTime","Rearm","SilverBlades+1","Hightail","InstantArmor","Defy","Orbit","SilverMatrix","BottledTime+1","Gensokyo:RedCapeBlueCape+1","Initiator+1","Rewind+1","Defy+1","InstantArmor+1","ForgedInTime"],"relics":["SplendidAttire","HornCleat","aspiration:HatOfInfinitePower","Art of War","aspiration:ChemicalBlood","CeramicFish","Philosopher\u0027s Stone","Shovel","ReplayTheSpireMod:Lightbulb","Guide Book","Gremlin Food","aspiration:TrustyKnives","Dream Catcher","Vajra","War Paint","aspiration:Headhunter","Centennial Puzzle","Shuriken"],"acts_visited":["Gensokyo:Gensokyo","Gensokyo:Gensokyoer","Gensokyo:Gensokyoest","TheEnding"],"potions_floor_usage":[51,51,56],"damage_taken":[{"damage":5.0,"enemies":"Gensokyo:Gryphon","floor":1.0,"turns":5.0},{"damage":0.0,"enemies":"Gensokyo:2_Kodama","floor":2.0,"turns":4.0},{"damage":0.0,"enemies":"Gensokyo:Python","floor":5.0,"turns":5.0},{"damage":0.0,"enemies":"Gensokyo:Aya","floor":7.0,"turns":6.0},{"damage":0.0,"enemies":"Gensokyo:3_Kodama","floor":10.0,"turns":7.0},{"damage":0.0,"enemies":"Gensokyo:Mamizou","floor":11.0,"turns":2.0},{"damage":0.0,"enemies":"Gensokyo:2_Rabbits","floor":13.0,"turns":6.0},{"damage":2.0,"enemies":"Gensokyo:Cirno","floor":14.0,"turns":5.0},{"damage":22.0,"enemies":"Gensokyo:Kokoro","floor":16.0,"turns":19.0},{"damage":3.0,"enemies":"Gensokyo:Chomper","floor":18.0,"turns":7.0},{"damage":0.0,"enemies":"Gensokyo:CosmicMonolith","floor":20.0,"turns":6.0},{"damage":0.0,"enemies":"Gensokyo:Slime_Group","floor":22.0,"turns":6.0},{"damage":0.0,"enemies":"Gensokyo:Reisen","floor":24.0,"turns":7.0},{"damage":0.0,"enemies":"Gensokyo:Chomper_and_Gloop","floor":25.0,"turns":4.0},{"damage":0.0,"enemies":"Gensokyo:Monolith_and_Dog","floor":27.0,"turns":5.0},{"damage":0.0,"enemies":"Gensokyo:Wraith","floor":29.0,"turns":4.0},{"damage":19.0,"enemies":"Gensokyo:Tenshi","floor":30.0,"turns":7.0},{"damage":0.0,"enemies":"Gensokyo:Swordslinger","floor":31.0,"turns":5.0},{"damage":0.0,"enemies":"Gensokyo:Eiki","floor":33.0,"turns":6.0},{"damage":0.0,"enemies":"Gensokyo:3_Bats","floor":35.0,"turns":2.0},{"damage":0.0,"enemies":"Gensokyo:3_Boulders","floor":37.0,"turns":5.0},{"damage":0,"enemies":"Gensokyo:SeedOfUnknown","floor":39,"turns":7},{"damage":0,"enemies":"Gensokyo:Doremy","floor":44,"turns":2},{"damage":0,"enemies":"Gensokyo:Dusk_and_Dawn","floor":45,"turns":3},{"damage":0,"enemies":"Gensokyo:AtlasGolem","floor":47,"turns":5},{"damage":0,"enemies":"Gensokyo:Rafflesia","floor":48,"turns":3},{"damage":0,"enemies":"Gensokyo:Shinki","floor":50,"turns":8},{"damage":0,"enemies":"Gensokyo:Scarlet_Devils","floor":51,"turns":8},{"damage":0,"enemies":"Shield and Spear","floor":55,"turns":7},{"damage":2,"enemies":"The Heart","floor":56,"turns":5}],"seed_played":"1725824740877306333","potions_obtained":[{"floor":7.0,"key":"Toxic Potion"},{"floor":13.0,"key":"SpeedPotion"},{"floor":14.0,"key":"Weak Potion"},{"floor":18.0,"key":"Strength Potion"},{"floor":20.0,"key":"Weak Potion"},{"floor":25.0,"key":"DistilledChaos"},{"floor":27.0,"key":"Dexterity Potion"},{"floor":30.0,"key":"Energy Potion"},{"floor":39,"key":"CultistPotion"},{"floor":45,"key":"ColorlessPotion"},{"floor":55,"key":"Venom Potion"}],"is_trial":false,"path_per_floor":["M","M","?","?","M","R","E","R","T","M","E","COS","M","E","R","B",null,"M","?","M","$","M","R","E","M","T","M","R","M","E","M","R","B",null,"M","COS","M","?","M","R","?","R","T","E","M","R","M","M","R","B","B",null,"R","$","E","B",null],"character_chosen":"THE_SERVANT","items_purchased":["Guide Book","Gremlin Food","FloweringNight","InstantArmor+1","Centennial Puzzle","BlessingOfTheForge"],"campfire_rested":3,"item_purchase_floors":[21,21,21,54,54,54],"current_hp_per_floor":[49,49,49,33,33,33,33,33,33,33,33,33,33,31,31,9,47,44,25,25,25,25,43,43,43,43,43,60,60,41,41,59,59,60,60,60,60,60,60,60,60,60,60,60,60,60,60,60,60,60,60,60,60,60,60,58],"gold":72,"neow_bonus":"THREE_RARE_CARDS","is_daily":false,"chose_seed":false,"campfire_upgraded":7,"win_rate":0.0,"timestamp":1613377607,"path_taken":["M","M","?","?","M","R","E","R","T","M","E","COS","M","E","R","BOSS","M","?","M","$","M","R","E","M","T","?","R","M","E","M","R","BOSS","M","COS","M","?","M","R","?","R","T","E","M","R","M","?","R","BOSS","BOSS","R","$","E","BOSS"],"items_purchased_type":["Relic","Relic","Card","Card","Relic","Potion"],"build_version":"2020-12-22","purchased_purges":2,"victory":true,"max_hp_per_floor":[60,60,60,60,60,60,60,60,60,60,60,60,60,60,60,60,60,60,60,60,60,60,60,60,60,60,60,60,60,60,60,60,60,60,60,60,60,60,60,60,60,60,60,60,60,60,60,60,60,60,60,60,60,60,60,60],"card_choices":[{"not_picked":["Sunlight","Solidify"],"picked":"ForgedInTime","floor":0.0},{"not_picked":["Rewind","Unruled"],"picked":"InstantArmor","floor":1.0},{"not_picked":["Snipe","TimeWarp"],"picked":"Moonlight","floor":2.0},{"not_picked":["ReplayTheSpireMod:Black Plague","ReplayTheSpireMod:Echoes of Time"],"picked":"infinitespire:TheBestDefense","floor":4.0},{"not_picked":["Alleviate","Revamp"],"picked":"DancingSilver","floor":5.0},{"not_picked":["BottledTime","ReturningBlade"],"picked":"Orbit","floor":7.0},{"not_picked":["Orbit","Alleviate"],"picked":"Rewind","floor":10.0},{"not_picked":["BottledTime","Ricochet"],"picked":"Hightail","floor":11.0},{"not_picked":["Alleviate","Revamp"],"picked":"ShiftingGears","floor":13.0},{"not_picked":["Collapse","Rearm"],"picked":"Luminosity","floor":14.0},{"not_picked":["PendulumOfEternity","LightFlow"],"picked":"Sunlight","floor":16.0},{"not_picked":["Alleviate","Potential+1"],"picked":"Hightail","floor":18.0},{"not_picked":["ShatteredReality","ShiftingGears"],"picked":"BestPractice+1","floor":19.0},{"not_picked":["Alleviate","TimeWarp"],"picked":"StarChef","floor":19.0},{"not_picked":["BestPractice","ShatteredReality"],"picked":"Rewind","floor":20.0},{"not_picked":["DualDimension","Sabotage"],"picked":"Rearm","floor":22.0},{"not_picked":["Unruled","Spin"],"picked":"Sabotage","floor":24.0},{"not_picked":["Misdirection","FastForward"],"picked":"BottledTime","floor":25.0},{"not_picked":["ShatteredReality","RealityMarble"],"picked":"Rearm","floor":27.0},{"not_picked":["Unruled","Starlight"],"picked":"SilverBlades","floor":28.0},{"not_picked":["Starlight","Sabotage"],"picked":"Hightail","floor":29.0},{"not_picked":["Potential","BottledTime"],"picked":"InstantArmor","floor":30.0},{"not_picked":["Ricochet","Rearm+1"],"picked":"Defy","floor":31.0},{"not_picked":["FastForward","TimeWarp+1"],"picked":"Orbit","floor":32.0},{"not_picked":["FlawlessForm","KillingDoll"],"picked":"SilverMatrix","floor":33.0},{"not_picked":["Spin","Alleviate"],"picked":"BottledTime+1","floor":35.0},{"not_picked":["TimeWarp+1","Misdirection","DoubleEdge"],"picked":"SKIP","floor":37.0},{"not_picked":["Sunlight","Solidify"],"picked":"Initiator","floor":39},{"not_picked":["Revamp","Rearm+1"],"picked":"Rewind","floor":39},{"not_picked":["DoubleEdge","TimeWarp","Spin"],"picked":"SKIP","floor":44},{"not_picked":["Revamp","BestPractice"],"picked":"Defy+1","floor":45},{"not_picked":["BottledTime","Ricochet","ShatteredReality"],"picked":"SKIP","floor":47},{"not_picked":["Alleviate","Starlight","Spin"],"picked":"SKIP","floor":48},{"not_picked":["Unruled","Desolation"],"picked":"ForgedInTime","floor":55}],"player_experience":2398887,"relics_obtained":[{"floor":7.0,"key":"HornCleat"},{"floor":9.0,"key":"aspiration:HatOfInfinitePower"},{"floor":11.0,"key":"Art of War"},{"floor":14.0,"key":"aspiration:ChemicalBlood"},{"floor":19.0,"key":"ReplayTheSpireMod:Lightbulb"},{"floor":24.0,"key":"aspiration:TrustyKnives"},{"floor":26.0,"key":"Dream Catcher"},{"floor":30.0,"key":"Vajra"},{"floor":44,"key":"War Paint"},{"floor":55,"key":"Shuriken"}],"event_choices":[],"is_beta":false,"boss_relics":[{"not_picked":["Runic Pyramid","SacredBark"],"picked":"Philosopher\u0027s Stone"},{"not_picked":["construct:ClawGrip","Runic Dome"],"picked":"SplendidAttire"}],"items_purged_floors":[21,54],"is_endless":false,"potions_floor_spawned":[7,13,14,18,25,27,30,39,45,48,55],"ascension_level":20}}