{"host":"kvo7eymyd21g9abd","time":1613421515,"event":{"mods":["AchievementEnabler","BaseMod","Bestiary","Colored Map","Minty Spire (QoL Compilation)","StSLib"],"gold_per_floor":[110,123,140,157,157,191,191,202,229,264,282,293,293,45,45,148,148,159,159,159,3,18,46,46,46,46,46,60,88,88,114,114,114,114],"floor_reached":33,"language":"ENG","playtime":1388,"items_purged":[],"score":339,"play_id":"86201342-4272-4955-ad9a-8cf3917a14b0","local_time":"20210215153835","is_ascension_mode":true,"campfire_choices":[{"floor":7,"key":"REST"},{"floor":13,"key":"RECALL"},{"data":"Eruption","floor":15,"key":"SMITH"},{"floor":30,"key":"REST"},{"floor":32,"key":"REST"}],"circlet_count":0,"master_deck":["Strike_P","Strike_P","Strike_P+1","Strike_P+1","Defend_P+1","Defend_P","Defend_P","Defend_P","Eruption+1","Vigilance","SandsOfTime+1","ReachHeaven","Collect+1","Wallop","ClearTheMind","SashWhip","CutThroughFate+1","LessonLearned","FollowUp","Protect","ReachHeaven","FlyingSleeves+1","BattleHymn","Vault"],"relics":["PureWater","MealTicket","Regal Pillow","Whetstone","Meat on the Bone","SacredBark","Akabeko","Molten Egg 2","Red Mask","TeardropLocket"],"acts_visited":["Exordium","TheCity"],"potions_floor_usage":[4,10,11,23,28,28,33,33],"damage_taken":[{"damage":0,"enemies":"Cultist","floor":1,"turns":2},{"damage":7,"enemies":"Small Slimes","floor":2,"turns":3},{"damage":4,"enemies":"Jaw Worm","floor":3,"turns":3},{"damage":2,"enemies":"Exordium Wildlife","floor":4,"turns":3},{"damage":27,"enemies":"3 Sentries","floor":6,"turns":6},{"damage":5,"enemies":"Blue Slaver","floor":8,"turns":4},{"damage":7,"enemies":"Gremlin Nob","floor":10,"turns":3},{"damage":10,"enemies":"2 Fungi Beasts","floor":11,"turns":3},{"damage":3,"enemies":"3 Louse","floor":12,"turns":4},{"damage":51,"enemies":"Hexaghost","floor":16,"turns":9},{"damage":25,"enemies":"3 Byrds","floor":18,"turns":5},{"damage":11,"enemies":"Spheric Guardian","floor":22,"turns":3},{"damage":30,"enemies":"Slavers","floor":23,"turns":5},{"damage":8,"enemies":"Cultist and Chosen","floor":28,"turns":2},{"damage":45,"enemies":"Masked Bandits","floor":29,"turns":5},{"damage":50,"enemies":"Gremlin Leader","floor":31,"turns":6},{"damage":64,"enemies":"Automaton","floor":33,"turns":6}],"seed_played":"8001947488206516856","potions_obtained":[{"floor":1,"key":"Fire Potion"},{"floor":3,"key":"Energy Potion"},{"floor":8,"key":"Energy Potion"},{"floor":16,"key":"Swift Potion"},{"floor":28,"key":"Block Potion"},{"floor":31,"key":"PowerPotion"}],"is_trial":false,"path_per_floor":["M","M","M","M","?","E","R","M","T","E","M","M","R","$","R","B",null,"M","?","?","$","M","E","?","$","T","$","M","?","R","E","R","B"],"character_chosen":"WATCHER","items_purchased":["Meat on the Bone","Ambrosia","Fire Potion"],"campfire_rested":3,"item_purchase_floors":[14,21,21],"current_hp_per_floor":[72,65,61,59,59,32,68,63,63,56,46,43,43,58,58,19,72,47,47,34,49,50,32,32,47,47,62,54,21,59,21,59,0,0],"gold":114,"neow_bonus":"RANDOM_COMMON_RELIC","is_daily":false,"chose_seed":false,"campfire_upgraded":1,"win_rate":0.0,"timestamp":1613421515,"path_taken":["M","?","M","M","?","E","R","M","T","E","M","?","R","?","R","BOSS","M","?","?","?","M","E","?","$","T","$","M","?","R","E","R","BOSS"],"items_purchased_type":["Relic","Potion","Potion"],"build_version":"2020-12-22","purchased_purges":0,"victory":false,"max_hp_per_floor":[72,72,72,72,72,72,72,72,72,72,72,72,72,72,72,72,72,72,72,77,77,77,77,77,77,77,77,77,77,77,77,77,77,77],"card_choices":[{"not_picked":["ClearTheMind","WheelKick"],"picked":"SandsOfTime","floor":1},{"not_picked":["ClearTheMind","Prostrate"],"picked":"ReachHeaven","floor":2},{"not_picked":["EmptyFist","WreathOfFlame","FlyingSleeves"],"picked":"SKIP","floor":3},{"not_picked":["Halt","SashWhip"],"picked":"Collect","floor":4},{"not_picked":["CutThroughFate","Blasphemy"],"picked":"Wallop","floor":6},{"not_picked":["Crescendo","BowlingBash"],"picked":"ClearTheMind","floor":8},{"not_picked":["SignatureMove","WreathOfFlame","SashWhip"],"picked":"SKIP","floor":10},{"not_picked":["Halt","Worship"],"picked":"SashWhip","floor":11},{"not_picked":["Collect","SashWhip"],"picked":"CutThroughFate","floor":12},{"not_picked":["Scrawl","Brilliance"],"picked":"LessonLearned","floor":16},{"not_picked":["ThirdEye","Worship"],"picked":"FollowUp","floor":18},{"not_picked":["BowlingBash","PathToVictory","Fasting2"],"picked":"SKIP","floor":22},{"not_picked":["Adaptation","Brilliance"],"picked":"ReachHeaven","floor":23},{"not_picked":["PathToVictory","Conclude+1"],"picked":"FlyingSleeves+1","floor":28},{"not_picked":["TalkToTheHand+1","PathToVictory"],"picked":"BattleHymn","floor":29},{"not_picked":["ClearTheMind","Prostrate"],"picked":"Vault","floor":31}],"player_experience":459590,"relics_obtained":[{"floor":6,"key":"Regal Pillow"},{"floor":10,"key":"Whetstone"},{"floor":23,"key":"Akabeko"},{"floor":26,"key":"Molten Egg 2"},{"floor":29,"key":"Red Mask"},{"floor":31,"key":"TeardropLocket"}],"event_choices":[{"damage_healed":0,"gold_gain":0,"player_choice":"Forge","damage_taken":0,"max_hp_gain":0,"max_hp_loss":0,"event_name":"Accursed Blacksmith","floor":5,"gold_loss":0,"cards_upgraded":["Collect"]},{"damage_healed":0,"gold_gain":0,"player_choice":"Read","damage_taken":0,"max_hp_gain":0,"max_hp_loss":0,"event_name":"The Library","floor":19,"gold_loss":0,"cards_obtained":["Protect"]},{"damage_healed":0,"gold_gain":0,"player_choice":"Shed Blood","damage_taken":18,"max_hp_gain":5,"max_hp_loss":0,"event_name":"Forgotten Altar","floor":20,"gold_loss":0},{"damage_healed":0,"gold_gain":0,"player_choice":"Fought Bandits","damage_taken":0,"max_hp_gain":0,"max_hp_loss":0,"event_name":"Masked Bandits","floor":29,"gold_loss":0}],"is_beta":false,"boss_relics":[{"not_picked":["Ectoplasm","Runic Dome"],"picked":"SacredBark"}],"items_purged_floors":[],"is_endless":false,"potions_floor_spawned":[1,3,8,16,22,28,31],"killed_by":"Automaton","ascension_level":3}}