{"host":"zxd2l8an9de7z7b9","time":1613386990,"event":{"mods":["2.2 Compatiblity","AchievementEnabler","BaseMod","CapriCore","Colored Map","Colored Powertips","Minty Spire (QoL Compilation)","Rare Cards Sparkle","StSLib","SuperFastMode"],"gold_per_floor":[113,38,38,55,55,55,90,90,90,90,90,101,101,276,276,374,374,393,308,322,322,5,5,330,330,410,437,437,128,141,141,141,245,245,261,271,319,19,69,69,69,69,94,124,144,179,195,213,213,213,213,213,47,78,78],"floor_reached":56,"language":"KOR","playtime":3881,"items_purged":["Strike_G","Defend_G","Doubt","Endless Agony"],"score":1441,"play_id":"b7d13a74-b29b-4cef-af66-960656372782","local_time":"20210215200310","is_ascension_mode":true,"campfire_choices":[{"data":"Slice","floor":6.0,"key":"SMITH"},{"data":"Venomology","floor":8.0,"key":"SMITH"},{"data":"Backflip","floor":11.0,"key":"SMITH"},{"data":"Quick Slash","floor":13.0,"key":"SMITH"},{"floor":15.0,"key":"REST"},{"data":"Grand Finale","floor":23.0,"key":"SMITH"},{"data":"Survivor","floor":25.0,"key":"SMITH"},{"data":"Prepared","floor":32.0,"key":"SMITH"},{"data":"Prepared","floor":40.0,"key":"SMITH"},{"floor":42.0,"key":"RECALL"},{"data":"Concentrate","floor":49.0,"key":"SMITH"},{"data":"Malaise","floor":52,"key":"SMITH"}],"circlet_count":0,"master_deck":["Strike_G+1","Strike_G+1","Defend_G+1","Survivor+1","Neutralize+1","Slice+1","Quick Slash+1","Backflip+1","Venomology+1","PiercingWail","Grand Finale+1","Acrobatics+1","Backflip","Dagger Throw","PiercingWail","Prepared+1","Noxious Fumes","Malaise+1","Backflip","Finisher+1","Doppelganger","Prepared+1","Acrobatics","Grand Finale","Footwork+1","Dagger Throw+1","Concentrate+1","Prepared+1","Footwork","Reflex+1"],"relics":["Ring of the Snake","Bag of Preparation","Black Star","Unceasing Top","Juzu Bracelet","Lee\u0027s Waffle","Tingsha","Old Coin","InkBottle","Whetstone","PreservedInsect","Chemical X","Philosopher\u0027s Stone","Turnip","Lizard Tail","Pear","Happy Flower","Shuriken","MealTicket","Bottled Lightning","Omamori","Blood Vial","Bag of Marbles"],"acts_visited":["Exordium","TheCity","TheBeyond","TheEnding"],"potions_floor_usage":[50,50,54,55,55,55,55],"damage_taken":[{"damage":1.0,"enemies":"Cultist","floor":1.0,"turns":4.0},{"damage":0.0,"enemies":"2 Louse","floor":4.0,"turns":3.0},{"damage":19.0,"enemies":"3 Sentries","floor":7.0,"turns":11.0},{"damage":0.0,"enemies":"Small Slimes","floor":12.0,"turns":1.0},{"damage":0.0,"enemies":"The Guardian","floor":16.0,"turns":15.0},{"damage":10.0,"enemies":"Chosen","floor":18.0,"turns":8.0},{"damage":2.0,"enemies":"3 Byrds","floor":20.0,"turns":10.0},{"damage":0.0,"enemies":"Slavers","floor":24.0,"turns":2.0},{"damage":0.0,"enemies":"Gremlin Leader","floor":27.0,"turns":4.0},{"damage":2.0,"enemies":"Snecko","floor":30.0,"turns":5.0},{"damage":20.0,"enemies":"Collector","floor":33.0,"turns":7.0},{"damage":0.0,"enemies":"3 Shapes","floor":35.0,"turns":3.0},{"damage":3.0,"enemies":"Orb Walker","floor":36.0,"turns":3.0},{"damage":12.0,"enemies":"2 Orb Walkers","floor":37.0,"turns":4.0},{"damage":0.0,"enemies":"Mind Bloom Boss Battle","floor":39.0,"turns":4.0},{"damage":3.0,"enemies":"Nemesis","floor":44.0,"turns":5.0},{"damage":3.0,"enemies":"Spire Growth","floor":45.0,"turns":3.0},{"damage":1.0,"enemies":"Giant Head","floor":46.0,"turns":3.0},{"damage":2.0,"enemies":"Writhing Mass","floor":47.0,"turns":2.0},{"damage":0.0,"enemies":"Transient","floor":48.0,"turns":5.0},{"damage":2,"enemies":"Donu and Deca","floor":50,"turns":3},{"damage":0,"enemies":"Shield and Spear","floor":54,"turns":3},{"damage":50,"enemies":"The Heart","floor":55,"turns":9}],"seed_played":"-3472552668916891438","potions_obtained":[{"floor":1.0,"key":"Poison Potion"},{"floor":4.0,"key":"Energy Potion"},{"floor":7.0,"key":"BlessingOfTheForge"},{"floor":16.0,"key":"BlessingOfTheForge"},{"floor":20.0,"key":"Dexterity Potion"},{"floor":24.0,"key":"SkillPotion"},{"floor":33.0,"key":"EssenceOfSteel"},{"floor":39.0,"key":"Strength Potion"},{"floor":46.0,"key":"SkillPotion"}],"is_trial":false,"path_per_floor":["M","$","?","M","$","R","E","R","T","?","R","M","R","?","R","B",null,"M","?","M","?","$","R","E","R","T","E","?","$","M","$","R","B",null,"M","M","?","$","?","R","?","R","T","E","M","E","M","M","R","B",null,"R","$","E","B",null],"character_chosen":"THE_SILENT","items_purchased":["Backflip","Dagger Throw","Lee\u0027s Waffle","Backflip","Chemical X","Grand Finale","GhostInAJar","Footwork"],"campfire_rested":1,"item_purchase_floors":[22,22,22,29,29,38,53,53],"current_hp_per_floor":[48,48,34,34,34,34,15,15,15,15,15,15,15,15,36,36,70,60,60,58,58,77,77,77,77,77,77,77,77,75,75,75,55,77,77,74,62,62,62,62,72,72,72,69,66,65,63,63,63,66,87,87,87,87,37],"gold":78,"neow_bonus":"TRANSFORM_TWO_CARDS","is_daily":false,"chose_seed":false,"campfire_upgraded":10,"win_rate":0.0,"timestamp":1613386990,"path_taken":["M","$","?","M","$","R","E","R","T","?","R","M","R","?","R","BOSS","M","?","M","?","$","R","E","R","T","E","?","?","M","$","R","BOSS","M","M","?","$","?","R","?","R","T","E","M","E","M","M","R","BOSS","R","$","E","BOSS"],"items_purchased_type":["Card","Card","Relic","Card","Relic","Card","Potion","Card"],"build_version":"2020-12-22","purchased_purges":4,"victory":true,"max_hp_per_floor":[70,70,70,70,70,70,70,70,70,70,70,70,70,70,70,70,70,70,70,70,70,77,77,77,77,77,77,77,77,77,77,77,77,77,77,77,77,77,77,77,87,87,87,87,87,87,87,87,87,87,87,87,87,87,87],"card_choices":[{"not_picked":["Noxious Fumes","Crippling Poison"],"picked":"Backflip","floor":1.0},{"not_picked":["Poisoned Stab","Blade Dance"],"picked":"PiercingWail","floor":4.0},{"not_picked":["Calculated Gamble","Backstab"],"picked":"Venomology","floor":7.0},{"not_picked":["Flying Knee","Quick Slash"],"picked":"PiercingWail","floor":12.0},{"not_picked":["Malaise","Night Terror"],"picked":"Grand Finale","floor":16.0},{"not_picked":["Setup","Dagger Spray+1","Deadly Poison"],"picked":"SKIP","floor":18.0},{"not_picked":["Dodge and Roll","Bouncing Flask"],"picked":"Acrobatics+1","floor":20.0},{"not_picked":["Blade Dance","Bane"],"picked":"PiercingWail","floor":24.0},{"not_picked":["Dagger Throw+1","Glass Knife"],"picked":"Prepared","floor":27.0},{"not_picked":["Deadly Poison","Cloak And Dagger"],"picked":"Finisher+1","floor":30.0},{"not_picked":["Die Die Die","After Image"],"picked":"Doppelganger","floor":33.0},{"not_picked":["Prepared","Backstab+1","Distraction+1"],"picked":"SKIP","floor":35.0},{"not_picked":["Backstab+1","Distraction+1"],"picked":"Prepared","floor":35.0},{"not_picked":["Underhanded Strike+1","Leg Sweep+1","Prepared"],"picked":"SKIP","floor":36.0},{"not_picked":["Flying Knee","Predator"],"picked":"Acrobatics","floor":37.0},{"not_picked":["Poisoned Stab+1","Blade Dance"],"picked":"Footwork+1","floor":39.0},{"not_picked":["Blade Dance+1","Riddle With Holes+1"],"picked":"Dagger Throw+1","floor":44.0},{"not_picked":["Endless Agony","Underhanded Strike+1","Deadly Poison"],"picked":"SKIP","floor":45.0},{"not_picked":["Deflect","Backstab"],"picked":"Concentrate","floor":46.0},{"not_picked":["Dagger Spray","Masterful Stab","Setup"],"picked":"SKIP","floor":47.0},{"not_picked":["Acrobatics","Blade Dance+1"],"picked":"Prepared+1","floor":48.0},{"not_picked":["Heel Hook","Bullet Time"],"picked":"Reflex+1","floor":54}],"player_experience":355805,"relics_obtained":[{"floor":7.0,"key":"Bag of Preparation"},{"floor":24.0,"key":"Tingsha"},{"floor":24.0,"key":"Old Coin"},{"floor":26.0,"key":"InkBottle"},{"floor":27.0,"key":"Whetstone"},{"floor":27.0,"key":"PreservedInsect"},{"floor":37.0,"key":"Turnip"},{"floor":39.0,"key":"Lizard Tail"},{"floor":43.0,"key":"Happy Flower"},{"floor":44.0,"key":"Shuriken"},{"floor":44.0,"key":"MealTicket"},{"floor":46.0,"key":"Bottled Lightning"},{"floor":46.0,"key":"Omamori"},{"floor":54,"key":"Blood Vial"},{"floor":54,"key":"Bag of Marbles"}],"event_choices":[{"damage_healed":0.0,"max_hp_gain":0.0,"max_hp_loss":0.0,"gold_gain":0.0,"event_name":"Shining Light","player_choice":"Entered Light","floor":3.0,"gold_loss":0.0,"damage_taken":14.0,"cards_upgraded":["Neutralize","Defend_G"]},{"damage_healed":0.0,"max_hp_gain":0.0,"max_hp_loss":0.0,"gold_gain":0.0,"cards_transformed":["Strike_G"],"event_name":"Living Wall","player_choice":"Change","floor":10.0,"gold_loss":0.0,"damage_taken":0.0,"cards_obtained":["Endless Agony"]},{"damage_healed":0.0,"max_hp_gain":0.0,"max_hp_loss":0.0,"gold_gain":175.0,"event_name":"Liars Game","player_choice":"AGREE","floor":14.0,"gold_loss":0.0,"damage_taken":0.0,"cards_obtained":["Doubt"]},{"damage_healed":0.0,"max_hp_gain":0.0,"max_hp_loss":0.0,"gold_gain":0.0,"event_name":"Addict","player_choice":"Obtained Relic","floor":19.0,"gold_loss":85.0,"damage_taken":0.0,"relics_obtained":["Unceasing Top"]},{"damage_healed":0.0,"max_hp_gain":0.0,"max_hp_loss":0.0,"gold_gain":0.0,"event_name":"The Mausoleum","player_choice":"Opened","floor":21.0,"gold_loss":0.0,"damage_taken":0.0,"relics_obtained":["Juzu Bracelet"]},{"damage_healed":0.0,"max_hp_gain":0.0,"max_hp_loss":0.0,"gold_gain":0.0,"cards_transformed":["Defend_G","Defend_G"],"event_name":"Drug Dealer","player_choice":"Became Test Subject","floor":28.0,"gold_loss":0.0,"damage_taken":0.0,"cards_obtained":["Noxious Fumes","Malaise"]},{"damage_healed":0.0,"max_hp_gain":0.0,"max_hp_loss":0.0,"gold_gain":0.0,"event_name":"Mysterious Sphere","player_choice":"Fight","floor":37.0,"gold_loss":0.0,"damage_taken":0.0},{"damage_healed":0.0,"max_hp_gain":0.0,"max_hp_loss":0.0,"gold_gain":0.0,"event_name":"MindBloom","player_choice":"Fight","floor":39.0,"gold_loss":0.0,"damage_taken":0.0},{"cards_removed":["PiercingWail"],"damage_healed":0.0,"max_hp_gain":0.0,"max_hp_loss":0.0,"gold_gain":0.0,"event_name":"WeMeetAgain","player_choice":"Gave Card","floor":41.0,"gold_loss":0.0,"damage_taken":0.0,"relics_obtained":["Pear"]}],"is_beta":false,"boss_relics":[{"not_picked":["Velvet Choker","Runic Dome"],"picked":"Black Star"},{"not_picked":["Sozu","SlaversCollar"],"picked":"Philosopher\u0027s Stone"}],"items_purged_floors":[2,22,29,38],"is_endless":false,"potions_floor_spawned":[1,4,7,16,20,24,33,37,39,46,48],"ascension_level":1}}