{"host":"np9ouipdmi0bkas5","time":1613419305,"event":{"mods":["AchievementEnabler","Aspiration","BaseMod","Better Altar","Better Match","Better Skull","Better Third Choice","Colored Map","Downfall","Highlight Path","Hubris","Infinite Spire","Minty Spire (QoL Compilation)","Replay The Spire","StSLib"],"gold_per_floor":[110,110,110,110,110,138,138,163,163,163,163,182,28,61,61,164,164,175,250,266,266,86,86,116,134,202,202,202],"floor_reached":27,"language":"ENG","playtime":1440,"items_purged":["Strike_G","Defend_G"],"score":270,"play_id":"252c01bf-a0df-4fac-85b0-69e08d1201a8","local_time":"20210215120145","is_ascension_mode":true,"campfire_choices":[{"floor":7,"key":"REST"},{"floor":11,"key":"REST"},{"floor":15,"key":"REST"},{"floor":23,"key":"REST"}],"circlet_count":0,"master_deck":["Strike_G","Strike_G","Strike_G","Strike_G","Defend_G+1","Defend_G","Defend_G","Defend_G+1","Survivor","Neutralize","Toxin Wave","Crippling Poison","Caltrops","Cloak And Dagger","ReplayTheSpireMod:Scrap Shanks","infinitespire:Neurotoxin","Accuracy","Noxious Fumes","Fluid Movement","ReplayTheSpireMod:Scrap Shanks+1"],"relics":["Ring of the Snake","ReplayFunnel","Vajra","Onion Ring","Turnip","Art of War","WristBlade","Eternal Feather","Bottled Tornado"],"acts_visited":["Exordium","TheCity"],"potions_floor_usage":[8,14,14,16,16,18,20],"damage_taken":[{"damage":2,"enemies":"2 Louse","floor":1,"turns":2},{"damage":38,"enemies":"Gremlin Nob","floor":6,"turns":6},{"damage":23,"enemies":"Lagavulin","floor":8,"turns":10},{"damage":0,"enemies":"Small Slimes","floor":12,"turns":2},{"damage":5,"enemies":"Gremlin Nob","floor":14,"turns":3},{"damage":28,"enemies":"Fading Forest","floor":16,"turns":11},{"damage":22,"enemies":"2 Thieves","floor":18,"turns":4},{"damage":19,"enemies":"Spheric Guardian","floor":20,"turns":6},{"damage":12,"enemies":"Gremlin Leader","floor":24,"turns":10},{"damage":23,"enemies":"Snake Plant","floor":25,"turns":3},{"damage":12,"enemies":"Colosseum Slavers","floor":27,"turns":1}],"seed_played":"-8711320530539247228","potions_obtained":[{"floor":6,"key":"SpeedPotion"},{"floor":8,"key":"LiquidBronze"},{"floor":10,"key":"CunningPotion"},{"floor":10,"key":"SpeedPotion"},{"floor":10,"key":"GhostInAJar"},{"floor":14,"key":"Toxic Potion"},{"floor":16,"key":"Adrenaline Potion"},{"floor":18,"key":"ColorlessPotion"}],"is_trial":false,"path_per_floor":["M","?","?","?","$","E","R","E","T","?","R","M","$","E","R","B",null,"M","?","M","?","$","R","E","M","T","?"],"character_chosen":"THE_SILENT","items_purchased":["ReplayTheSpireMod:Scrap Shanks","Noxious Fumes"],"campfire_rested":4,"item_purchase_floors":[13,22],"current_hp_per_floor":[68,54,54,54,54,16,37,14,14,14,35,35,35,30,51,47,70,48,41,22,22,22,43,31,8,8,0,0],"gold":202,"neow_bonus":"RANDOM_COMMON_RELIC","is_daily":false,"chose_seed":false,"campfire_upgraded":0,"win_rate":0.0,"timestamp":1613419305,"path_taken":["M","?","?","?","$","E","R","E","T","?","R","?","?","E","R","BOSS","M","?","?","?","$","R","E","M","T","?"],"items_purchased_type":["Card","Card"],"build_version":"2020-12-22","purchased_purges":2,"victory":false,"max_hp_per_floor":[70,70,70,70,70,70,70,70,70,70,70,70,70,70,70,70,70,70,70,70,70,70,70,70,70,70,70,70],"card_choices":[{"not_picked":["Poisoned Stab","PiercingWail"],"picked":"Toxin Wave","floor":1},{"not_picked":["Underhanded Strike","hubris:SlightOfHand","Reflex"],"picked":"SKIP","floor":6},{"not_picked":["Slice","Heel Hook"],"picked":"Caltrops","floor":8},{"not_picked":["ReplayTheSpireMod:Tripwire","Outmaneuver"],"picked":"Cloak And Dagger","floor":12},{"not_picked":["Finisher","Glass Knife","PiercingWail"],"picked":"SKIP","floor":14},{"not_picked":["Night Terror","Grand Finale"],"picked":"infinitespire:Neurotoxin","floor":16},{"not_picked":["Crippling Poison+1","PiercingWail+1"],"picked":"Accuracy","floor":18},{"not_picked":["Reflex","Outmaneuver","Riddle With Holes"],"picked":"SKIP","floor":20},{"not_picked":["Sucker Punch","Acrobatics"],"picked":"Fluid Movement","floor":24},{"not_picked":["Poisoned Stab","Hidden Blade"],"picked":"ReplayTheSpireMod:Scrap Shanks+1","floor":25}],"player_experience":127200,"relics_obtained":[{"floor":6,"key":"Vajra"},{"floor":8,"key":"Onion Ring"},{"floor":9,"key":"Turnip"},{"floor":14,"key":"Art of War"},{"floor":24,"key":"Eternal Feather"},{"floor":26,"key":"Bottled Tornado"}],"event_choices":[{"damage_healed":68,"gold_gain":0,"player_choice":"Upgrade","damage_taken":14,"max_hp_gain":0,"max_hp_loss":70,"event_name":"betterThird:BetterShining","floor":2,"gold_loss":0,"cards_upgraded":["Defend_G","Defend_G"]},{"damage_healed":0,"gold_gain":0,"player_choice":"Got Potions","damage_taken":0,"max_hp_gain":0,"max_hp_loss":0,"event_name":"Lab","floor":10,"gold_loss":0},{"damage_healed":0,"gold_gain":75,"player_choice":"Touch","damage_taken":7,"max_hp_gain":0,"max_hp_loss":0,"event_name":"FaceTrader","floor":19,"gold_loss":0},{"damage_healed":0,"gold_gain":0,"player_choice":"Ignored","damage_taken":0,"max_hp_gain":0,"max_hp_loss":0,"event_name":"Cursed Tome","floor":21,"gold_loss":0},{"damage_healed":0,"gold_gain":0,"player_choice":"Fight","damage_taken":0,"max_hp_gain":0,"max_hp_loss":0,"event_name":"Colosseum","floor":27,"gold_loss":0}],"is_beta":false,"boss_relics":[{"not_picked":["aspiration:DefectSkillbook","Replay:Bronze Core"],"picked":"WristBlade"}],"items_purged_floors":[13,22],"is_endless":false,"potions_floor_spawned":[6,8,14,16,18],"killed_by":"Colosseum Slavers","ascension_level":2}}