{"host":"1pkwkj8mkn7raipg","time":1613409180,"event":{"mods":["BaseMod","LagranYue(拉格朗・月)","Minty Spire (QoL Compilation)","Replay The Spire","StSLib","TestMod","Youmu（魂魄妖梦）"],"gold_per_floor":[116,116,134,134,153,153,180,180,180,190,37,37,37,47,47,118,118,135,55,55,74,74,101,120,136,136,163,163,18,29,79,79,156,156,168,180,195,70,470,470,501,501,525,560,560,580,580,596,596,596,596],"floor_reached":52,"language":"ZHS","playtime":2457,"items_purged":["Strike_G","Finisher+1","Strike_G"],"score":1975,"play_id":"57e8c196-fdf1-4aa5-88e4-d726afad978a","local_time":"20210216011300","is_ascension_mode":true,"campfire_choices":[{"data":"Finisher","floor":6.0,"key":"SMITH"},{"data":"Venomology","floor":12.0,"key":"SMITH"},{"floor":15.0,"key":"REST"},{"data":"Calculated Gamble","floor":28.0,"key":"SMITH"},{"floor":32.0,"key":"REST"},{"floor":40.0,"key":"REST"},{"data":"After Image","floor":42.0,"key":"SMITH"},{"floor":47.0,"key":"REST"},{"data":"ReplayTheSpireMod:Faulty Equipment","floor":49.0,"key":"SMITH"}],"circlet_count":0,"master_deck":["AscendersBane","Strike_G+1","Strike_G","Defend_G","Defend_G","Defend_G+1","Defend_G","Survivor","Neutralize","Backflip","Noxious Fumes","Venomology+1","Noxious Fumes","Malaise","Choke","Acrobatics","Calculated Gamble+1","Catalyst","Blur+1","Atom Bomb","Backflip+1","After Image+1"],"relics":["Ring of the Snake","LagranYue:RandomDrawCardRelic","testmod-EqualTreatment","NeowsBlessing","Counterbalance","Iron Hammer","testmod-CardMagician","ReplayTheSpireMod:Lightbulb","TungstenRod","Regal Pillow","LagranYue:ContractPerformanceRelic","Dream Catcher","Simple Rune","Lantern"],"acts_visited":["Exordium","TheCity","TheBeyond"],"potions_floor_usage":[50,50],"damage_taken":[{"damage":0.0,"enemies":"Small Slimes","floor":1.0,"turns":1.0},{"damage":0.0,"enemies":"Cultist","floor":3.0,"turns":1.0},{"damage":0.0,"enemies":"2 Louse","floor":5.0,"turns":1.0},{"damage":36.0,"enemies":"3 Sentries","floor":7.0,"turns":9.0},{"damage":0.0,"enemies":"Exordium Thugs","floor":10.0,"turns":3.0},{"damage":3.0,"enemies":"2 Fungi Beasts","floor":14.0,"turns":3.0},{"damage":25.0,"enemies":"Slime Boss","floor":16.0,"turns":6.0},{"damage":18.0,"enemies":"Shell Parasite","floor":18.0,"turns":5.0},{"damage":1.0,"enemies":"Chosen","floor":21.0,"turns":6.0},{"damage":0.0,"enemies":"Replay:Snechameleon","floor":23.0,"turns":8.0},{"damage":3.0,"enemies":"3 Cultists","floor":24.0,"turns":4.0},{"damage":22.0,"enemies":"Centurion and Healer","floor":25.0,"turns":6.0},{"damage":6.0,"enemies":"Gremlin Leader","floor":27.0,"turns":6.0},{"damage":25.0,"enemies":"Shelled Parasite and Fungi","floor":30.0,"turns":3.0},{"damage":14.0,"enemies":"Pondfish","floor":33.0,"turns":9.0},{"damage":0.0,"enemies":"Orb Walker","floor":35.0,"turns":3.0},{"damage":6.0,"enemies":"3 Shapes","floor":36.0,"turns":3.0},{"damage":25.0,"enemies":"Spire Growth","floor":37.0,"turns":5.0},{"damage":8.0,"enemies":"R_Hoarder","floor":41.0,"turns":12.0},{"damage":29.0,"enemies":"Giant Head","floor":44.0,"turns":10.0},{"damage":5.0,"enemies":"Writhing Mass","floor":46.0,"turns":9.0},{"damage":0.0,"enemies":"Sphere and 2 Shapes","floor":48.0,"turns":1.0},{"damage":21,"enemies":"Donu and Deca","floor":50,"turns":9},{"damage":28,"enemies":"Time Eater","floor":51,"turns":11}],"seed_played":"-4851610746895283303","potions_obtained":[{"floor":1.0,"key":"BlessingOfTheForge"},{"floor":7.0,"key":"CunningPotion"},{"floor":23.0,"key":"Elixir"},{"floor":27.0,"key":"SkillPotion"},{"floor":37.0,"key":"BlessingOfTheForge"},{"floor":44.0,"key":"Languid Potion"}],"is_trial":false,"path_per_floor":["M","?","M","?","M","R","E","?","T","M","$","R","$","M","R","B",null,"M","$","?","M","$","E","M","M","T","E","R","$","M","?","R","B",null,"M","M","M","$","?","R","E","R","T","E","?","M","R","M","R","B","B",null],"character_chosen":"THE_SILENT","items_purchased":["Noxious Fumes","Choke","Catalyst"],"campfire_rested":4,"item_purchase_floors":[11,19,29],"current_hp_per_floor":[59,59,59,59,59,59,23,23,23,23,23,23,23,20,39,14,53,50,50,50,49,49,49,46,24,24,33,33,33,8,3,37,23,55,55,49,24,24,24,58,50,50,50,21,21,16,50,50,50,29,1],"gold":596,"neow_bonus":"THREE_ENEMY_KILL","is_daily":false,"chose_seed":false,"campfire_upgraded":5,"win_rate":0.0,"timestamp":1613409180,"path_taken":["M","?","M","?","?","R","E","?","T","M","$","R","?","M","R","BOSS","M","$","?","M","$","E","M","M","T","E","R","$","M","?","R","BOSS","M","M","M","$","?","R","E","R","T","E","?","?","R","M","R","BOSS","BOSS"],"items_purchased_type":["Card","Card","Card"],"build_version":"2020-12-22","purchased_purges":3,"victory":true,"max_hp_per_floor":[66,66,66,66,66,66,66,66,66,66,66,66,66,66,66,66,66,66,66,66,66,66,66,66,66,66,66,66,66,66,66,66,66,66,66,66,66,66,66,66,66,66,66,66,66,66,66,66,66,66,66],"card_choices":[{"not_picked":["Crippling Poison","Sucker Punch","Hidden Blade"],"picked":"SKIP","floor":1.0},{"not_picked":["ReplayTheSpireMod:Tripwire","Flying Knee"],"picked":"Backflip","floor":3.0},{"not_picked":["Dagger Throw","Acrobatics"],"picked":"Finisher","floor":5.0},{"not_picked":["ReplayTheSpireMod:Speed Training","Dash"],"picked":"Noxious Fumes","floor":7.0},{"not_picked":["Dagger Spray","Quick Slash"],"picked":"Venomology","floor":10.0},{"not_picked":["Prepared","Deflect","PiercingWail"],"picked":"SKIP","floor":14.0},{"not_picked":["Night Terror","Phantasmal Killer"],"picked":"Malaise","floor":16.0},{"not_picked":["Blade Dance","Flying Knee","Setup"],"picked":"SKIP","floor":18.0},{"not_picked":["Quick Slash","Reflex","Dagger Throw"],"picked":"SKIP","floor":21.0},{"not_picked":["Heel Hook","Poisoned Stab"],"picked":"Acrobatics","floor":23.0},{"not_picked":["Eviscerate","Poisoned Stab","Accuracy"],"picked":"SKIP","floor":24.0},{"not_picked":["Underhanded Strike","Flying Knee"],"picked":"Calculated Gamble","floor":25.0},{"not_picked":["Finisher","Caltrops","Dagger Throw"],"picked":"SKIP","floor":27.0},{"not_picked":["PiercingWail","Venomology"],"picked":"Blur+1","floor":30.0},{"not_picked":["Tools of the Trade","Venomology"],"picked":"Atom Bomb","floor":33.0},{"not_picked":["Slice+1","Acrobatics"],"picked":"Backflip+1","floor":35.0},{"not_picked":["All Out Attack","Noxious Fumes+1","Underhanded Strike+1"],"picked":"SKIP","floor":36.0},{"not_picked":["Hidden Blade","Cloak And Dagger+1","Sucker Punch"],"picked":"SKIP","floor":37.0},{"not_picked":["Quick Slash","Dodge and Roll+1"],"picked":"After Image","floor":41.0},{"not_picked":["Riddle With Holes","Underhanded Strike","Blade Dance+1"],"picked":"SKIP","floor":44.0},{"not_picked":["ReplayTheSpireMod:The Works","Crippling Poison","Slice"],"picked":"SKIP","floor":46.0},{"not_picked":["Crippling Poison","Cloak And Dagger","Dash"],"picked":"SKIP","floor":48.0}],"player_experience":430326,"relics_obtained":[{"floor":7.0,"key":"Counterbalance"},{"floor":9.0,"key":"Iron Hammer"},{"floor":23.0,"key":"TungstenRod"},{"floor":27.0,"key":"Regal Pillow"},{"floor":41.0,"key":"Dream Catcher"},{"floor":43.0,"key":"Simple Rune"},{"floor":44.0,"key":"Lantern"}],"event_choices":[{"damage_healed":0.0,"max_hp_gain":0.0,"max_hp_loss":0.0,"gold_gain":0.0,"event_name":"Shining Light","player_choice":"Ignored","floor":2.0,"gold_loss":0.0,"damage_taken":0.0},{"cards_removed":["Defend_G"],"damage_healed":0.0,"max_hp_gain":0.0,"max_hp_loss":0.0,"gold_gain":0.0,"event_name":"Purifier","player_choice":"Purged","floor":4.0,"gold_loss":0.0,"damage_taken":0.0},{"cards_removed":["Strike_G"],"damage_healed":0.0,"max_hp_gain":0.0,"max_hp_loss":0.0,"gold_gain":0.0,"event_name":"Purifier","player_choice":"Purged","floor":8.0,"gold_loss":0.0,"damage_taken":0.0},{"damage_healed":0.0,"max_hp_gain":0.0,"max_hp_loss":0.0,"gold_gain":50.0,"event_name":"FaceTrader","player_choice":"Touch","floor":31.0,"gold_loss":0.0,"damage_taken":6.0},{"damage_healed":0.0,"max_hp_gain":0.0,"max_hp_loss":0.0,"gold_gain":400.0,"event_name":"恩洛斯的盘子","player_choice":"Sell","floor":39.0,"relics_lost":["testmod-TestBox"],"gold_loss":0.0,"damage_taken":0.0}],"is_beta":false,"boss_relics":[{"not_picked":["Kintsugi","Runic Pyramid"],"picked":"testmod-CardMagician"},{"not_picked":["Cursed Key","ChewingGum"],"picked":"LagranYue:ContractPerformanceRelic"}],"items_purged_floors":[11,29,38],"is_endless":false,"potions_floor_spawned":[1,7,23,24,27,37,44],"ascension_level":20}}