{"host":"jngeqill3bw7azzz","time":1613355811,"event":{"mods":["BaseMod","Highlight Path","Minty Spire (QoL Compilation)","Permanent Neow","Relic Stats"],"gold_per_floor":[217,0,0,18,18,56,69,108,108,108,132,132,166,180,180,180,180],"floor_reached":16,"language":"ENG","playtime":934,"items_purged":[],"score":240,"play_id":"460d6a3f-5018-4074-be66-45e2e025ad0f","local_time":"20210214212331","is_ascension_mode":true,"campfire_choices":[{"data":"Corruption","floor":10,"key":"SMITH"},{"floor":12,"key":"REST"},{"data":"Feel No Pain","floor":15,"key":"SMITH"}],"circlet_count":0,"master_deck":["AscendersBane","Strike_R","Strike_R","Strike_R","Strike_R","Defend_R","Defend_R","Defend_R","Defend_R","Bash","Twin Strike","Impervious","Hemokinesis","Corruption+1","Second Wind","Shrug It Off","Feel No Pain+1","Armaments","Battle Trance"],"relics":["Burning Blood","Golden Idol","Bottled Tornado","Gremlin Horn","Bottled Lightning","Molten Egg 2"],"acts_visited":["Exordium"],"potions_floor_usage":[8,13,13],"damage_taken":[{"damage":9,"enemies":"Jaw Worm","floor":1,"turns":4},{"damage":0,"enemies":"Small Slimes","floor":4,"turns":5},{"damage":31,"enemies":"Lagavulin","floor":6,"turns":8},{"damage":12,"enemies":"2 Louse","floor":7,"turns":2},{"damage":32,"enemies":"3 Sentries","floor":8,"turns":13},{"damage":6,"enemies":"Looter","floor":11,"turns":4},{"damage":15,"enemies":"Gremlin Nob","floor":13,"turns":4},{"damage":2,"enemies":"Blue Slaver","floor":14,"turns":4},{"damage":28,"enemies":"The Guardian","floor":16,"turns":2}],"seed_played":"-1384592348753070477","potions_obtained":[{"floor":4,"key":"PowerPotion"},{"floor":6,"key":"DistilledChaos"},{"floor":7,"key":"HeartOfIron"},{"floor":11,"key":"Energy Potion"}],"is_trial":false,"path_per_floor":["M","$","?","M","?","E","M","E","T","R","M","R","E","M","R","B"],"character_chosen":"IRONCLAD","items_purchased":["Impervious","Hemokinesis"],"campfire_rested":1,"item_purchase_floors":[2,2],"current_hp_per_floor":[65,65,65,68,68,43,37,11,11,11,11,31,22,26,26,0,0],"gold":180,"neow_bonus":"HUNDRED_GOLD","is_daily":false,"chose_seed":false,"campfire_upgraded":2,"win_rate":0.0,"timestamp":1613355811,"path_taken":["M","$","?","M","?","E","M","E","T","R","M","R","E","M","R","BOSS"],"items_purchased_type":["Card","Card"],"build_version":"2020-12-22","purchased_purges":0,"victory":false,"max_hp_per_floor":[75,75,68,68,68,68,68,68,68,68,68,68,68,68,68,68,68],"relic_stats":{"Gremlin Horn":[0,0],"counters":[9,46],"Golden Idol":38,"obtain_stats":[{"Gremlin Horn":8,"Golden Idol":3,"Molten Egg 2":13,"Bottled Lightning":9,"Bottled Tornado":6,"Burning Blood":0},{"Gremlin Horn":5,"Golden Idol":1,"Molten Egg 2":7,"Bottled Lightning":5,"Bottled Tornado":3,"Burning Blood":0},{"Gremlin Horn":32,"Golden Idol":4,"Molten Egg 2":40,"Bottled Lightning":32,"Bottled Tornado":17,"Burning Blood":0}],"Burning Blood":45},"card_choices":[{"not_picked":["Thunderclap","Cleave"],"picked":"Twin Strike","floor":1},{"not_picked":["Anger","Clothesline"],"picked":"Corruption","floor":4},{"not_picked":["Clash","Infernal Blade","Sever Soul"],"picked":"SKIP","floor":6},{"not_picked":["Dropkick","Flex"],"picked":"Shrug It Off","floor":7},{"not_picked":["Body Slam","Whirlwind","Flex"],"picked":"SKIP","floor":8},{"not_picked":["Shrug It Off","Heavy Blade"],"picked":"Feel No Pain","floor":11},{"not_picked":["Clash+1","Heavy Blade+1"],"picked":"Armaments","floor":13},{"not_picked":["Power Through","Thunderclap+1"],"picked":"Battle Trance","floor":14}],"player_experience":2644440,"relics_obtained":[{"floor":6,"key":"Bottled Tornado"},{"floor":8,"key":"Gremlin Horn"},{"floor":9,"key":"Bottled Lightning"},{"floor":13,"key":"Molten Egg 2"}],"event_choices":[{"damage_healed":0,"gold_gain":0,"player_choice":"Lose Max HP","damage_taken":0,"relics_obtained":["Golden Idol"],"max_hp_gain":0,"max_hp_loss":7,"event_name":"Golden Idol","floor":3,"gold_loss":0},{"damage_healed":0,"gold_gain":0,"cards_transformed":["Strike_R"],"player_choice":"Change","damage_taken":0,"max_hp_gain":0,"max_hp_loss":0,"event_name":"Living Wall","floor":5,"gold_loss":0,"cards_obtained":["Second Wind"]}],"is_beta":false,"boss_relics":[],"items_purged_floors":[],"is_endless":false,"potions_floor_spawned":[4,6,7,11],"killed_by":"The Guardian","ascension_level":20}}