{"host":"buycw3k5d5tgqflx","time":1613431228,"event":{"mods":["AchievementEnabler","Act Like it!","Aspiration","BaseMod","Better Altar","Better Match","Better Note","Better Sensory Stone","Better Skull","Better Third Choice","Downfall","Gensokyo","Halation","Hallownest","Hubris","Infinite Spire","Minty Spire (QoL Compilation)","Quick Restart","Rare Cards Sparkle","Relic Stats","Remilia??????","Replay The Spire","StSLib","The Bug Knight","The Jungle"],"gold_per_floor":[116,41,59,59,59,102,102,121,121,161,161,186,211,240,240,240,240],"floor_reached":16,"language":"ENG","playtime":2327,"items_purged":["HollowMod:NailStrikeStart"],"score":120,"play_id":"fac1bfbe-21d9-4528-82a5-5f09f440c94a","local_time":"20210215182028","is_ascension_mode":false,"campfire_choices":[{"data":"HollowMod:LifebloodCocoon","floor":7,"key":"SMITH"},{"data":"HollowMod:theNailsmith","floor":11,"key":"SMITH"},{"floor":15,"key":"REST"}],"circlet_count":0,"master_deck":["HollowMod:NailStrikeStart","HollowMod:NailStrikeStart","HollowMod:NailStrikeStart","HollowMod:QuickDashStart","HollowMod:QuickDashStart","HollowMod:QuickDashStart","HollowMod:QuickDashStart","HollowMod:FocusHealStart","HollowMod:PogoStrike","HollowMod:theNailsmith+1","HollowMod:BlackTendrils","HollowMod:CycloneSlash","HollowMod:LifebloodCocoon+1","HollowMod:DashSlash","HollowMod:SiblingsSouls","HollowMod:DungDefenderAura","HollowMod:ChannelNail"],"relics":["HollowMod:VesselMask","halation:StarCompass","FaceOfCleric","CeramicFish","hubris:BottledRain","Simple Rune","Replay:Bottled Eggs"],"acts_visited":["Exordium"],"potions_floor_usage":[6,10,13,16],"damage_taken":[{"damage":5,"enemies":"Cultist","floor":1,"turns":4},{"damage":12,"enemies":"Jaw Worm","floor":3,"turns":5},{"damage":27,"enemies":"Lagavulin","floor":6,"turns":7},{"damage":0,"enemies":"2 Louse","floor":8,"turns":3},{"damage":10,"enemies":"3 Sentries","floor":10,"turns":8},{"damage":1,"enemies":"Gremlin Gang","floor":12,"turns":3},{"damage":25,"enemies":"Lagavulin","floor":13,"turns":9},{"damage":0,"enemies":"2 Fungi Beasts","floor":14,"turns":3},{"damage":58,"enemies":"Hexaghost","floor":16,"turns":14}],"seed_played":"-8476443317054735239","potions_obtained":[{"floor":1,"key":"AttackPotion"},{"floor":6,"key":"Energy Potion"},{"floor":10,"key":"Fire Potion"},{"floor":13,"key":"DuplicationPotion"}],"is_trial":false,"path_per_floor":["M","$","M","?","?","E","R","M","T","E","R","M","E","M","R","B"],"character_chosen":"THE_BUGKNIGHT","items_purchased":[],"campfire_rested":1,"item_purchase_floors":[],"current_hp_per_floor":[70,70,60,60,60,36,36,38,38,35,35,35,13,14,38,0,0],"gold":240,"neow_bonus":"ONE_RANDOM_RARE_CARD","is_daily":false,"chose_seed":false,"campfire_upgraded":2,"win_rate":0.0,"timestamp":1613431228,"path_taken":["M","$","?","?","?","E","R","?","T","E","R","M","E","M","R","BOSS"],"items_purchased_type":[],"build_version":"2020-12-22","purchased_purges":1,"victory":false,"max_hp_per_floor":[75,75,75,75,75,76,76,77,77,78,78,79,80,81,81,81,81],"relic_stats":{"FaceOfCleric":6,"counters":[9,56],"CeramicFish":45,"obtain_stats":[{"FaceOfCleric":5,"CeramicFish":6,"HollowMod:VesselMask":0,"Simple Rune":10,"Replay:Bottled Eggs":13,"halation:StarCompass":4,"hubris:BottledRain":9},{"FaceOfCleric":2,"CeramicFish":3,"HollowMod:VesselMask":0,"Simple Rune":5,"Replay:Bottled Eggs":7,"halation:StarCompass":2,"hubris:BottledRain":4},{"FaceOfCleric":9,"CeramicFish":16,"HollowMod:VesselMask":0,"Simple Rune":27,"Replay:Bottled Eggs":39,"halation:StarCompass":9,"hubris:BottledRain":19}]},"card_choices":[{"not_picked":["HollowMod:CornifersMapStart","HollowMod:SoulVessel"],"picked":"HollowMod:BlackTendrils","floor":1},{"not_picked":["HollowMod:NewLittleFool","HollowMod:InfectedAttack"],"picked":"HollowMod:CycloneSlash","floor":3},{"not_picked":["HollowMod:NewJinnsSoul","HollowMod:MonarchWings"],"picked":"HollowMod:LifebloodCocoon","floor":6},{"not_picked":["HollowMod:LifebloodCocoon","HollowMod:InfectedCysts"],"picked":"HollowMod:DashSlash","floor":8},{"not_picked":["HollowMod:SharpenedNail","HollowMod:MidwifesHunger"],"picked":"HollowMod:SiblingsSouls","floor":10},{"not_picked":["HollowMod:DesolateDive","HollowMod:DoubleDash"],"picked":"HollowMod:DungDefenderAura","floor":12},{"not_picked":["HollowMod:SharpenedNail","HollowMod:NewLittleFool","HollowMod:FallenFury"],"picked":"SKIP","floor":13},{"not_picked":["HollowMod:SharpenedNail","HollowMod:NewLittleFool","HollowMod:FallenFury"],"picked":"SKIP","floor":13},{"not_picked":["HollowMod:MothsMistake","HollowMod:VengefulVoid"],"picked":"HollowMod:ChannelNail","floor":14}],"player_experience":192288,"relics_obtained":[{"floor":6,"key":"CeramicFish"},{"floor":9,"key":"hubris:BottledRain"},{"floor":10,"key":"Simple Rune"},{"floor":13,"key":"Replay:Bottled Eggs"}],"event_choices":[{"damage_healed":0,"gold_gain":0,"player_choice":"Trade","damage_taken":0,"relics_obtained":["FaceOfCleric"],"max_hp_gain":0,"max_hp_loss":0,"event_name":"FaceTrader","floor":5,"gold_loss":0}],"is_beta":false,"boss_relics":[],"items_purged_floors":[2],"is_endless":false,"potions_floor_spawned":[1,6,10,13],"killed_by":"Hexaghost","ascension_level":0}}