{"host":"l3lzhw5qete3bz2v","time":1613400858,"event":{"mods":["BaseMod","Colored Map","Colored Powertips","Minty Spire (QoL Compilation)","StSLib","SuperFastMode"],"gold_per_floor":[118,131,206,279,291,291,326,337,363,395,395,410,428,438,438,543,543,558,558,568,568,97,117,146,146,146,146,2,28,45,72,72,171,171,185,185,18,34,47,47,74,74,74,91,91,106,117,149,149,149],"floor_reached":51,"language":"JPN","playtime":4263,"items_purged":[],"score":1105,"play_id":"63406ec1-be0c-42f2-b70c-01155ef3b992","local_time":"20210215235418","is_ascension_mode":true,"campfire_choices":[{"data":"Bash","floor":6.0,"key":"SMITH"},{"data":"Flame Barrier","floor":11.0,"key":"SMITH"},{"data":"Entrench","floor":15.0,"key":"SMITH"},{"data":"Evolve","floor":25,"key":"SMITH"},{"data":"Dark Embrace","floor":32,"key":"SMITH"},{"data":"Barricade","floor":40,"key":"SMITH"},{"data":"Armaments","floor":42,"key":"SMITH"},{"data":"Shrug It Off","floor":45,"key":"SMITH"},{"data":"Shrug It Off","floor":49,"key":"SMITH"}],"circlet_count":0,"master_deck":["Defend_R","Defend_R","Defend_R","Defend_R","Bash+1","Shrug It Off+1","Flame Barrier+1","Body Slam","Pommel Strike","Armaments+1","Shrug It Off+1","Feed","Entrench+1","Iron Wave","Reaper","Armaments+1","Bite","Bite","Bite","Bite","Dual Wield+1","Burning Pact+1","Evolve+1","True Grit+1","Whirlwind+1","Seeing Red+1","Dark Embrace+1","Barricade+1","Body Slam+1","Blind+1","Enlightenment+1","Flame Barrier+1","Second Wind+1","Shockwave+1","Havoc+1","Fiend Fire+1"],"relics":["Coffee Dripper","White Beast Statue","Akabeko","Regal Pillow","Turnip","SlaversCollar","Enchiridion","Toxic Egg 2","Bottled Flame","Pear","Sling","Strawberry","Blood Vial","Runic Pyramid","Mummified Hand","Molten Egg 2","Pocketwatch"],"acts_visited":["Exordium","TheCity","TheBeyond"],"potions_floor_usage":[20,23,24,29,33,35,41,50],"damage_taken":[{"damage":2.0,"enemies":"Jaw Worm","floor":1.0,"turns":3.0},{"damage":0.0,"enemies":"Cultist","floor":2.0,"turns":4.0},{"damage":0.0,"enemies":"Small Slimes","floor":5.0,"turns":3.0},{"damage":15.0,"enemies":"Lagavulin","floor":7.0,"turns":8.0},{"damage":2.0,"enemies":"Gremlin Gang","floor":8.0,"turns":4.0},{"damage":16.0,"enemies":"Gremlin Nob","floor":10.0,"turns":3.0},{"damage":0.0,"enemies":"Looter","floor":12.0,"turns":2.0},{"damage":0.0,"enemies":"Lots of Slimes","floor":13.0,"turns":3.0},{"damage":0.0,"enemies":"2 Fungi Beasts","floor":14.0,"turns":3.0},{"damage":4.0,"enemies":"The Guardian","floor":16.0,"turns":14.0},{"damage":9.0,"enemies":"2 Thieves","floor":18.0,"turns":4.0},{"damage":0,"enemies":"Chosen","floor":20,"turns":4},{"damage":0,"enemies":"Centurion and Healer","floor":23,"turns":7},{"damage":17,"enemies":"Slavers","floor":24,"turns":7},{"damage":17,"enemies":"Book of Stabbing","floor":29,"turns":3},{"damage":11,"enemies":"3 Cultists","floor":30,"turns":5},{"damage":0,"enemies":"Slavers","floor":31,"turns":2},{"damage":4,"enemies":"Champ","floor":33,"turns":12},{"damage":0,"enemies":"Orb Walker","floor":35,"turns":4},{"damage":1,"enemies":"3 Shapes","floor":38,"turns":7},{"damage":0,"enemies":"3 Darklings","floor":39,"turns":1},{"damage":6,"enemies":"Giant Head","floor":41,"turns":7},{"damage":28,"enemies":"Writhing Mass","floor":44,"turns":7},{"damage":17,"enemies":"4 Shapes","floor":46,"turns":6},{"damage":0,"enemies":"Maw","floor":47,"turns":7},{"damage":31,"enemies":"Nemesis","floor":48,"turns":6},{"damage":20,"enemies":"Awakened One","floor":50,"turns":11}],"seed_played":"-725363395902570590","potions_obtained":[{"floor":5.0,"key":"Weak Potion"},{"floor":7.0,"key":"Energy Potion"},{"floor":8.0,"key":"DistilledChaos"},{"floor":10.0,"key":"SkillPotion"},{"floor":12.0,"key":"SkillPotion"},{"floor":13.0,"key":"Fruit Juice"},{"floor":14.0,"key":"Dexterity Potion"},{"floor":16.0,"key":"FearPotion"},{"floor":18.0,"key":"Explosive Potion"},{"floor":20,"key":"ColorlessPotion"},{"floor":23,"key":"PowerPotion"},{"floor":24,"key":"SteroidPotion"},{"floor":29,"key":"PowerPotion"},{"floor":33,"key":"DistilledChaos"},{"floor":35,"key":"Regen Potion"},{"floor":41,"key":"DuplicationPotion"},{"floor":44,"key":"FairyPotion"}],"is_trial":false,"path_per_floor":["M","M","?","T","M","R","E","M","T","E","R","M","M","M","R","B",null,"M","?","M","?","$","M","E","R","T","?","$","E","M","E","R","B",null,"M","?","$","M","M","R","E","R","T","M","R","M","M","E","R","B",null],"character_chosen":"IRONCLAD","items_purchased":["Toxic Egg 2","Dual Wield+1","Burning Pact+1","Evolve","Sling","Enlightenment+1","Flame Barrier+1"],"campfire_rested":0,"item_purchase_floors":[22,22,22,22,28,37,37],"current_hp_per_floor":[78,78,67,67,67,67,52,50,50,34,34,34,37,45,45,45,83,77,61,69,69,69,73,65,65,75,67,67,63,84,87,87,101,101,105,105,105,109,109,109,112,112,112,100,100,92,111,102,102,124],"gold":149,"neow_bonus":"BOSS_RELIC","is_daily":false,"chose_seed":false,"campfire_upgraded":9,"win_rate":0.0,"timestamp":1613400858,"path_taken":["M","M","?","?","?","R","E","M","T","E","R","M","M","M","R","BOSS","M","?","M","?","$","M","E","R","T","?","$","E","?","E","R","BOSS","M","?","$","M","M","R","E","R","T","M","R","?","M","E","R","BOSS"],"items_purchased_type":["Relic","Card","Card","Card","Relic","Card","Card"],"build_version":"2020-12-22","purchased_purges":0,"victory":true,"max_hp_per_floor":[80,80,80,80,80,80,80,80,80,80,80,80,83,91,91,95,95,98,98,101,70,70,73,77,77,87,87,87,94,94,97,97,101,101,105,105,105,109,109,109,113,113,113,116,116,119,123,127,127,127],"card_choices":[{"not_picked":["True Grit","Havoc"],"picked":"Shrug It Off","floor":1.0},{"not_picked":["Rupture","Cleave"],"picked":"Flame Barrier","floor":2.0},{"not_picked":["Flex","Heavy Blade"],"picked":"Body Slam","floor":5.0},{"not_picked":["Anger","Dual Wield"],"picked":"Pommel Strike","floor":7.0},{"not_picked":["Fire Breathing","Havoc"],"picked":"Armaments","floor":8.0},{"not_picked":["Sever Soul","Thunderclap"],"picked":"Shrug It Off","floor":10.0},{"not_picked":["Evolve","Anger"],"picked":"Feed","floor":12.0},{"not_picked":["Sever Soul","Iron Wave"],"picked":"Entrench","floor":13.0},{"not_picked":["Perfected Strike","Rupture"],"picked":"Iron Wave","floor":14.0},{"not_picked":["Bludgeon","Feed"],"picked":"Reaper","floor":16.0},{"not_picked":["Cleave","Bloodletting"],"picked":"Armaments+1","floor":18.0},{"not_picked":["Sword Boomerang","Bloodletting+1","Heavy Blade"],"picked":"SKIP","floor":20},{"not_picked":["Sever Soul","Cleave"],"picked":"True Grit+1","floor":23},{"not_picked":["Heavy Blade","Double Tap+1"],"picked":"Whirlwind+1","floor":24},{"not_picked":["Thunderclap","Rampage+1","Spot Weakness+1"],"picked":"SKIP","floor":29},{"not_picked":["Fire Breathing","Wild Strike"],"picked":"Seeing Red+1","floor":30},{"not_picked":["Rupture+1","Bloodletting+1"],"picked":"Dark Embrace","floor":31},{"not_picked":["Bludgeon","Demon Form"],"picked":"Barricade","floor":33},{"not_picked":["Combust+1","Havoc+1"],"picked":"Body Slam+1","floor":35},{"not_picked":["Anger","Infernal Blade+1"],"picked":"Second Wind+1","floor":38},{"not_picked":["Bloodletting+1","Evolve"],"picked":"Shockwave+1","floor":39},{"not_picked":["Whirlwind+1","Carnage+1","Pummel"],"picked":"SKIP","floor":41},{"not_picked":["Perfected Strike+1","Brutality","Fire Breathing"],"picked":"SKIP","floor":44},{"not_picked":["Dual Wield+1","Body Slam+1","Twin Strike+1"],"picked":"SKIP","floor":46},{"not_picked":["Cleave+1","Wild Strike+1"],"picked":"Havoc+1","floor":47},{"not_picked":["Infernal Blade+1","Burning Pact+1"],"picked":"Fiend Fire+1","floor":48}],"player_experience":105103,"relics_obtained":[{"floor":4.0,"key":"White Beast Statue"},{"floor":7.0,"key":"Akabeko"},{"floor":9.0,"key":"Regal Pillow"},{"floor":10.0,"key":"Turnip"},{"floor":19.0,"key":"Enchiridion"},{"floor":24,"key":"Bottled Flame"},{"floor":26,"key":"Pear"},{"floor":29,"key":"Strawberry"},{"floor":31,"key":"Blood Vial"},{"floor":41,"key":"Mummified Hand"},{"floor":43,"key":"Molten Egg 2"},{"floor":48,"key":"Pocketwatch"}],"event_choices":[{"damage_healed":0.0,"max_hp_gain":0.0,"max_hp_loss":0.0,"gold_gain":75.0,"event_name":"World of Goop","player_choice":"Gather Gold","floor":3.0,"gold_loss":0.0,"damage_taken":11.0},{"damage_healed":0.0,"max_hp_gain":0.0,"max_hp_loss":0.0,"gold_gain":0.0,"event_name":"Cursed Tome","player_choice":"Obtained Book","floor":19.0,"gold_loss":0.0,"damage_taken":16.0},{"damage_healed":0,"gold_gain":0,"player_choice":"Became a vampire","damage_taken":0,"max_hp_gain":0,"max_hp_loss":31,"event_name":"Vampires","floor":21,"gold_loss":0,"cards_obtained":["Bite","Bite","Bite","Bite","Bite"]},{"damage_healed":0,"gold_gain":0,"player_choice":"Damaged","damage_taken":8,"max_hp_gain":0,"max_hp_loss":0,"event_name":"Wheel of Change","floor":27,"gold_loss":0},{"damage_healed":0,"gold_gain":0,"cards_transformed":["Bite"],"player_choice":"Transformed","damage_taken":0,"max_hp_gain":0,"max_hp_loss":0,"event_name":"Transmorgrifier","floor":36,"gold_loss":0,"cards_obtained":["Blind"]}],"is_beta":false,"boss_relics":[{"not_picked":["Fusion Hammer","Runic Dome"],"picked":"SlaversCollar"},{"not_picked":["Philosopher\u0027s Stone","Cursed Key"],"picked":"Runic Pyramid"}],"items_purged_floors":[],"is_endless":false,"potions_floor_spawned":[5,7,8,10,12,13,14,16,18,20,23,24,29,30,31,33,35,38,39,41,44,46,47,48],"ascension_level":5}}