{"host":"pj7egx7jkoz18hom","time":1613394607,"event":{"mods":["AchievementEnabler","BaseMod","Keyboard Shortcuts","Minty Spire (QoL Compilation)","SuperFastMode"],"gold_per_floor":[14,29,42,56,70,70,98,111,158,158,158,192,192,210,210,210,210],"floor_reached":16,"language":"KOR","playtime":662,"items_purged":[],"score":137,"play_id":"98ab926b-9f68-4127-a55c-b9e2f8b830d7","local_time":"20210215221007","is_ascension_mode":true,"campfire_choices":[{"data":"Armaments","floor":6,"key":"SMITH"},{"data":"Seeing Red","floor":11,"key":"SMITH"},{"data":"Iron Wave","floor":15,"key":"SMITH"}],"circlet_count":0,"master_deck":["Strike_R","Strike_R","Strike_R","Strike_R","Defend_R","Defend_R","Defend_R","Bash","Reaper","Iron Wave+1","Armaments+1","Exhume","Shrug It Off","Seeing Red+1","Ghostly Armor"],"relics":["Burning Blood","Anchor","Centennial Puzzle","Oddly Smooth Stone"],"acts_visited":["Exordium"],"potions_floor_usage":[5,5,16],"damage_taken":[{"damage":1,"enemies":"Cultist","floor":1,"turns":3},{"damage":13,"enemies":"Small Slimes","floor":2,"turns":4},{"damage":0,"enemies":"2 Louse","floor":3,"turns":3},{"damage":26,"enemies":"Exordium Thugs","floor":4,"turns":7},{"damage":15,"enemies":"Gremlin Gang","floor":5,"turns":3},{"damage":41,"enemies":"3 Sentries","floor":7,"turns":13},{"damage":0,"enemies":"Exordium Wildlife","floor":8,"turns":3},{"damage":22,"enemies":"Gremlin Nob","floor":12,"turns":5},{"damage":5,"enemies":"Looter","floor":14,"turns":4},{"damage":57,"enemies":"The Guardian","floor":16,"turns":8}],"seed_played":"4696077447099847337","potions_obtained":[{"floor":2,"key":"ColorlessPotion"},{"floor":4,"key":"Dexterity Potion"},{"floor":12,"key":"DuplicationPotion"}],"is_trial":false,"path_per_floor":["M","M","M","M","M","R","E","M","T","?","R","E","?","M","R","B"],"character_chosen":"IRONCLAD","items_purchased":[],"campfire_rested":0,"item_purchase_floors":[],"current_hp_per_floor":[80,78,80,64,55,55,36,50,50,43,43,33,33,38,38,0,0],"gold":210,"neow_bonus":"THREE_RARE_CARDS","is_daily":false,"chose_seed":false,"campfire_upgraded":3,"win_rate":0.0,"timestamp":1613394607,"path_taken":["M","M","M","?","M","R","E","M","T","?","R","E","?","M","R","BOSS"],"items_purchased_type":[],"build_version":"2020-12-22","purchased_purges":0,"victory":false,"max_hp_per_floor":[80,80,80,80,80,80,80,80,80,80,80,80,80,80,80,80,80],"card_choices":[{"not_picked":["Berserk","Juggernaut"],"picked":"Reaper","floor":0},{"not_picked":["Perfected Strike","Twin Strike"],"picked":"Iron Wave","floor":1},{"not_picked":["Heavy Blade","Body Slam"],"picked":"Armaments","floor":2},{"not_picked":["Headbutt","Heavy Blade"],"picked":"Exhume","floor":3},{"not_picked":["Body Slam","Heavy Blade","Clothesline"],"picked":"SKIP","floor":4},{"not_picked":["Intimidate","Thunderclap"],"picked":"Shrug It Off","floor":5},{"not_picked":["Cleave","Wild Strike"],"picked":"Seeing Red","floor":7},{"not_picked":["Havoc","Whirlwind","Uppercut"],"picked":"SKIP","floor":8},{"not_picked":["Blood for Blood","Intimidate","Clash"],"picked":"SKIP","floor":12},{"not_picked":["Immolate","Armaments"],"picked":"Ghostly Armor","floor":14}],"player_experience":75757,"relics_obtained":[{"floor":7,"key":"Anchor"},{"floor":9,"key":"Centennial Puzzle"},{"floor":12,"key":"Oddly Smooth Stone"}],"event_choices":[{"cards_removed":["Defend_R"],"damage_healed":0,"gold_gain":0,"player_choice":"Card Removal","damage_taken":7,"max_hp_gain":0,"max_hp_loss":0,"event_name":"Golden Wing","floor":10,"gold_loss":0},{"cards_removed":["Strike_R"],"damage_healed":0,"gold_gain":0,"player_choice":"Forget","damage_taken":0,"max_hp_gain":0,"max_hp_loss":0,"event_name":"Living Wall","floor":13,"gold_loss":0}],"is_beta":false,"boss_relics":[],"items_purged_floors":[],"is_endless":false,"potions_floor_spawned":[2,4,12],"killed_by":"The Guardian","ascension_level":4}}