{"host":"l2dnabsh5e0fsksb","time":1613367876,"event":{"mods":["2.2 Compatiblity","BaseMod","Downfall","Minty Spire (QoL Compilation)","Quick Restart","StSLib"],"gold_per_floor":[99,113,125,143,154,54,54,54,54,54,73,90,90,101,117,218,218,118,137,153,169,169,169,169,200,200,200,219,219,219,129,149,253,253,253,271,326,339,63,113,138,138,13,28,43,120,151,51,67,67,67,99,7,7,7,7,7],"floor_reached":55,"language":"ENG","playtime":3019,"items_purged":["downfall:Haunted","hexamod:Strike","hexamod:Strike"],"score":939,"play_id":"329730e4-110f-438b-b044-4d9360485006","local_time":"20210215161436","is_ascension_mode":true,"campfire_choices":[{"floor":1.0,"key":"RECALL"},{"data":"hexamod:RainOfEmbers","floor":6.0,"key":"SMITH"},{"data":"hexamod:Sear","floor":8.0,"key":"SMITH"},{"data":"hexamod:VolcanoVisage","floor":18.0,"key":"SMITH"},{"data":"hexamod:TimeOfNeed","floor":27,"key":"SMITH"},{"floor":30,"key":"REST"},{"data":"hexamod:Incineration","floor":35,"key":"SMITH"},{"data":"hexamod:RadiantFlame","floor":42,"key":"SMITH"},{"floor":48,"key":"REST"},{"floor":54,"key":"REST"}],"circlet_count":0,"master_deck":["hexamod:Strike+1","hexamod:Strike","hexamod:Defend","hexamod:Defend","hexamod:Defend","hexamod:Sear+1","hexamod:Float","hexamod:PowerFromBeyond","hexamod:ChargedBarrage","hexamod:RainOfEmbers+1","hexamod:SpectersWail","hexamod:NightmareGuise","hexamod:RadiantFlame+1","hexamod:ThermalTransfer","hexamod:Incineration+1","hexamod:VolcanoVisage+1","hexamod:ShieldOfDarkness+1","hexamod:Firestarter+1","hexamod:FlamesFromBeyond+1","hexamod:TimeOfNeed+1","hexamod:PhantomCloak+1","hexamod:ThermalTransfer","hexamod:SwordOfDarkness+1","hexamod:ApocalypseNow","hexamod:SkipABeat+1","hexamod:Firestarter+1","hexamod:SpectersWail+1","hexamod:FlamesFromBeyond+1","hexamod:NightmareGuise+1","hexamod:EmpoweredFlame+1","hexamod:AdvancingGuard+1","hexamod:RadiantFlame"],"relics":["hexamod:SpiritBrand","Bronze Scales","downfall:HeartBlessingRed","downfall:ShatteredFragment","expansioncontent:StudyCardRelic","downfall:HeartBlessingBlue","Du-Vu Doll","Anchor","Bird Faced Urn","Busted Crown","WingedGreaves","Pear","Bottled Tornado","Turnip","Bag of Preparation","Toxic Egg 2","Whetstone","downfall:HeartBlessingGreen","Centennial Puzzle"],"acts_visited":["Exordium","TheCity","TheBeyond","TheEnding"],"potions_floor_usage":[19,37,50,52,55],"damage_taken":[{"damage":0.0,"enemies":"2 Louse","floor":2.0,"turns":3.0},{"damage":0.0,"enemies":"Small Slimes","floor":3.0,"turns":3.0},{"damage":0.0,"enemies":"Cultist","floor":4.0,"turns":3.0},{"damage":16.0,"enemies":"Large Slime","floor":5.0,"turns":3.0},{"damage":3.0,"enemies":"Exordium Thugs","floor":11.0,"turns":3.0},{"damage":0.0,"enemies":"2 Fungi Beasts","floor":12.0,"turns":2.0},{"damage":0.0,"enemies":"Blue Slaver","floor":14.0,"turns":3.0},{"damage":2.0,"enemies":"Large Slime","floor":15.0,"turns":3.0},{"damage":15.0,"enemies":"SI_SHIV_ARCHETYPE","floor":16.0,"turns":4.0},{"damage":0,"enemies":"Shell Parasite","floor":19,"turns":3},{"damage":3,"enemies":"downfall:LooterAlt2","floor":20,"turns":2},{"damage":16,"enemies":"Snake Plant","floor":21,"turns":3},{"damage":0,"enemies":"Book of Stabbing","floor":25,"turns":3},{"damage":8,"enemies":"Centurion and Healer","floor":28,"turns":3},{"damage":0,"enemies":"downfall:FleeingMerchant","floor":31,"turns":4},{"damage":0,"enemies":"Cultist and Chosen","floor":32,"turns":3},{"damage":20,"enemies":"WA_ARCHETYPE_CALM","floor":33,"turns":7},{"damage":0,"enemies":"Orb Walker","floor":36,"turns":2},{"damage":2,"enemies":"2 Orb Walkers","floor":37,"turns":4},{"damage":0,"enemies":"3 Shapes","floor":38,"turns":3},{"damage":0,"enemies":"downfall:FleeingMerchant","floor":39,"turns":3},{"damage":6,"enemies":"downfall:FleeingMerchant","floor":40,"turns":5},{"damage":0,"enemies":"Spire Growth","floor":44,"turns":3},{"damage":0,"enemies":"4 Shapes","floor":45,"turns":2},{"damage":21,"enemies":"Nemesis","floor":47,"turns":5},{"damage":2,"enemies":"3 Darklings","floor":49,"turns":3},{"damage":50,"enemies":"IC_BLOCK_ARCHETYPE","floor":50,"turns":10},{"damage":40,"enemies":"downfall:CharBossMerchant","floor":52,"turns":6},{"damage":110,"enemies":"downfall:NeowBoss","floor":55,"turns":17}],"seed_played":"7225884118088064490","potions_obtained":[{"floor":4.0,"key":"Guardian:BlockOnCardUsePotion"},{"floor":5.0,"key":"BlessingOfTheForge"},{"floor":12.0,"key":"Fire Potion"},{"floor":25,"key":"BlessingOfTheForge"},{"floor":28,"key":"Slimebound:ThreeZeroPotion"},{"floor":37,"key":"Ancient Potion"},{"floor":45,"key":"DistilledChaos"}],"is_trial":false,"path_per_floor":["R","M","M","M","M","R","T","R","?","?","M","M","?","M","M","B",null,"R","M","M","M","?","?","T","E","?","R","M","?","R","$","M","B",null,"R","M","?","M","$","?","T","R","$","M","M","T","E","R","M","B",null,"E","$","R","B"],"character_chosen":"THE_SPIRIT","items_purchased":["Pear","Bottled Tornado","hexamod:AdvancingGuard+1","hexamod:RadiantFlame"],"campfire_rested":3,"item_purchase_floors":[39,39,53,53],"current_hp_per_floor":[70,70,70,70,54,54,54,54,33,33,30,30,30,30,28,13,56,66,66,63,47,47,47,47,47,47,47,45,45,69,77,80,66,77,77,80,80,80,90,90,90,90,90,90,90,90,69,90,90,41,78,50,50,77,0,0,0],"gold":7,"neow_bonus":"RANDOM_COMMON_RELIC","is_daily":false,"chose_seed":false,"campfire_upgraded":6,"win_rate":0.0,"timestamp":1613367876,"path_taken":["R","M","M","M","M","R","T","R","?","?","M","?","?","M","M","BOSS","R","M","M","M","?","?","T","E","?","R","M","?","R","$","M","BOSS","R","M","?","M","$","?","T","R","?","M","?","?","E","R","M","BOSS","E","$","R","BOSS"],"items_purchased_type":["Relic","Relic","Card","Card"],"build_version":"2020-12-22","purchased_purges":3,"victory":false,"max_hp_per_floor":[70,70,70,70,70,70,70,70,70,70,70,70,70,70,70,70,70,80,80,80,80,80,80,80,80,80,80,80,80,80,80,80,80,80,80,80,80,80,90,90,90,90,90,90,90,90,90,90,90,90,90,90,90,90,90,90,90],"card_choices":[{"not_picked":["hexamod:GhostShield","hexamod:HeatShield"],"picked":"hexamod:PowerFromBeyond","floor":2.0},{"not_picked":["hexamod:GhostOfSpirePast","hexamod:RetreatToShadows","hexamod:Haunt"],"picked":"SKIP","floor":3.0},{"not_picked":["hexamod:HeatCrush","hexamod:GhostShield"],"picked":"hexamod:ChargedBarrage","floor":4.0},{"not_picked":["hexamod:CatchUp","hexamod:Rewind"],"picked":"hexamod:RainOfEmbers","floor":5.0},{"not_picked":["hexamod:ThirdSeal","hexamod:Again"],"picked":"hexamod:SpectersWail","floor":11.0},{"not_picked":["hexamod:NecessarySacrifice","hexamod:NightmareStrike"],"picked":"hexamod:NightmareGuise","floor":12.0},{"not_picked":["hexamod:CatchUp","hexamod:GhostOfSpirePast"],"picked":"hexamod:ThermalTransfer","floor":14.0},{"not_picked":["hexamod:SpectralSpark","hexamod:StepThrough"],"picked":"hexamod:Incineration","floor":15.0},{"not_picked":["hexamod:GhostOfSpirePresent","hexamod:WildfireWeapon"],"picked":"hexamod:VolcanoVisage","floor":16.0},{"not_picked":["hexamod:PowerFromBeyond","hexamod:RainOfEmbers"],"picked":"hexamod:ShieldOfDarkness+1","floor":19},{"not_picked":["hexamod:SpectersWail","hexamod:NightmareStrike"],"picked":"hexamod:Firestarter+1","floor":20},{"not_picked":["hexamod:HeatMetal","hexamod:SpectersWail"],"picked":"hexamod:FlamesFromBeyond+1","floor":21},{"not_picked":["hexamod:Firestarter","hexamod:AdvancingGuard"],"picked":"hexamod:TimeOfNeed","floor":25},{"not_picked":["hexamod:SpectralSpark","hexamod:NightmareGuise+1"],"picked":"hexamod:PhantomCloak+1","floor":28},{"not_picked":["hexamod:AdvancingGuard","hexamod:NightmareStrike"],"picked":"hexamod:ThermalTransfer","floor":31},{"not_picked":["hexamod:BurningTouch","hexamod:Again+1"],"picked":"hexamod:SwordOfDarkness","floor":32},{"not_picked":["hexamod:WildfireWeapon","hexamod:ApocalypticArmor"],"picked":"hexamod:ApocalypseNow","floor":33},{"not_picked":[],"picked":"hexamod:SkipABeat+1","floor":36},{"not_picked":["hexamod:CatchUp+1"],"picked":"SKIP","floor":38},{"not_picked":[],"picked":"hexamod:Firestarter+1","floor":39},{"not_picked":[],"picked":"hexamod:SpectersWail+1","floor":44},{"not_picked":["hexamod:Again"],"picked":"SKIP","floor":45},{"not_picked":[],"picked":"hexamod:FlamesFromBeyond+1","floor":47},{"not_picked":[],"picked":"hexamod:NightmareGuise+1","floor":49},{"not_picked":[],"picked":"hexamod:EmpoweredFlame+1","floor":52}],"player_experience":1933611,"relics_obtained":[{"floor":24,"key":"Anchor"},{"floor":25,"key":"Bird Faced Urn"},{"floor":37,"key":"WingedGreaves"},{"floor":40,"key":"Turnip"},{"floor":41,"key":"Bag of Preparation"},{"floor":46,"key":"Toxic Egg 2"},{"floor":47,"key":"Whetstone"},{"floor":52,"key":"Centennial Puzzle"}],"event_choices":[{"cards_removed":["hexamod:Defend"],"damage_healed":0.0,"max_hp_gain":0.0,"max_hp_loss":0.0,"gold_gain":0.0,"event_name":"Bonfire Elementals","player_choice":"Offered Basic","floor":10.0,"gold_loss":0.0,"damage_taken":0.0},{"damage_healed":0,"gold_gain":0,"player_choice":"Fight","damage_taken":0,"max_hp_gain":0,"max_hp_loss":0,"event_name":"Mysterious Sphere","floor":37,"gold_loss":0}],"is_beta":false,"boss_relics":[{"not_picked":["Fusion Hammer","hexamod:IceCube"],"picked":"expansioncontent:StudyCardRelic"},{"not_picked":["Snecko Eye","Tiny House"],"picked":"Busted Crown"}],"items_purged_floors":[31,39,43],"is_endless":false,"potions_floor_spawned":[4,5,12,15,25,28,32,33,36,37,40,45],"killed_by":"downfall:NeowBoss","ascension_level":5}}