{"host":"fortuna","time":1613404569,"event":{"mods":["100% Spire Juice","Act Like it!","BaseMod","CapriCore","Gensokyo","Hallownest","Koishi","Minty Spire (QoL Compilation)","MostiFishMod","Reimu£®≤©¿ˆ¡È√Œ£©","Relic Stats","StSLib","The Alterego","The Animator","The Bug Knight","The Immortal","The Senshi","Waifu the Spire","Yakumo Yukari mod"],"gold_per_floor":[115,115,115,190,190,190,218,218,218,247,260,287,306,326,326,427,427,443,443,475,247,247,247,274,290,290,304,304,322,347,347,347,442,442,454,471,482,19,19,19],"floor_reached":39,"language":"ZHS","playtime":2055,"items_purged":["theSenshi:SailorKick","theSenshi:SailorKick"],"score":587,"play_id":"ee686f18-4d8f-41dc-81a2-b0f4a7103639","local_time":"20210215235609","is_ascension_mode":false,"campfire_choices":[{"data":"theSenshi:MoonPrismPowerMakeUp","floor":6.0,"key":"SMITH"},{"data":"theSenshi:MoonTiaraMagic","floor":8.0,"key":"SMITH"},{"data":"theSenshi:SilverMoonCrystalPowerKiss","floor":15.0,"key":"SMITH"},{"data":"theSenshi:MoonCrystalPowerMakeUp","floor":23.0,"key":"SMITH"},{"data":"theSenshi:SailorCosmosAssists","floor":28.0,"key":"SMITH"},{"data":"theSenshi:EncouragingSpeech","floor":32.0,"key":"SMITH"}],"circlet_count":0,"master_deck":["theSenshi:SailorKick","theSenshi:SailorBlock","theSenshi:SailorBlock+1","theSenshi:SailorBlock","theSenshi:SailorBlock+1","theSenshi:RoseThrow","theSenshi:MoonPrismPowerMakeUp+1","theSenshi:MoonTiaraMagic+1","theSenshi:SailorStarMakerAssists+1","theSenshi:MoonTiaraMagic","theSenshi:MoonCrystalPowerMakeUp+1","theSenshi:EncouragingSpeech+1","theSenshi:MoonsReflection","theSenshi:SilverMoonCrystalPowerKiss+1","theSenshi:MoonCrisisMakeUp+1","theSenshi:StudyParty+1","theSenshi:LateForSchool+1","theSenshi:MoonHealingEscalation","theSenshi:SailorMercuryAssists","theSenshi:SailorCosmosAssists+1","theSenshi:MoonCrystalPowerMakeUp+1","theSenshi:SailorChibiMoonAssists+1","theSenshi:SilverMoonCrystalPowerKiss","theSenshi:MoonTiaraMagic+1","theSenshi:LateForSchool+1","theSenshi:LateForSchool+1","theSenshi:FatedKiss"],"relics":["theSenshi:TransformationBroochRelic","DaveBox","NeowsBlessing","SynthV:TestCard","DianDianMeat","MealTicket","BionicSphere","CaptainsWheel","HollowMod:QueensCombRelic","Philosopher\u0027s Stone","MutagenicStrength","Red Mask","Technique","Boot","Meat on the Bone","theSenshi:EternalTiareRelic","Black Star","Prayer Wheel"],"acts_visited":["Exordium","TheCity","TheBeyond"],"potions_floor_usage":[39,39,39,39],"damage_taken":[{"damage":0.0,"enemies":"2 Louse","floor":1.0,"turns":1.0},{"damage":0.0,"enemies":"Lagavulin","floor":7.0,"turns":1.0},{"damage":0.0,"enemies":"3 Sentries","floor":10.0,"turns":1.0},{"damage":0.0,"enemies":"Small Slimes","floor":11.0,"turns":3.0},{"damage":10.0,"enemies":"Lagavulin","floor":12.0,"turns":6.0},{"damage":0.0,"enemies":"Cultist","floor":13.0,"turns":4.0},{"damage":8.0,"enemies":"Blue Slaver","floor":14.0,"turns":5.0},{"damage":15.0,"enemies":"The Guardian","floor":16.0,"turns":9.0},{"damage":0.0,"enemies":"Chosen","floor":18.0,"turns":4.0},{"damage":10.0,"enemies":"Masked Bandits","floor":20.0,"turns":3.0},{"damage":14.0,"enemies":"HollowMod:Nosk","floor":24.0,"turns":6.0},{"damage":11.0,"enemies":"Spheric Guardian","floor":25.0,"turns":4.0},{"damage":0.0,"enemies":"Chosen and Byrds","floor":27.0,"turns":4.0},{"damage":0.0,"enemies":"Snake Plant","floor":29.0,"turns":5.0},{"damage":0.0,"enemies":"Gremlin Leader","floor":30.0,"turns":5.0},{"damage":10.0,"enemies":"Automaton","floor":33.0,"turns":6.0},{"damage":3.0,"enemies":"3 Darklings","floor":35.0,"turns":5.0},{"damage":8.0,"enemies":"Orb Walker","floor":36.0,"turns":4.0},{"damage":16.0,"enemies":"Sphere and 2 Shapes","floor":37.0,"turns":3.0},{"damage":13,"enemies":"Sphere and 2 Shapes","floor":39,"turns":7}],"seed_played":"3293470677715366084","potions_obtained":[{"floor":7.0,"key":"PanachePotion"},{"floor":10.0,"key":"SmokeBomb"},{"floor":11.0,"key":"SkillPotion"},{"floor":24.0,"key":"SpeedPotion"},{"floor":30.0,"key":"PowerPotion"},{"floor":31.0,"key":"EntropicBrew"},{"floor":31.0,"key":"CultistPotion"},{"floor":37.0,"key":"Regen Potion"}],"is_trial":false,"path_per_floor":["M","?","?","?","?","R","E","R","T","E","M","E","M","M","R","B",null,"M","?","?","$","?","R","E","M","T","M","R","M","E","?","R","B",null,"M","M","M","$","?"],"character_chosen":"THE_SENSHI","items_purchased":["Technique","theSenshi:FatedKiss","Prayer Wheel"],"campfire_rested":0,"item_purchase_floors":[21,38,38],"current_hp_per_floor":[75,60,61,50,50,50,52,52,52,55,59,54,67,66,66,67,82,91,91,81,91,91,91,87,95,95,123,123,137,151,151,151,161,166,179,191,201,235,203,203],"gold":19,"neow_bonus":"THREE_ENEMY_KILL","is_daily":false,"chose_seed":false,"campfire_upgraded":6,"win_rate":0.0,"timestamp":1613404569,"path_taken":["M","?","?","?","?","R","E","R","T","E","M","E","M","?","R","BOSS","M","?","?","$","?","R","E","M","T","M","R","M","E","?","R","BOSS","M","M","?","$","?"],"items_purchased_type":["Relic","Card","Relic"],"build_version":"2020-12-18","purchased_purges":2,"victory":false,"max_hp_per_floor":[75,75,76,76,76,76,78,78,78,81,85,61,67,74,74,82,82,91,91,91,91,91,91,101,112,112,124,124,137,151,151,151,166,166,182,199,217,236,236,236],"relic_stats":{"counters":[20,86],"MealTicket":25,"Prayer Wheel":0,"Black Star":0,"Boot":[1],"obtain_stats":[{"DianDianMeat":1,"HollowMod:QueensCombRelic":12,"DaveBox":0,"NeowsBlessing":0,"Boot":22,"CaptainsWheel":10,"theSenshi:TransformationBroochRelic":0,"SynthV:TestCard":1,"BionicSphere":9,"MutagenicStrength":19,"MealTicket":7,"Philosopher\u0027s Stone":17,"Prayer Wheel":38,"Red Mask":20,"Black Star":34,"Technique":21,"theSenshi:EternalTiareRelic":30,"Meat on the Bone":24},{"DianDianMeat":1,"HollowMod:QueensCombRelic":5,"DaveBox":0,"NeowsBlessing":0,"Boot":10,"CaptainsWheel":3,"theSenshi:TransformationBroochRelic":0,"SynthV:TestCard":1,"BionicSphere":2,"MutagenicStrength":9,"MealTicket":2,"Philosopher\u0027s Stone":8,"Prayer Wheel":19,"Red Mask":10,"Black Star":16,"Technique":10,"theSenshi:EternalTiareRelic":15,"Meat on the Bone":11},{"DianDianMeat":1,"HollowMod:QueensCombRelic":12,"DaveBox":0,"NeowsBlessing":0,"Boot":37,"CaptainsWheel":3,"theSenshi:TransformationBroochRelic":0,"SynthV:TestCard":1,"BionicSphere":2,"MutagenicStrength":34,"MealTicket":2,"Philosopher\u0027s Stone":30,"Prayer Wheel":79,"Red Mask":37,"Black Star":67,"Technique":37,"theSenshi:EternalTiareRelic":61,"Meat on the Bone":43}],"Meat on the Bone":0},"card_choices":[{"not_picked":["theSenshi:EncouragingSpeech","theSenshi:SailorStarFighterAssists"],"picked":"theSenshi:MoonTiaraMagic","floor":1.0},{"not_picked":["theSenshi:LunasBite","theSenshi:HesSoDreamy","theSenshi:TuxedoMaskAssists","theSenshi:FatedKiss"],"picked":"theSenshi:MoonTiaraMagic","floor":7.0},{"not_picked":["theSenshi:TuxedoMaskAssists","theSenshi:MoonPrincessHalation","theSenshi:NeptunesGrace","theSenshi:InTheNickOfTime"],"picked":"theSenshi:MoonCrystalPowerMakeUp","floor":10.0},{"not_picked":["theSenshi:OdangoHead","theSenshi:VenusGlamour","theSenshi:MoonTiaraMagic","theSenshi:TuxedoSmokingBomber"],"picked":"theSenshi:EncouragingSpeech","floor":11.0},{"not_picked":["theSenshi:SupersonicWaves","theSenshi:SchoolBag","theSenshi:MoonPrincessHalation","theSenshi:SailorUranusAssists"],"picked":"theSenshi:MoonsReflection","floor":12.0},{"not_picked":["theSenshi:MercurysCunning","theSenshi:PlutosSolemnity","theSenshi:SailorStarFighterAssists","theSenshi:NeptunesGrace"],"picked":"theSenshi:SilverMoonCrystalPowerKiss","floor":13.0},{"not_picked":["theSenshi:SailorStarMakerAssists","theSenshi:SupersonicWaves","theSenshi:MoonHealingEscalation","theSenshi:SailorMarsAssists"],"picked":"theSenshi:MoonCrisisMakeUp","floor":14.0},{"not_picked":["theSenshi:ChibiMoonsLove","theSenshi:SilverMoonCrystalPowerKiss","theSenshi:InTheNameOfTheMoon","theSenshi:SailorPlutoAssists"],"picked":"theSenshi:StudyParty","floor":16.0},{"not_picked":["theSenshi:MoonPunch","theSenshi:CrisisMakeUp","theSenshi:TuxedoSmokingBomber","theSenshi:SailorPlanetPower"],"picked":"theSenshi:LateForSchool+1","floor":18.0},{"not_picked":["theSenshi:InTheNickOfTime","theSenshi:Sidestep","theSenshi:SailorVenusAssists","theSenshi:TuxedoMaskAssists+1"],"picked":"theSenshi:MoonHealingEscalation","floor":24.0},{"not_picked":["theSenshi:CrisisMakeUp","theSenshi:EncouragingSpeech","theSenshi:MoonCrisisMakeUp","theSenshi:VenusGlamour"],"picked":"theSenshi:SailorMercuryAssists","floor":25.0},{"not_picked":["theSenshi:SailorMarsAssists","theSenshi:SupersonicWaves","theSenshi:GatheringStrength","theSenshi:KlutzyLuck+1"],"picked":"theSenshi:SailorCosmosAssists","floor":27.0},{"not_picked":["theSenshi:SailorUranusAssists+1","theSenshi:LateForSchool+1","theSenshi:VenusGlamour","theSenshi:MoonPunch"],"picked":"theSenshi:MoonCrystalPowerMakeUp+1","floor":29.0},{"not_picked":["theSenshi:MoonTiaraMagic","theSenshi:MoonTwilightFlash","theSenshi:TuxedoMaskAssists","theSenshi:MoonsReflection+1"],"picked":"theSenshi:SailorChibiMoonAssists+1","floor":30.0},{"not_picked":["theSenshi:SailorPlutoAssists","theSenshi:FatedKiss","theSenshi:LunaSensingAllies","theSenshi:IWillPunishYou"],"picked":"theSenshi:SilverMoonCrystalPowerKiss","floor":33.0},{"not_picked":["theSenshi:GatheringStrength","theSenshi:SailorChibiMoonAssists","theSenshi:SailorNeptuneAssists+1","theSenshi:LateForSchool"],"picked":"theSenshi:MoonTiaraMagic+1","floor":35.0},{"not_picked":["theSenshi:Sidestep","theSenshi:NeptunesGrace","theSenshi:MoonKick","theSenshi:SailorPlanetPower+1"],"picked":"theSenshi:LateForSchool+1","floor":36.0},{"not_picked":["theSenshi:SailorVenusAssists","theSenshi:RainbowMoonHeartAche+1","theSenshi:SupersonicWaves+1","theSenshi:GatheringStrength+1"],"picked":"theSenshi:LateForSchool+1","floor":37.0}],"player_experience":370366,"relics_obtained":[{"floor":1.0,"key":"SynthV:TestCard"},{"floor":7.0,"key":"MealTicket"},{"floor":9.0,"key":"BionicSphere"},{"floor":10.0,"key":"CaptainsWheel"},{"floor":12.0,"key":"HollowMod:QueensCombRelic"},{"floor":20.0,"key":"Red Mask"},{"floor":24.0,"key":"Meat on the Bone"},{"floor":30.0,"key":"theSenshi:EternalTiareRelic"}],"event_choices":[{"damage_healed":0.0,"max_hp_gain":0.0,"max_hp_loss":0.0,"gold_gain":0.0,"event_name":"Shining Light","player_choice":"Entered Light","floor":2.0,"gold_loss":0.0,"damage_taken":15.0,"cards_upgraded":["theSenshi:SailorBlock","theSenshi:SailorBlock"]},{"damage_healed":0.0,"max_hp_gain":0.0,"max_hp_loss":0.0,"gold_gain":0.0,"cards_transformed":["theSenshi:SailorKick"],"event_name":"Living Wall","player_choice":"Change","floor":3.0,"gold_loss":0.0,"damage_taken":0.0,"cards_obtained":["theSenshi:SailorStarMakerAssists"]},{"damage_healed":0.0,"max_hp_gain":0.0,"max_hp_loss":0.0,"gold_gain":75.0,"event_name":"World of Goop","player_choice":"Gather Gold","floor":4.0,"gold_loss":0.0,"damage_taken":11.0},{"damage_healed":0.0,"max_hp_gain":0.0,"max_hp_loss":0.0,"gold_gain":0.0,"event_name":"Accursed Blacksmith","player_choice":"Forge","floor":5.0,"gold_loss":0.0,"damage_taken":0.0,"cards_upgraded":["theSenshi:SailorStarMakerAssists"]},{"damage_healed":0.0,"max_hp_gain":0.0,"max_hp_loss":0.0,"gold_gain":0.0,"event_name":"Drug Dealer","player_choice":"Inject Mutagens","floor":19.0,"gold_loss":0.0,"damage_taken":0.0,"relics_obtained":["MutagenicStrength"]},{"damage_healed":0.0,"max_hp_gain":0.0,"max_hp_loss":0.0,"gold_gain":0.0,"event_name":"Masked Bandits","player_choice":"Fought Bandits","floor":20.0,"gold_loss":0.0,"damage_taken":0.0},{"damage_healed":0.0,"max_hp_gain":0.0,"max_hp_loss":0.0,"gold_gain":0.0,"event_name":"The Mausoleum","player_choice":"Opened","floor":22.0,"gold_loss":0.0,"damage_taken":0.0,"relics_obtained":["Boot"]},{"damage_healed":0.0,"max_hp_gain":0.0,"max_hp_loss":0.0,"gold_gain":0.0,"event_name":"Lab","player_choice":"Got Potions","floor":31.0,"gold_loss":0.0,"damage_taken":0.0}],"is_beta":true,"boss_relics":[{"not_picked":["PatriotShield","Runic Pyramid"],"picked":"Philosopher\u0027s Stone"},{"not_picked":["SacredBark","RhineCircuit"],"picked":"Black Star"}],"items_purged_floors":[21,38],"is_endless":false,"potions_floor_spawned":[7,10,11,13,24,30,37],"killed_by":"Sphere and 2 Shapes","ascension_level":0}}