{"host":"fbtt2xdrd49xyqed","time":1613363877,"event":{"mods":["Act Like it!","BaseMod","Gensokyo","Koishi","Marisa£®ÏF”Í°°ƒß¿Ì…≥£©","Minty Spire (QoL Compilation)","Remilia£®¿Ÿ√◊¿Ú—«£©","StSLib","The Servant 0.9.4"],"gold_per_floor":[117,134,234,247,263,289,307,307,307,307,319,94,113,440,440,544,544,558,558,578,578,598,633,633,647,674,84,70,70,70,81,81,81,81],"floor_reached":33,"language":"ZHS","playtime":2169,"items_purged":[],"score":327,"play_id":"58527862-1bfe-4e4c-972e-12c8a1d0da77","local_time":"20210215123757","is_ascension_mode":true,"campfire_choices":[{"floor":8.0,"key":"REST"},{"data":"Koishi:TerrifyingSpectre","floor":10.0,"key":"SMITH"},{"floor":15,"key":"REST"},{"data":"Koishi:HeartStoppingHorror","floor":24,"key":"SMITH"},{"data":"Koishi:MindStellarRelief","floor":30,"key":"SMITH"},{"data":"Koishi:RoseHell","floor":32,"key":"SMITH"}],"circlet_count":0,"master_deck":["Koishi:BasicStrike","Koishi:BasicStrike","Koishi:BasicStrike","Koishi:BasicDefend","Koishi:BasicDefend","Koishi:BasicDefend","Koishi:BasicDefend","Koishi:Provoke","Koishi:HauntingSlash+1","Koishi:RoseHell+1","Koishi:PredatoryInstincts","Koishi:TerrifyingSpectre+1","Koishi:DNAsFlaw","Koishi:MindStellarRelief+1","Koishi:HeartStoppingHorror+1","Koishi:UnseenTerror","Koishi:JumpScare","Gensokyo:TarnishedGold","Gensokyo:BlemishedSteel","Koishi:RuptureMind"],"relics":["Koishi:ImaginaryFriend","TheAbacus","Ancient Tea Set","Anchor","Runic Pyramid","Pantograph","InkBottle","Centennial Puzzle","Chemical X","Frozen Eye","Orrery","Gensokyo:RedStar","Juzu Bracelet"],"acts_visited":["Gensokyo:Gensokyo","Gensokyo:Gensokyoer"],"potions_floor_usage":[14,14,23,31,33],"damage_taken":[{"damage":0.0,"enemies":"Gensokyo:Python","floor":1.0,"turns":5.0},{"damage":7.0,"enemies":"Gensokyo:2_Kodama","floor":2.0,"turns":5.0},{"damage":0.0,"enemies":"Gensokyo:3_Fairies","floor":4.0,"turns":4.0},{"damage":17.0,"enemies":"Gensokyo:3_Kodama","floor":5.0,"turns":4.0},{"damage":28.0,"enemies":"Gensokyo:Cirno","floor":6.0,"turns":6.0},{"damage":23.0,"enemies":"Gensokyo:5_Fairies","floor":7.0,"turns":5.0},{"damage":31.0,"enemies":"Gensokyo:Python_and_Kodama","floor":11.0,"turns":8.0},{"damage":8.0,"enemies":"Gensokyo:VengefulSpirit","floor":13.0,"turns":7.0},{"damage":15,"enemies":"Gensokyo:Mamizou","floor":14,"turns":13},{"damage":6,"enemies":"Gensokyo:Reimu","floor":16,"turns":8},{"damage":15,"enemies":"Gensokyo:2_Gloops","floor":18,"turns":7},{"damage":16,"enemies":"Gensokyo:CosmicMonolith","floor":20,"turns":6},{"damage":19,"enemies":"Gensokyo:Mirror_and_Dog","floor":22,"turns":7},{"damage":34,"enemies":"Gensokyo:Reisen","floor":23,"turns":8},{"damage":33,"enemies":"Gensokyo:3_Gloops","floor":25,"turns":5},{"damage":10,"enemies":"Gensokyo:Wraith","floor":31,"turns":5},{"damage":49,"enemies":"Gensokyo:Kaguya","floor":33,"turns":7}],"seed_played":"-3353889195400050437","potions_obtained":[{"floor":5.0,"key":"PowerPotion"},{"floor":6.0,"key":"Strength Potion"},{"floor":7.0,"key":"Block Potion"},{"floor":11.0,"key":"SteroidPotion"},{"floor":18,"key":"FearPotion"},{"floor":20,"key":"Regen Potion"},{"floor":23,"key":"Weak Potion"}],"is_trial":false,"path_per_floor":["M","M","?","M","M","E","M","R","T","R","M","COS","M","E","R","B",null,"M","?","M","?","M","E","R","M","T","COS","?","?","R","M","R","B"],"character_chosen":"KOISHI","items_purchased":[],"campfire_rested":2,"item_purchase_floors":[],"current_hp_per_floor":[60,57,57,57,40,16,13,31,31,31,14,14,16,11,29,55,60,57,56,50,50,45,44,44,27,27,27,44,44,44,42,42,0,0],"gold":81,"neow_bonus":"UPGRADE_CARD","is_daily":false,"chose_seed":false,"campfire_upgraded":4,"win_rate":0.0,"timestamp":1613363877,"path_taken":["M","?","?","?","M","E","M","R","T","R","M","COS","M","E","R","BOSS","M","?","?","?","M","E","R","M","T","COS","?","?","R","M","R","BOSS"],"items_purchased_type":[],"build_version":"2020-12-22","purchased_purges":0,"victory":false,"max_hp_per_floor":[60,60,60,60,60,60,60,60,60,60,60,60,60,60,60,60,60,60,56,56,56,56,56,56,56,56,56,56,56,56,56,56,28,28],"card_choices":[{"not_picked":["Koishi:DreadfulBlow","Koishi:ParalyzingFear","Koishi:FourthEye"],"picked":"SKIP","floor":1.0},{"not_picked":["Koishi:CatchAndRose","Koishi:VengefulSpirit"],"picked":"Koishi:RoseHell","floor":2.0},{"not_picked":["Koishi:Whimsy","Koishi:ReflexRadar","Koishi:IdleWhim"],"picked":"SKIP","floor":4.0},{"not_picked":["Koishi:SubterraneanRose","Koishi:PhantomBarrier","Koishi:BramblyRoseGarden"],"picked":"SKIP","floor":5.0},{"not_picked":["Koishi:SubconsciousSweep","Koishi:FleetingPhantom"],"picked":"Koishi:PredatoryInstincts","floor":6.0},{"not_picked":["Koishi:StingingMind","Koishi:HeartAttack"],"picked":"Koishi:TerrifyingSpectre","floor":7.0},{"not_picked":["Koishi:DreadfulBlow","Koishi:UnconsciousUprising"],"picked":"Koishi:DNAsFlaw","floor":11.0},{"not_picked":["Koishi:LastRemote","Koishi:ReflexRadar","Koishi:SubconsciousSweep"],"picked":"SKIP","floor":13.0},{"not_picked":["Koishi:TremblingHands","Koishi:PhantomBarrier"],"picked":"Koishi:MindStellarRelief","floor":14},{"not_picked":["Koishi:MentalBreakdown","Koishi:PerfectMindControl"],"picked":"Koishi:HeartStoppingHorror","floor":16},{"not_picked":["Koishi:EmbryosDream","Koishi:BloodcurdlingScream+1"],"picked":"Koishi:UnseenTerror","floor":18},{"not_picked":["Koishi:PhantomBarrier","Koishi:ParalyzingFear"],"picked":"Koishi:JumpScare","floor":20},{"not_picked":["Koishi:BloodcurdlingScream","Koishi:SpiritedAway","Koishi:UnconsciousUprising"],"picked":"SKIP","floor":22},{"not_picked":["Koishi:BloodcurdlingScream","Koishi:SpiritedAway","Koishi:UnconsciousUprising"],"picked":"SKIP","floor":22},{"not_picked":["Koishi:Vanish","Koishi:ApparitionsStalkTheNight+1","Koishi:UnseenTerror"],"picked":"SKIP","floor":23},{"not_picked":["Koishi:Jaunt","Koishi:Bloodlust+1","Koishi:GhostParty"],"picked":"SKIP","floor":25},{"not_picked":["Koishi:Prune+1","Koishi:PhantomStrike"],"picked":"Koishi:RuptureMind","floor":27},{"not_picked":["Koishi:ReleaseOfTheId","Koishi:SubconsciousSweep","Koishi:UnseenTerror+1"],"picked":"SKIP","floor":31}],"player_experience":752975,"relics_obtained":[{"floor":14,"key":"Anchor"},{"floor":23,"key":"InkBottle"},{"floor":26,"key":"Centennial Puzzle"}],"event_choices":[],"is_beta":false,"boss_relics":[{"not_picked":["SacredBark","Tiny House"],"picked":"Runic Pyramid"}],"items_purged_floors":[],"is_endless":false,"potions_floor_spawned":[5,6,7,11,18,20,23],"killed_by":"Gensokyo:Kaguya","ascension_level":4}}