{"host":"1dj9npbb6xcuhhm7","time":1613421006,"event":{"mods":["BaseMod","Colored Map","Colored Powertips","Downfall","Googly Eyes","Highlight Path","Marisa????????","Minty Spire (QoL Compilation)","Rare Cards Sparkle","StSLib"],"gold_per_floor":[99,111,131,131,131,166,191,203,248,273,303,332,356,149,160,256,256,256,256,256,270,23,34,61,92,92,92,92,92],"floor_reached":27,"language":"ENG","playtime":2588,"items_purged":["hexamod:Strike"],"score":267,"play_id":"a46dc416-9814-4c9f-bcdf-652f7ee6e61b","local_time":"20210215143006","is_ascension_mode":false,"campfire_choices":[{"data":"hexamod:Sear","floor":1,"key":"SMITH"},{"data":"hexamod:Firestarter","floor":8,"key":"SMITH"},{"data":"hexamod:Rewind","floor":18,"key":"SMITH"}],"circlet_count":0,"master_deck":["hexamod:Strike+1","hexamod:Strike","hexamod:Strike","hexamod:Defend+1","hexamod:Defend","hexamod:Defend","hexamod:Defend","hexamod:Sear+1","hexamod:Float","hexamod:ExtraCrispy+1","hexamod:ShieldOfDarkness","hexamod:Firestarter+1","hexamod:GhostOfSpirePast+1","hexamod:VolcanoVisage","hexamod:FastForward","hexamod:Rewind+1","hexamod:ThermalTransfer","hexamod:ExtraCrispy","hexamod:ShieldOfDarkness","hexamod:SixthSeal","hexamod:FastForward","expansioncontent:QuickStudy","hexamod:ChargedBarrage","hexamod:GhostShield+1","hexamod:GhostflameInferno"],"relics":["hexamod:SpiritBrand","StoneCalendar","Spirit Poop","MawBank","Bottled Flame","Sozu","downfall:RedIOU","Ancient Tea Set","Pear","downfall:KnowingSkull"],"acts_visited":["Exordium","TheCity"],"potions_floor_usage":[16,21,21,27],"damage_taken":[{"damage":6,"enemies":"Jaw Worm","floor":2,"turns":3},{"damage":2,"enemies":"Small Slimes","floor":3,"turns":4},{"damage":9,"enemies":"Lagavulin","floor":6,"turns":7},{"damage":16,"enemies":"3 Sentries","floor":9,"turns":7},{"damage":0,"enemies":"Cultist","floor":10,"turns":3},{"damage":0,"enemies":"2 Fungi Beasts","floor":11,"turns":4},{"damage":6,"enemies":"Large Slime","floor":12,"turns":4},{"damage":0,"enemies":"downfall:LooterAlt","floor":13,"turns":3},{"damage":0,"enemies":"downfall:FleeingMerchant","floor":14,"turns":4},{"damage":3,"enemies":"Red Slaver","floor":15,"turns":3},{"damage":17,"enemies":"WA_ARCHETYPE_RETAIN","floor":16,"turns":7},{"damage":11,"enemies":"3 Byrds","floor":21,"turns":4},{"damage":5,"enemies":"downfall:FleeingMerchant","floor":22,"turns":4},{"damage":3,"enemies":"Shell Parasite","floor":23,"turns":5},{"damage":37,"enemies":"Book of Stabbing","floor":25,"turns":6},{"damage":11,"enemies":"Chosen and Byrds","floor":27,"turns":1}],"seed_played":"-4058120281867201337","potions_obtained":[{"floor":3,"key":"Fire Potion"},{"floor":10,"key":"Strength Potion"},{"floor":13,"key":"LiquidMemories"},{"floor":16,"key":"LiquidBronze"}],"is_trial":false,"path_per_floor":["R","M","M","?","?","E","T","R","E","M","M","M","M","$","M","B",null,"R","?","?","M","$","M","T","E","?","M"],"character_chosen":"THE_SPIRIT","items_purchased":["hexamod:ThermalTransfer","hexamod:ExtraCrispy","expansioncontent:QuickStudy","hexamod:ChargedBarrage"],"campfire_rested":0,"item_purchase_floors":[14,14,22,22],"current_hp_per_floor":[77,71,69,69,69,60,60,60,44,44,44,38,38,38,35,18,77,77,63,63,52,47,44,44,17,10,0,0,0],"gold":92,"neow_bonus":"TEN_PERCENT_HP_BONUS","is_daily":false,"chose_seed":false,"campfire_upgraded":3,"win_rate":0.0,"timestamp":1613421006,"path_taken":["R","M","M","?","?","E","T","R","E","M","M","M","?","$","M","BOSS","R","?","?","M","$","M","T","E","?","?"],"items_purchased_type":["Card","Card","Card","Card"],"build_version":"2020-12-22","purchased_purges":1,"victory":false,"max_hp_per_floor":[77,77,77,77,77,77,77,77,77,77,77,77,77,77,77,77,77,77,82,82,82,82,82,82,92,92,92,92,92],"card_choices":[{"not_picked":["hexamod:GhostShield","hexamod:SwordOfDarkness"],"picked":"hexamod:ExtraCrispy","floor":2},{"not_picked":["hexamod:SwordOfDarkness","hexamod:NightmareStrike"],"picked":"hexamod:ShieldOfDarkness","floor":3},{"not_picked":["hexamod:GhostShield","hexamod:ExtraCrispy"],"picked":"hexamod:Firestarter","floor":6},{"not_picked":["hexamod:NightmareGuise","hexamod:SpectersWail"],"picked":"hexamod:GhostOfSpirePast","floor":9},{"not_picked":["hexamod:GhostOfSpireFuture","hexamod:NightmareGuise"],"picked":"hexamod:VolcanoVisage","floor":10},{"not_picked":["hexamod:GhostLash","hexamod:Firestarter","hexamod:ShieldOfDarkness"],"picked":"SKIP","floor":11},{"not_picked":["hexamod:HauntingEcho","hexamod:GhostLash","hexamod:Firestarter"],"picked":"SKIP","floor":12},{"not_picked":["hexamod:NightmareStrike","hexamod:EmpoweredFlame"],"picked":"hexamod:FastForward","floor":13},{"not_picked":["hexamod:FifthSeal","hexamod:ShieldOfDarkness"],"picked":"hexamod:Rewind","floor":14},{"not_picked":["hexamod:HauntingEcho","hexamod:SkipABeat"],"picked":"hexamod:ShieldOfDarkness","floor":15},{"not_picked":["hexamod:TimeOfNeed","hexamod:TimeWarp"],"picked":"hexamod:SixthSeal","floor":16},{"not_picked":["hexamod:HauntingEcho","hexamod:Rewind"],"picked":"hexamod:FastForward","floor":21},{"not_picked":["hexamod:SecondSeal","hexamod:ShieldOfDarkness","hexamod:ThermalTransfer+1"],"picked":"SKIP","floor":22},{"not_picked":["hexamod:ExtraCrispy","hexamod:Incineration+1"],"picked":"hexamod:GhostShield+1","floor":23},{"not_picked":["hexamod:RecurringNightmare+1","hexamod:NightmareStrike"],"picked":"hexamod:GhostflameInferno","floor":25}],"player_experience":37818,"relics_obtained":[{"floor":6,"key":"Vajra"},{"floor":7,"key":"MawBank"},{"floor":9,"key":"Bottled Flame"},{"floor":24,"key":"Ancient Tea Set"},{"floor":25,"key":"Pear"}],"event_choices":[{"damage_healed":0,"gold_gain":0,"player_choice":"Box","damage_taken":0,"relics_obtained":["StoneCalendar"],"max_hp_gain":0,"max_hp_loss":0,"event_name":"Big Fish","floor":4,"gold_loss":0,"cards_obtained":["Regret"]},{"cards_removed":["Regret"],"damage_healed":0,"gold_gain":0,"player_choice":"Offered Curse","damage_taken":0,"relics_obtained":["Spirit Poop"],"max_hp_gain":0,"max_hp_loss":0,"event_name":"Bonfire Elementals","floor":5,"gold_loss":0}],"is_beta":false,"boss_relics":[{"not_picked":["hexamod:IceCube","Runic Pyramid"],"picked":"Sozu"}],"items_purged_floors":[14],"is_endless":false,"potions_floor_spawned":[3,10,13,15,16,25],"killed_by":"Chosen and Byrds","ascension_level":0}}