{"host":"a5lz0e76zb3fcwkm","time":1613363841,"event":{"mods":["AchievementEnabler","BaseMod","Colored Map","Colored Powertips","Minty Spire (QoL Compilation)","StSLib","SuperFastMode"],"gold_per_floor":[365,365,365,27,38,63,78,78,78,93,105,140,65,77,77,148,148,158,518,531,446,463,463,463],"floor_reached":23,"language":"KOR","playtime":635,"items_purged":["Normality"],"score":406,"play_id":"bc1e2645-0a13-4cfd-802c-ede567febf0a","local_time":"20210215133721","is_ascension_mode":true,"campfire_choices":[{"data":"Blade Dance","floor":8.0,"key":"SMITH"},{"data":"Calculated Gamble","floor":15.0,"key":"SMITH"}],"circlet_count":0,"master_deck":["AscendersBane","Strike_G","Strike_G","Strike_G","Strike_G","Defend_G","Defend_G","Defend_G+1","Defend_G","Defend_G","Survivor","Neutralize","Dagger Spray+1","Escape Plan","Blade Dance+1","Acrobatics","Calculated Gamble+1","Well Laid Plans","PiercingWail","After Image","Cloak And Dagger","Finisher","Reflex+1"],"relics":["Ring of the Snake","Meat on the Bone","Pear","Smiling Mask","StoneCalendar","WristBlade","Tiny Chest"],"acts_visited":["Exordium","TheCity"],"potions_floor_usage":[16,22,23],"damage_taken":[{"damage":2.0,"enemies":"2 Louse","floor":1.0,"turns":2.0},{"damage":4.0,"enemies":"Jaw Worm","floor":5.0,"turns":3.0},{"damage":32.0,"enemies":"Gremlin Nob","floor":6.0,"turns":4.0},{"damage":3.0,"enemies":"Cultist","floor":7.0,"turns":4.0},{"damage":14.0,"enemies":"Large Slime","floor":10.0,"turns":5.0},{"damage":8.0,"enemies":"Looter","floor":11.0,"turns":3.0},{"damage":28.0,"enemies":"3 Sentries","floor":12.0,"turns":8.0},{"damage":10.0,"enemies":"Red Slaver","floor":14.0,"turns":5.0},{"damage":21,"enemies":"Slime Boss","floor":16,"turns":7},{"damage":2,"enemies":"3 Byrds","floor":18,"turns":4},{"damage":0,"enemies":"Shell Parasite","floor":20,"turns":6},{"damage":0,"enemies":"Snecko","floor":22,"turns":4},{"damage":49,"enemies":"Gremlin Leader","floor":23,"turns":5}],"seed_played":"7791178397743040876","potions_obtained":[{"floor":1.0,"key":"CultistPotion"},{"floor":5.0,"key":"Swift Potion"},{"floor":12.0,"key":"SkillPotion"},{"floor":14.0,"key":"EssenceOfSteel"},{"floor":18,"key":"DistilledChaos"}],"is_trial":false,"path_per_floor":["M","?","?","$","M","E","M","R","T","M","M","E","?","M","R","B",null,"M","?","M","?","M","E"],"character_chosen":"THE_SILENT","items_purchased":["Meat on the Bone"],"campfire_rested":0,"item_purchase_floors":[4],"current_hp_per_floor":[57,37,37,37,45,35,44,44,44,42,46,30,30,32,32,23,63,61,25,37,37,49,0,0],"gold":463,"neow_bonus":"TWO_FIFTY_GOLD","is_daily":false,"chose_seed":false,"campfire_upgraded":2,"win_rate":0.0,"timestamp":1613363841,"path_taken":["M","?","?","$","M","E","M","R","T","M","M","E","?","M","R","BOSS","M","?","?","?","M","E"],"items_purchased_type":["Relic"],"build_version":"2020-12-22","purchased_purges":1,"victory":false,"max_hp_per_floor":[66,66,66,66,66,76,76,76,76,76,76,76,76,76,76,76,76,76,76,76,76,76,76,76],"card_choices":[{"not_picked":["Slice","Sucker Punch"],"picked":"Dagger Spray","floor":1.0},{"not_picked":["Deflect","Acrobatics"],"picked":"Escape Plan","floor":5.0},{"not_picked":["Deadly Poison","Bane"],"picked":"Blade Dance","floor":6.0},{"not_picked":["All Out Attack","Quick Slash"],"picked":"Acrobatics","floor":7.0},{"not_picked":["Dagger Throw","Bane"],"picked":"Calculated Gamble","floor":10.0},{"not_picked":["Prepared","Flying Knee","Dash"],"picked":"SKIP","floor":11.0},{"not_picked":["Deadly Poison","Flying Knee"],"picked":"Well Laid Plans","floor":12.0},{"not_picked":["Bouncing Flask","Dodge and Roll"],"picked":"PiercingWail","floor":14.0},{"not_picked":["Tools of the Trade","Venomology"],"picked":"After Image","floor":16},{"not_picked":["Poisoned Stab","Deadly Poison+1"],"picked":"Cloak And Dagger","floor":18},{"not_picked":["Expertise","Slice"],"picked":"Finisher","floor":20},{"not_picked":["Dodge and Roll","Blade Dance"],"picked":"Reflex+1","floor":22}],"player_experience":1896626,"relics_obtained":[{"floor":6.0,"key":"Pear"},{"floor":9.0,"key":"Smiling Mask"},{"floor":12.0,"key":"StoneCalendar"}],"event_choices":[{"damage_healed":0.0,"max_hp_gain":0.0,"max_hp_loss":0.0,"gold_gain":0.0,"event_name":"Shining Light","player_choice":"Entered Light","floor":2.0,"gold_loss":0.0,"damage_taken":20.0,"cards_upgraded":["Dagger Spray","Defend_G"]},{"damage_healed":0.0,"max_hp_gain":0.0,"max_hp_loss":0.0,"gold_gain":0.0,"event_name":"Liars Game","player_choice":"Ignored","floor":3.0,"gold_loss":0.0,"damage_taken":0.0},{"cards_removed":["Strike_G"],"damage_healed":0.0,"max_hp_gain":0.0,"max_hp_loss":0.0,"gold_gain":0.0,"event_name":"The Cleric","player_choice":"Card Removal","floor":13.0,"gold_loss":75.0,"damage_taken":0.0},{"damage_healed":0,"gold_gain":360,"player_choice":"GOLD GOLD GOLD GOLD ","damage_taken":36,"max_hp_gain":0,"max_hp_loss":0,"event_name":"Knowing Skull","floor":19,"potions_obtained":[],"gold_loss":0,"cards_obtained":[]},{"damage_healed":0,"gold_gain":0,"player_choice":"Obtained Relic","damage_taken":0,"relics_obtained":["Tiny Chest"],"max_hp_gain":0,"max_hp_loss":0,"event_name":"Addict","floor":21,"gold_loss":85}],"is_beta":false,"boss_relics":[{"not_picked":["Ring of the Serpent","Runic Dome"],"picked":"WristBlade"}],"items_purged_floors":[4],"is_endless":false,"potions_floor_spawned":[1,5,12,14,18],"killed_by":"Gremlin Leader","ascension_level":20}}