{"host":"id23shmscryl4psl","time":1613360755,"event":{"mods":["BaseMod","Better Altar","Better Match","Better Note","Better Sensory Stone","Better Skull","Better Third Choice","Colored Map","Colored Powertips","Dark Map","HololiveMod","Minty Spire (QoL Compilation)","Rare Cards Sparkle","Relic Stats","Robot Space Explorer","StSLib"],"gold_per_floor":[88,109,131,149,169,169,205,205,255,309,323,180,180,201,201,305,305,330,330,317,345,359,359,390,390,417,444,480,503,503,525,525,643,643,675,693,713,713,175,175,175,201,226,245,245,292,292,311,311,334,334,334,36,40,40],"floor_reached":54,"language":"ENG","playtime":2933,"items_purged":[],"score":1086,"play_id":"0951be85-770f-49e0-b6ae-cbd33163eba3","local_time":"20210214204555","is_ascension_mode":true,"campfire_choices":[{"data":"Hololive_CallRoboco","floor":6,"key":"SMITH"},{"data":"Hololive_CallHoushouMarine","floor":8,"key":"SMITH"},{"data":"Hololive_CallYuzukiChoco","floor":13,"key":"SMITH"},{"data":"Hololive_CallManoAloe","floor":15,"key":"SMITH"},{"data":"Hololive_CallTsunomakiWatame","floor":23,"key":"SMITH"},{"data":"Hololive_LuckPotion","floor":25,"key":"SMITH"},{"data":"Hololive_CallAmaneKanata","floor":30,"key":"SMITH"},{"data":"Hololive_CallUsadaPekora","floor":32,"key":"SMITH"},{"floor":40,"key":"RECALL"},{"data":"Hololive_DDD","floor":45,"key":"SMITH"},{"data":"Hololive_CallYogiri","floor":47,"key":"SMITH"},{"data":"Hololive_CallOzoraSubaru","floor":49,"key":"SMITH"},{"data":"Hololive_LuckPotion","floor":52,"key":"SMITH"}],"circlet_count":0,"master_deck":["Hololive_Strike","Hololive_Strike","Hololive_Defend","Hololive_Defend","Hololive_ILoveYou","Hololive_CallRoboco+1","Hololive_CallTokinoSora","Hololive_CallAmaneKanata+1","Hololive_CallSpadeEcho","Hololive_CallYuzukiChoco+1","Hololive_Breathe","Hololive_CallHoushouMarine+1","Hololive_CallMomosuzuNene+23","Hololive_Yoholoon","Hololive_CallManoAloe+1","Hololive_CallSakuraMiko","Hololive_CallKiryuuCoco","Hololive_LuckPotion+1","Hololive_StarCraft","Hololive_AWSL","Hololive_CallUsadaPekora+1","Hololive_CallHimemoriLuna","Hololive_CallTsunomakiWatame+1","Hololive_CallNekomataOkayu","Hololive_CallShishiroBotan","Hololive_CallOmaruPolka+1","Hololive_HuntDinosaur+1","Hololive_CallMinatoAqua+1","Hololive_DDD+1","Hololive_CallShiroganeNoel+1","Hololive_CallShirakamiFubuki+1","Hololive_LuckPotion+1","Hololive_CallMomosuzuNene+23","Hololive_CallOzoraSubaru+1","Hololive_CallYogiri+1","Parasite","Hololive_CallTsunomakiWatame+1","Hololive_LuckPotion+1"],"relics":["Hololive_TheStar","Darkstone Periapt","Pear","Nunchaku","Coffee Dripper","Nilry\u0027s Codex","Hololive_LightStick","MealTicket","PreservedInsect","DollysMirror","Question Card","Orichalcum","Vajra","Shuriken"],"acts_visited":["Exordium","TheCity","TheBeyond","TheEnding"],"potions_floor_usage":[7,14,16,16,21,21,24,33,44,50,50],"damage_taken":[{"damage":0,"enemies":"2 Louse","floor":1,"turns":3},{"damage":7,"enemies":"Jaw Worm","floor":2,"turns":4},{"damage":0,"enemies":"Cultist","floor":3,"turns":3},{"damage":3,"enemies":"Looter","floor":4,"turns":4},{"damage":0,"enemies":"Blue Slaver","floor":5,"turns":4},{"damage":0,"enemies":"3 Sentries","floor":7,"turns":7},{"damage":0,"enemies":"Lagavulin","floor":10,"turns":5},{"damage":0,"enemies":"Red Slaver","floor":11,"turns":4},{"damage":0,"enemies":"2 Fungi Beasts","floor":14,"turns":3},{"damage":0,"enemies":"The Guardian","floor":16,"turns":5},{"damage":0,"enemies":"3 Byrds","floor":18,"turns":3},{"damage":13,"enemies":"2 Thieves","floor":20,"turns":4},{"damage":0,"enemies":"Cultist and Chosen","floor":21,"turns":4},{"damage":0,"enemies":"Snecko","floor":22,"turns":4},{"damage":0,"enemies":"3 Cultists","floor":24,"turns":4},{"damage":2,"enemies":"Centurion and Healer","floor":27,"turns":6},{"damage":1,"enemies":"Gremlin Leader","floor":28,"turns":8},{"damage":0,"enemies":"Cultist and Chosen","floor":29,"turns":4},{"damage":0,"enemies":"Shelled Parasite and Fungi","floor":31,"turns":3},{"damage":0,"enemies":"Automaton","floor":33,"turns":7},{"damage":3,"enemies":"3 Darklings","floor":35,"turns":4},{"damage":4,"enemies":"Orb Walker","floor":36,"turns":4},{"damage":0,"enemies":"Maw","floor":37,"turns":7},{"damage":0,"enemies":"Giant Head","floor":42,"turns":5},{"damage":7,"enemies":"Spire Growth","floor":44,"turns":4},{"damage":22,"enemies":"Writhing Mass","floor":46,"turns":4},{"damage":0,"enemies":"Maw","floor":48,"turns":5},{"damage":9,"enemies":"Donu and Deca","floor":50,"turns":9},{"damage":71,"enemies":"Shield and Spear","floor":54,"turns":5}],"seed_played":"-2756573602114330412","potions_obtained":[{"floor":1,"key":"PowerPotion"},{"floor":7,"key":"FearPotion"},{"floor":10,"key":"Explosive Potion"},{"floor":11,"key":"Dexterity Potion"},{"floor":16,"key":"Swift Potion"},{"floor":18,"key":"Ancient Potion"},{"floor":20,"key":"Energy Potion"},{"floor":31,"key":"LiquidBronze"},{"floor":35,"key":"Explosive Potion"},{"floor":36,"key":"Fire Potion"},{"floor":42,"key":"BlessingOfTheForge"},{"floor":46,"key":"Ancient Potion"}],"is_trial":false,"path_per_floor":["M","M","M","M","M","R","E","R","T","E","M","$","R","M","R","B",null,"M","?","M","M","M","R","M","R","T","M","E","M","R","M","R","B",null,"M","M","M","?","$","R","?","E","T","M","R","M","R","M","R","B",null,"R","$","E"],"character_chosen":"Hololive_HololiveCharacter","items_purchased":["Nunchaku","PreservedInsect","DollysMirror","Question Card","Shuriken","Strength Potion"],"campfire_rested":0,"item_purchase_floors":[12,39,39,39,53,53],"current_hp_per_floor":[38,31,31,28,28,28,28,28,28,38,38,38,38,38,38,38,48,49,33,21,22,23,23,24,24,24,23,23,24,24,25,25,26,58,56,53,54,54,58,58,58,59,59,53,53,38,38,39,39,31,69,69,69,0,0],"gold":40,"neow_bonus":"TEN_PERCENT_HP_BONUS","is_daily":false,"chose_seed":false,"campfire_upgraded":12,"win_rate":0.0,"timestamp":1613360755,"path_taken":["M","M","M","M","M","R","E","R","T","E","M","$","R","M","R","BOSS","M","?","M","M","M","R","M","R","T","M","E","M","R","M","R","BOSS","M","M","M","?","$","R","?","E","T","M","R","M","R","M","R","BOSS","R","$","E"],"items_purchased_type":["Relic","Relic","Relic","Relic","Relic","Potion"],"build_version":"2020-12-22","purchased_purges":0,"victory":false,"max_hp_per_floor":[38,38,38,38,38,38,38,38,38,48,48,48,48,48,48,48,48,49,49,50,51,52,52,53,53,53,54,55,56,56,57,57,58,58,59,60,61,58,58,58,58,59,59,60,60,67,67,68,68,69,69,69,69,70,70],"relic_stats":{"Darkstone Periapt":6,"Nunchaku":[7],"counters":[29,134],"Shuriken":[0],"MealTicket":4,"PreservedInsect":193,"Orichalcum":[48],"Question Card":4,"obtain_stats":[{"Darkstone Periapt":7,"Pear":10,"Nilry\u0027s Codex":19,"Vajra":43,"PreservedInsect":39,"Orichalcum":42,"Question Card":39,"Nunchaku":12,"Hololive_LightStick":26,"DollysMirror":39,"Shuriken":53,"Hololive_TheStar":0,"MealTicket":28,"Coffee Dripper":17},{"Darkstone Periapt":6,"Pear":7,"Nilry\u0027s Codex":11,"Vajra":24,"PreservedInsect":23,"Orichalcum":24,"Question Card":23,"Nunchaku":8,"Hololive_LightStick":15,"DollysMirror":23,"Shuriken":28,"Hololive_TheStar":0,"MealTicket":17,"Coffee Dripper":10},{"Darkstone Periapt":25,"Pear":30,"Nilry\u0027s Codex":45,"Vajra":107,"PreservedInsect":102,"Orichalcum":107,"Question Card":102,"Nunchaku":34,"Hololive_LightStick":61,"DollysMirror":102,"Shuriken":129,"Hololive_TheStar":0,"MealTicket":75,"Coffee Dripper":42}]},"card_choices":[{"not_picked":["Hololive_Teleport","Hololive_CocoNews","Hololive_FlyingPonyTail"],"picked":"Hololive_Breathe","floor":1},{"not_picked":["Hololive_CallHimemoriLuna","Hololive_CallOzoraSubaru","Hololive_Watashimo"],"picked":"Hololive_CallHoushouMarine","floor":2},{"not_picked":["Hololive_LuckPotion","Hololive_Trident","Hololive_Rebound"],"picked":"Hololive_CallMomosuzuNene","floor":3},{"not_picked":["Hololive_OvertimeWork","Hololive_Sequa","Hololive_Psychosis"],"picked":"Hololive_Yoholoon","floor":4},{"not_picked":["Hololive_SummonFox","Hololive_OvertimeWork","Hololive_CocoNews"],"picked":"Hololive_CallManoAloe","floor":5},{"not_picked":["Hololive_CallHimemoriLuna","Hololive_HuntDinosaur","Hololive_Drill"],"picked":"Hololive_CallSakuraMiko","floor":7},{"not_picked":["Hololive_CocoNews","Hololive_CallManoAloe","Hololive_CallHoushouMarine"],"picked":"Hololive_CallKiryuuCoco","floor":10},{"not_picked":["Hololive_CallYuzukiChoco","Hololive_Drill","Hololive_Sequa"],"picked":"Hololive_LuckPotion","floor":11},{"not_picked":["Hololive_DevilCharm","Hololive_CocoNews","Hololive_HuntDinosaur"],"picked":"Hololive_StarCraft","floor":14},{"not_picked":["Hololive_ASMR","Hololive_ScarfAndHalo","Hololive_DiamondStrike"],"picked":"Hololive_AWSL","floor":16},{"not_picked":["Hololive_Psychosis","Hololive_CallHoushouMarine+1","Hololive_RevenueBasedLive"],"picked":"Hololive_CallUsadaPekora","floor":18},{"not_picked":["Hololive_BringToTrial","Hololive_CallUsadaPekora","Hololive_Drill+1"],"picked":"Hololive_CallHimemoriLuna","floor":20},{"not_picked":["Hololive_Drill+1","Hololive_CallManoAloe","Hololive_CocoNews"],"picked":"Hololive_StrengthChampion","floor":21},{"not_picked":["Hololive_StrengthChampion+1","Hololive_Sequa","Hololive_RevenueBasedLive"],"picked":"Hololive_CallTsunomakiWatame","floor":22},{"not_picked":["Hololive_Drill+1","Hololive_LuckPotion","Hololive_SoulCatcher"],"picked":"Hololive_CallNekomataOkayu","floor":24},{"not_picked":["Hololive_SoulCatcher","Hololive_Rebound","Hololive_Trident+1"],"picked":"Hololive_CallShishiroBotan","floor":27},{"not_picked":["Hololive_CallArtia","Hololive_WolfAndLamb","Hololive_Rebirth"],"picked":"Hololive_CallOmaruPolka+1","floor":28},{"not_picked":["Hololive_Psychosis","Hololive_Breathe","Hololive_Trident+1"],"picked":"Hololive_HuntDinosaur+1","floor":29},{"not_picked":["Hololive_CallAkiRosenthal","Hololive_CallShirakamiFubuki","Hololive_CallTokoyamiTowa"],"picked":"Hololive_CallMinatoAqua+1","floor":31},{"not_picked":["Hololive_HighAtkLowDef","Hololive_Rebirth","Hololive_AWSL"],"picked":"Hololive_DDD","floor":33},{"not_picked":["Hololive_CallAmaneKanata+1","Hololive_ILoveYou+1","Hololive_LuckPotion"],"picked":"Hololive_CallShiroganeNoel+1","floor":35},{"not_picked":["Hololive_CallUsadaPekora+1","Hololive_Trident+1","Hololive_CallAmaneKanata+1"],"picked":"Hololive_CallShirakamiFubuki+1","floor":36},{"not_picked":["Hololive_Sequa","Hololive_HuntDinosaur+1","Hololive_MaximGun"],"picked":"Hololive_LuckPotion+1","floor":37},{"not_picked":["Hololive_Drill+1","Hololive_OvertimeWork+1","Hololive_Rebound","Hololive_StrengthChampion"],"picked":"Hololive_CallOzoraSubaru","floor":42},{"not_picked":["Hololive_CallAyundaRisu","Hololive_CallHoushouMarine+1","Hololive_CallMinatoAqua+1","Hololive_Rebound"],"picked":"Hololive_CallYogiri","floor":44},{"not_picked":["Hololive_FlyingPonyTail+1","Hololive_Psychosis+1","Hololive_LuckPotion","Hololive_CallKiryuuCoco+1"],"picked":"Hololive_CallTsunomakiWatame+1","floor":46},{"not_picked":["Hololive_StrengthChampion+1","Hololive_Drill","Hololive_MaximGun","Hololive_CallTsunomakiWatame+1"],"picked":"Hololive_LuckPotion","floor":48}],"player_experience":105676,"relics_obtained":[{"floor":7,"key":"Darkstone Periapt"},{"floor":10,"key":"Pear"},{"floor":19,"key":"Nilry\u0027s Codex"},{"floor":26,"key":"Hololive_LightStick"},{"floor":28,"key":"MealTicket"},{"floor":42,"key":"Orichalcum"},{"floor":43,"key":"Vajra"}],"event_choices":[{"damage_healed":0,"gold_gain":0,"player_choice":"Obtained Book","damage_taken":16,"max_hp_gain":0,"max_hp_loss":0,"event_name":"Cursed Tome","floor":19,"gold_loss":0},{"damage_healed":0,"gold_gain":0,"player_choice":"Max HP","damage_taken":0,"max_hp_gain":0,"max_hp_loss":3,"event_name":"Winding Halls","floor":38,"gold_loss":0},{"cards_removed":["Hololive_StrengthChampion"],"damage_healed":0,"gold_gain":0,"player_choice":"Removed Attack","damage_taken":0,"max_hp_gain":0,"max_hp_loss":0,"event_name":"Falling","floor":41,"gold_loss":0}],"is_beta":false,"boss_relics":[{"not_picked":["Hololive_ChaosS","Empty Cage"],"picked":"Coffee Dripper"},{"not_picked":["Runic Pyramid","Velvet Choker","Fusion Hammer"]}],"items_purged_floors":[],"is_endless":false,"potions_floor_spawned":[1,7,10,11,16,18,20,31,35,36,42,46],"killed_by":"Shield and Spear","ascension_level":3}}