{"host":"5agrj1fd4s00r127","time":1613416298,"event":{"mods":["BaseMod","Minty Spire (QoL Compilation)","StSLib"],"gold_per_floor":[117,133,55,55,74,74,74,104,127,152,152,182,182,71,71,170,220,240,252,263,263,277,302,302,334,361,373,383,383,383],"floor_reached":29,"language":"RUS","playtime":1087,"items_purged":["Regret"],"score":283,"play_id":"c642f726-a462-4f2e-80b9-b9eac40f1978","local_time":"20210215211138","is_ascension_mode":false,"campfire_choices":[{"data":"Neutralize","floor":6,"key":"SMITH"},{"data":"Noxious Fumes","floor":11,"key":"SMITH"},{"data":"Caltrops","floor":15,"key":"SMITH"},{"floor":24,"key":"REST"}],"circlet_count":0,"master_deck":["Strike_G","Strike_G+1","Strike_G+1","Strike_G","Defend_G","Defend_G","Defend_G","Defend_G","Defend_G","Survivor","Neutralize+1","Heel Hook","Sucker Punch+1","Crippling Poison+1","Die Die Die","Poisoned Stab+1","Noxious Fumes+1","Terror+1","Caltrops+1","Corpse Explosion+1","Bane","Infinite Blades+1","Infinite Blades","Deadly Poison+1","Blade Dance+1","Footwork"],"relics":["Ring of the Snake","Anchor","PreservedInsect","Dream Catcher","Toxic Egg 2","Vajra","Oddly Smooth Stone","Tiny House","Pantograph","Whetstone","Omamori"],"acts_visited":["Exordium","TheCity"],"potions_floor_usage":[8,8,10,16,20,22,23,25,28],"damage_taken":[{"damage":0,"enemies":"Jaw Worm","floor":1,"turns":5},{"damage":1,"enemies":"Cultist","floor":2,"turns":5},{"damage":0,"enemies":"2 Louse","floor":5,"turns":2},{"damage":2,"enemies":"3 Sentries","floor":8,"turns":7},{"damage":3,"enemies":"Lagavulin","floor":10,"turns":5},{"damage":12,"enemies":"3 Sentries","floor":12,"turns":4},{"damage":18,"enemies":"Hexaghost","floor":16,"turns":6},{"damage":0,"enemies":"3 Byrds","floor":18,"turns":1},{"damage":14,"enemies":"2 Thieves","floor":19,"turns":3},{"damage":11,"enemies":"Snecko","floor":20,"turns":4},{"damage":1,"enemies":"Centurion and Healer","floor":22,"turns":4},{"damage":12,"enemies":"Book of Stabbing","floor":23,"turns":4},{"damage":34,"enemies":"Slavers","floor":25,"turns":4},{"damage":1,"enemies":"Chosen and Byrds","floor":27,"turns":4},{"damage":18,"enemies":"Shelled Parasite and Fungi","floor":28,"turns":5},{"damage":11,"enemies":"Centurion and Healer","floor":29,"turns":3}],"seed_played":"-5366781287174517250","potions_obtained":[{"floor":1,"key":"Energy Potion"},{"floor":5,"key":"EntropicBrew"},{"floor":10,"key":"SteroidPotion"},{"floor":16,"key":"AttackPotion"},{"floor":17,"key":"BlessingOfTheForge"},{"floor":22,"key":"ColorlessPotion"},{"floor":23,"key":"Fruit Juice"}],"is_trial":false,"path_per_floor":["M","M","$","?","M","R","?","E","T","E","R","E","?","$","R","B",null,"M","M","M","?","M","E","R","E","T","M","M","M"],"character_chosen":"THE_SILENT","items_purchased":["Crippling Poison","Caltrops"],"campfire_rested":1,"item_purchase_floors":[3,14],"current_hp_per_floor":[70,69,69,69,69,69,69,67,67,64,64,52,52,52,52,34,75,75,61,50,50,49,37,59,30,30,29,11,0,0],"gold":383,"neow_bonus":"RANDOM_COMMON_RELIC","is_daily":false,"chose_seed":false,"campfire_upgraded":3,"win_rate":0.0,"timestamp":1613416298,"path_taken":["M","M","$","?","?","R","?","E","T","E","R","E","?","?","R","BOSS","M","M","M","?","?","E","R","E","T","M","M","M"],"items_purchased_type":["Card","Card"],"build_version":"2020-12-22","purchased_purges":1,"victory":false,"max_hp_per_floor":[70,70,70,70,70,70,70,70,70,70,70,70,70,70,70,70,75,75,75,75,75,75,75,75,80,80,80,80,80,80],"card_choices":[{"not_picked":["Well Laid Plans","Skewer"],"picked":"Heel Hook","floor":1},{"not_picked":["Poisoned Stab","Flying Knee"],"picked":"Sucker Punch","floor":2},{"not_picked":["Slice","Well Laid Plans"],"picked":"Die Die Die","floor":5},{"not_picked":["Skewer","Unload"],"picked":"Poisoned Stab","floor":8},{"not_picked":["Flechettes","Dagger Spray"],"picked":"Noxious Fumes","floor":10},{"not_picked":["Finisher","Blade Dance+1"],"picked":"Terror+1","floor":12},{"not_picked":["Night Terror+1","Malaise+1"],"picked":"Corpse Explosion+1","floor":16},{"not_picked":["Calculated Gamble+1","Poisoned Stab"],"picked":"Bane","floor":18},{"not_picked":["Dodge and Roll+1","Acrobatics+1"],"picked":"Infinite Blades+1","floor":19},{"not_picked":["Dodge and Roll+1","Reflex+1","Slice+1"],"picked":"SKIP","floor":20},{"not_picked":["Outmaneuver+1","Predator","Eviscerate+1"],"picked":"SKIP","floor":22},{"not_picked":["Prepared+1","Die Die Die","Outmaneuver+1"],"picked":"SKIP","floor":23},{"not_picked":["Underhanded Strike","Dagger Throw"],"picked":"Infinite Blades","floor":24},{"not_picked":["Dash","Distraction+1"],"picked":"Deadly Poison+1","floor":25},{"not_picked":["Tactician+1","Outmaneuver+1"],"picked":"Blade Dance+1","floor":27},{"not_picked":["Underhanded Strike","Outmaneuver+1"],"picked":"Footwork","floor":28}],"player_experience":13589,"relics_obtained":[{"floor":8,"key":"PreservedInsect"},{"floor":9,"key":"Dream Catcher"},{"floor":10,"key":"Toxic Egg 2"},{"floor":12,"key":"Vajra"},{"floor":23,"key":"Pantograph"},{"floor":25,"key":"Whetstone"},{"floor":26,"key":"Omamori"}],"event_choices":[{"damage_healed":0,"gold_gain":0,"player_choice":"Upgraded","damage_taken":0,"max_hp_gain":0,"max_hp_loss":0,"event_name":"Upgrade Shrine","floor":4,"gold_loss":0,"cards_upgraded":["Sucker Punch"]},{"cards_removed":["Strike_G"],"damage_healed":0,"gold_gain":0,"player_choice":"Forget","damage_taken":0,"max_hp_gain":0,"max_hp_loss":0,"event_name":"Living Wall","floor":7,"gold_loss":0},{"damage_healed":0,"gold_gain":0,"player_choice":"Box","damage_taken":0,"relics_obtained":["Oddly Smooth Stone"],"max_hp_gain":0,"max_hp_loss":0,"event_name":"Big Fish","floor":13,"gold_loss":0,"cards_obtained":["Regret"]},{"damage_healed":0,"gold_gain":0,"player_choice":"Upgraded","damage_taken":0,"max_hp_gain":0,"max_hp_loss":0,"event_name":"Upgrade Shrine","floor":21,"gold_loss":0,"cards_upgraded":["Poisoned Stab"]}],"is_beta":false,"boss_relics":[{"not_picked":["Runic Dome","Coffee Dripper"],"picked":"Tiny House"}],"items_purged_floors":[14],"is_endless":false,"potions_floor_spawned":[1,5,10,16,22,23],"killed_by":"Centurion and Healer","ascension_level":0}}