{"host":"kh6fvhxn285ncg0o","time":1613399918,"event":{"mods":["Act Like it!","BaseMod","Colored Map","Friendly Minions","Keyboard Shortcuts","Minty Spire (QoL Compilation)","Quick Restart","Relic Stats","StSLib","SuperFastMode","UnlockEverythingMod"],"gold_per_floor":[118,118,138,138,63,63,63,63,63,92,92,118,135,160,160,160,160],"floor_reached":16,"language":"KOR","playtime":221,"items_purged":["Strike_G"],"score":232,"play_id":"d3002e7b-78c9-44d4-a6e6-54a8f0f7ad69","local_time":"20210215233838","is_ascension_mode":true,"campfire_choices":[{"data":"Predator","floor":6,"key":"SMITH"},{"data":"Crippling Poison","floor":11,"key":"SMITH"},{"floor":15,"key":"REST"}],"circlet_count":0,"master_deck":["AscendersBane","Strike_G","Strike_G","Strike_G","Defend_G","Defend_G","Defend_G","Defend_G","Defend_G","Survivor","Neutralize","Predator+1","Escape Plan","Pain","Crippling Poison+1","Escape Plan"],"relics":["Ring of the Snake","NeowsBlessing","WarpedTongs","Regal Pillow","Nunchaku","HornCleat"],"acts_visited":["Exordium"],"potions_floor_usage":[14,14],"damage_taken":[{"damage":0,"enemies":"Jaw Worm","floor":1,"turns":1},{"damage":0,"enemies":"Small Slimes","floor":3,"turns":1},{"damage":3,"enemies":"3 Sentries","floor":10,"turns":3},{"damage":19,"enemies":"Lagavulin","floor":12,"turns":7},{"damage":1,"enemies":"2 Louse","floor":13,"turns":3},{"damage":17,"enemies":"Gremlin Nob","floor":14,"turns":4},{"damage":25,"enemies":"Slime Boss","floor":16,"turns":6}],"seed_played":"-4378386598271842279","potions_obtained":[{"floor":1,"key":"ColorlessPotion"},{"floor":10,"key":"Block Potion"}],"is_trial":false,"path_per_floor":["M","?","M","?","$","R","?","$","T","E","R","E","M","E","R","B"],"character_chosen":"THE_SILENT","items_purchased":[],"campfire_rested":1,"item_purchase_floors":[],"current_hp_per_floor":[59,59,59,52,52,52,52,52,52,49,49,30,29,12,46,21,21],"gold":160,"neow_bonus":"THREE_ENEMY_KILL","is_daily":false,"chose_seed":false,"campfire_upgraded":2,"win_rate":0.0,"timestamp":1613399918,"path_taken":["M","?","M","?","?","R","?","$","T","E","R","E","M","E","R","BOSS"],"items_purchased_type":[],"build_version":"2020-12-22","purchased_purges":1,"victory":false,"max_hp_per_floor":[66,66,66,66,66,66,66,66,66,66,66,66,66,66,66,66,66],"relic_stats":{"Regal Pillow":15,"Nunchaku":[2],"counters":[7,25],"obtain_stats":[{"Regal Pillow":10,"Nunchaku":12,"HornCleat":14,"NeowsBlessing":0,"Ring of the Snake":0,"WarpedTongs":7},{"Regal Pillow":3,"Nunchaku":4,"HornCleat":6,"NeowsBlessing":0,"Ring of the Snake":0,"WarpedTongs":2},{"Regal Pillow":5,"Nunchaku":12,"HornCleat":19,"NeowsBlessing":0,"Ring of the Snake":0,"WarpedTongs":2}],"Ring of the Snake":[14],"WarpedTongs":[23]},"card_choices":[{"not_picked":["Well Laid Plans","Bane"],"picked":"Predator","floor":1},{"not_picked":["Cloak And Dagger","Concentrate"],"picked":"Escape Plan","floor":3},{"not_picked":["Bane","Riddle With Holes"],"picked":"Crippling Poison","floor":10},{"not_picked":["Backflip","Deflect","Poisoned Stab"],"picked":"SKIP","floor":12},{"not_picked":["Poisoned Stab","Acrobatics","Backflip"],"picked":"SKIP","floor":13},{"not_picked":["Prepared","Accuracy"],"picked":"Escape Plan","floor":14}],"player_experience":1420799,"relics_obtained":[{"floor":10,"key":"Regal Pillow"},{"floor":12,"key":"Nunchaku"},{"floor":14,"key":"HornCleat"}],"event_choices":[{"damage_healed":0,"gold_gain":0,"player_choice":"Ignored","damage_taken":0,"max_hp_gain":0,"max_hp_loss":0,"event_name":"Liars Game","floor":2,"gold_loss":0},{"cards_removed":["Strike_G"],"damage_healed":0,"gold_gain":0,"player_choice":"Card Removal","damage_taken":7,"max_hp_gain":0,"max_hp_loss":0,"event_name":"Golden Wing","floor":4,"gold_loss":0},{"damage_healed":0,"gold_gain":0,"player_choice":"Rummage","damage_taken":0,"relics_obtained":["WarpedTongs"],"max_hp_gain":0,"max_hp_loss":0,"event_name":"Accursed Blacksmith","floor":7,"gold_loss":0,"cards_obtained":["Pain"]}],"is_beta":false,"boss_relics":[],"items_purged_floors":[5],"is_endless":false,"potions_floor_spawned":[1,10],"killed_by":"Slime Boss","ascension_level":20}}