{"host":"c9gk0qvlyxpqjtz8","time":1613375686,"event":{"mods":["100% Spire Juice","Act Like it!","Arknights","BaseMod","BetterRewards","Colored Powertips","Downfall","Hermit","Highlight Path","KinomotoSakuraMod(木之本樱)","Marisa（F雨　魔理沙）","Minty Spire (QoL Compilation)","READ ME - Guardian Mod","Reimu（博丽灵梦）","Relic Stats","Remilia（蕾米莉亚）","Replay The Spire","RumiaBox-露米娅的神秘盒子","StSLib","TestMod","The Bladedancer","The Bug Knight","The Cursed","The Hierophant","The Servant 0.9.4","UnlockEverythingMod","WarShipGirlsR/战舰少女R mod","Youmu（魂魄妖梦）"],"gold_per_floor":[99,111,286,300,310,310,310,310,310,327,327,327,345,361,375,475,475,475,475],"floor_reached":17,"language":"ZHS","playtime":756,"items_purged":[],"score":149,"play_id":"e7c38b65-ef51-46db-a1d9-d8a443acfee2","local_time":"20210215155446","is_ascension_mode":false,"campfire_choices":[{"floor":1,"key":"RECALL"},{"data":"Slimebound:Split","floor":6,"key":"SMITH"},{"data":"Slimebound:CorrosiveSpit","floor":9,"key":"SMITH"}],"circlet_count":0,"master_deck":["Slimebound:Strike_Slimebound","Slimebound:Strike_Slimebound","Slimebound:Strike_Slimebound","Slimebound:Tackle+1","Slimebound:Defend_Slimebound+1","Slimebound:Defend_Slimebound+1","Slimebound:Defend_Slimebound+1","Slimebound:Defend_Slimebound+1","Slimebound:Split+1","Slimebound:CorrosiveSpit+1","Slimebound:SplitMire","Doubt","Slimebound:SpikyOuterGoop","Slimebound:HauntingLick","Slimebound:RejuvenatingLick"],"relics":["Slimebound:AbsorbEndCombat","testmod-TestBox","CultistMask","SoulBox"],"acts_visited":["Exordium","TheCity"],"potions_floor_usage":[],"damage_taken":[{"damage":4,"enemies":"Jaw Worm","floor":2,"turns":4},{"damage":1,"enemies":"2 Louse","floor":4,"turns":3},{"damage":10,"enemies":"Small Slimes","floor":5,"turns":3},{"damage":6,"enemies":"Red Slaver","floor":10,"turns":5},{"damage":29,"enemies":"Gremlin Gang","floor":13,"turns":5},{"damage":12,"enemies":"3 Louse","floor":14,"turns":4},{"damage":9,"enemies":"Exordium Wildlife","floor":15,"turns":4},{"damage":13,"enemies":"SI_SHIV_ARCHETYPE","floor":16,"turns":8}],"seed_played":"-3325057376017310128","potions_obtained":[{"floor":0,"key":"Explosive Potion"},{"floor":0,"key":"Reflective Coating"},{"floor":0,"key":"bronze:BurnAndBuffPotion"}],"is_trial":false,"path_per_floor":["R","M","?","M","M","R","T","?","R","M","?","?","M","M","M","B",null],"character_chosen":"SLIMEBOUND","items_purchased":[],"campfire_rested":0,"item_purchase_floors":[],"current_hp_per_floor":[65,64,64,65,59,59,59,59,59,55,55,55,34,28,27,22,65,65,65],"gold":475,"neow_bonus":"THREE_SMALL_POTIONS","is_daily":false,"chose_seed":false,"campfire_upgraded":2,"win_rate":0.0,"timestamp":1613375686,"path_taken":["R","M","?","M","M","R","T","?","R","M","?","?","M","M","M","BOSS"],"items_purchased_type":[],"build_version":"2020-12-22","purchased_purges":0,"victory":false,"max_hp_per_floor":[65,65,65,65,65,65,65,65,65,65,65,65,65,65,65,65,65,65,65],"relic_stats":{"counters":[8,33],"obtain_stats":[{"testmod-TestBox":0,"CultistMask":12,"SoulBox":17,"Slimebound:AbsorbEndCombat":0,"Replay:Bottled Eggs":11},{"testmod-TestBox":0,"CultistMask":4,"SoulBox":8,"Slimebound:AbsorbEndCombat":0,"Replay:Bottled Eggs":4},{"testmod-TestBox":0,"CultistMask":14,"SoulBox":33,"Slimebound:AbsorbEndCombat":0,"Replay:Bottled Eggs":14}]},"card_choices":[{"not_picked":["Slimebound:ItLooksTasty","Slimebound:Equalize"],"picked":"Slimebound:SplitMire","floor":2},{"not_picked":["Slimebound:SplitBruiser","Slimebound:Replication"],"picked":"Slimebound:SpikyOuterGoop","floor":4},{"not_picked":["Slimebound:Grow","Slimebound:PressTheAttack"],"picked":"Slimebound:HauntingLick","floor":5},{"not_picked":["Slimebound:Schlurp","Slimebound:ComboTackle","Slimebound:ItLooksTasty"],"picked":"SKIP","floor":10},{"not_picked":["Slimebound:FlameTackle","Slimebound:ViciousTackle","Slimebound:LeechingTouch"],"picked":"SKIP","floor":13},{"not_picked":["Slimebound:Prepare","Slimebound:SlimeSpikes"],"picked":"Slimebound:RejuvenatingLick","floor":14},{"not_picked":["Slimebound:ViciousTackle","Slimebound:SlimeSpikes","Slimebound:GoopTackle"],"picked":"SKIP","floor":15}],"player_experience":146989,"relics_obtained":[],"event_choices":[{"damage_healed":0,"gold_gain":0,"player_choice":"Swap Relic","damage_taken":0,"relics_obtained":["Replay:Bottled Eggs"],"max_hp_gain":0,"max_hp_loss":0,"event_name":"给自己的盒子","floor":11,"relics_lost":["Replay:Bottled Eggs"],"gold_loss":0},{"damage_healed":0,"gold_gain":0,"player_choice":"Trade","damage_taken":0,"relics_obtained":["CultistMask"],"max_hp_gain":0,"max_hp_loss":0,"event_name":"FaceTrader","floor":12,"gold_loss":0}],"is_beta":false,"boss_relics":[{"not_picked":["testmod-SaigiyounoYou","bronze:MakeshiftBattery"],"picked":"SoulBox"}],"items_purged_floors":[],"is_endless":false,"potions_floor_spawned":[5,14,15],"ascension_level":0}}