{"host":"tia00321x3ndnwo4","time":1613359178,"event":{"mods":["2.2 Compatiblity","BaseMod","Bestiary","Colored Map","Colored Powertips","Curses Come First","Downfall","Highlight Path","Minty Spire (QoL Compilation)","Relic Stats","Slay the Relics Exporter","StSLib","SuperFastMode"],"gold_per_floor":[0,20,37,487,502,502,502,529,540,566,566,586,586,686,698,698,698,698],"floor_reached":16,"language":"ENG","playtime":435,"items_purged":[],"score":118,"play_id":"1c26e537-a1ce-4f93-89a3-9da917b04fa6","local_time":"20210214191938","is_ascension_mode":true,"campfire_choices":[{"data":"bronze:Goto","floor":1,"key":"SMITH"},{"data":"bronze:ChosenStrike","floor":6,"key":"SMITH"},{"data":"bronze:Backtrace","floor":13,"key":"SMITH"}],"circlet_count":0,"master_deck":["bronze:Strike","bronze:Strike","bronze:Strike","bronze:Strike","bronze:Defend","bronze:Defend","bronze:Defend","bronze:Defend","bronze:Replicate","bronze:Goto+1","bronze:ClassDefault","bronze:ChosenStrike+1","downfall:Icky","downfall:Icky","downfall:Icky","bronze:Frontload","bronze:WhirlingStrike","bronze:ChosenStrike","bronze:Backtrace+1","bronze:Separator"],"relics":["bronze:BronzeCore","Ice Cream","The Courier","bronze:CableSpool","Orichalcum","Boot"],"acts_visited":["Exordium"],"potions_floor_usage":[8,16],"damage_taken":[{"damage":1,"enemies":"Jaw Worm","floor":2,"turns":5},{"damage":5,"enemies":"2 Louse","floor":3,"turns":4},{"damage":5,"enemies":"Small Slimes","floor":5,"turns":3},{"damage":20,"enemies":"Gremlin Nob","floor":8,"turns":4},{"damage":3,"enemies":"3 Louse","floor":9,"turns":4},{"damage":22,"enemies":"3 Sentries","floor":10,"turns":8},{"damage":1,"enemies":"2 Fungi Beasts","floor":12,"turns":2},{"damage":5,"enemies":"Lots of Slimes","floor":15,"turns":3},{"damage":2,"enemies":"SI_SHIV_ARCHETYPE","floor":16,"turns":3}],"seed_played":"1021714061075141073","potions_obtained":[{"floor":2,"key":"Swift Potion"},{"floor":3,"key":"bronze:BuildAFunctionPotion"},{"floor":8,"key":"SmokeBomb"},{"floor":12,"key":"champ:CounterPotion"}],"is_trial":false,"path_per_floor":["R","M","M","?","M","R","T","E","M","E","?","M","R","?","M","B"],"character_chosen":"THE_AUTOMATON","items_purchased":[],"campfire_rested":0,"item_purchase_floors":[],"current_hp_per_floor":[70,69,64,64,59,59,59,39,36,14,7,6,6,6,1,0,0,0],"gold":698,"neow_bonus":"ONE_RARE_RELIC","is_daily":false,"chose_seed":false,"campfire_upgraded":3,"win_rate":0.0,"timestamp":1613359178,"path_taken":["R","M","M","?","M","R","T","E","M","E","?","M","R","?","M","BOSS"],"items_purchased_type":[],"build_version":"2020-12-22","purchased_purges":0,"victory":false,"max_hp_per_floor":[70,70,70,70,70,70,70,70,70,70,70,70,70,70,70,70,70,70],"relic_stats":{"counters":[9,36],"Orichalcum":[6],"Boot":[8],"obtain_stats":[{"Ice Cream":0,"bronze:BronzeCore":0,"The Courier":7,"Orichalcum":10,"Boot":11,"bronze:CableSpool":8},{"Ice Cream":0,"bronze:BronzeCore":0,"The Courier":3,"Orichalcum":6,"Boot":6,"bronze:CableSpool":4},{"Ice Cream":0,"bronze:BronzeCore":0,"The Courier":12,"Orichalcum":28,"Boot":28,"bronze:CableSpool":16}]},"card_choices":[{"not_picked":["bronze:Allocate","bronze:BitShift"],"picked":"bronze:ClassDefault","floor":2},{"not_picked":["bronze:WildBeam","bronze:Return"],"picked":"bronze:ChosenStrike","floor":3},{"not_picked":["bronze:Repulsor","bronze:WildBeam","bronze:DigitalCarnage"],"picked":"SKIP","floor":5},{"not_picked":["bronze:OilSpill","bronze:Repulsor"],"picked":"bronze:Frontload","floor":8},{"not_picked":["bronze:Format","bronze:CutThrough"],"picked":"bronze:WhirlingStrike","floor":9},{"not_picked":["bronze:BitShift","bronze:ChildClass"],"picked":"bronze:ChosenStrike","floor":10},{"not_picked":["bronze:CloningBeam","bronze:OilSpill"],"picked":"bronze:Backtrace","floor":12},{"not_picked":["bronze:Iterate","bronze:Overload"],"picked":"bronze:Separator","floor":15}],"player_experience":216941,"relics_obtained":[{"floor":7,"key":"The Courier"},{"floor":8,"key":"bronze:CableSpool"},{"floor":10,"key":"Orichalcum"}],"event_choices":[{"damage_healed":0,"gold_gain":0,"player_choice":"Success","damage_taken":7,"relics_obtained":["Boot"],"max_hp_gain":0,"max_hp_loss":0,"event_name":"Scrap Ooze","floor":11,"gold_loss":0}],"is_beta":false,"boss_relics":[],"items_purged_floors":[],"is_endless":false,"potions_floor_spawned":[2,3,8,12],"killed_by":"SI_SHIV_ARCHETYPE","ascension_level":1}}