{"host":"2c84cb4cp1emursg","time":1613385642,"event":{"mods":["Act Like it!","BaseMod","Better Third Choice","Bossed Relics","Hermit","Mimic Mod","Minty Spire (QoL Compilation)","Permanent Neow","StSLib"],"gold_per_floor":[114,124,124,137,106,136,136,166,192,192,192],"floor_reached":10,"language":"ENG","playtime":429,"items_purged":[],"score":91,"play_id":"f5d4311f-851e-4ff5-b411-c1536ae97093","local_time":"20210215034042","is_ascension_mode":true,"campfire_choices":[{"floor":7,"key":"REST"}],"circlet_count":0,"master_deck":["Strike_G","Strike_G","Strike_G","Strike_G","Strike_G","Defend_G","Defend_G+1","Defend_G","Defend_G","Defend_G+1","Survivor","Neutralize","Underhanded Strike","Underhanded Strike","All Out Attack","Acrobatics","Quick Slash"],"relics":["HoveringKite","betterThird:SlimedRelic","Dream Catcher","Bronze Scales","War Paint"],"acts_visited":["Exordium"],"potions_floor_usage":[8,10],"damage_taken":[{"damage":0,"enemies":"Jaw Worm","floor":1,"turns":4},{"damage":8,"enemies":"Small Slimes","floor":2,"turns":4},{"damage":8,"enemies":"2 Louse","floor":4,"turns":3},{"damage":35,"enemies":"3 Sentries","floor":6,"turns":10},{"damage":23,"enemies":"Gremlin Nob","floor":8,"turns":4},{"damage":14,"enemies":"3 Sentries","floor":10,"turns":3}],"seed_played":"8429648505448629960","potions_obtained":[{"floor":4,"key":"SteroidPotion"},{"floor":6,"key":"SkillPotion"}],"is_trial":false,"path_per_floor":["M","M","?","M","?","E","R","E","T","E"],"character_chosen":"THE_SILENT","items_purchased":[],"campfire_rested":1,"item_purchase_floors":[],"current_hp_per_floor":[70,62,62,54,43,8,29,6,6,0,0],"gold":192,"neow_bonus":"BOSS_RELIC","is_daily":false,"chose_seed":false,"campfire_upgraded":0,"win_rate":0.0,"timestamp":1613385642,"path_taken":["M","M","?","M","?","E","R","E","T","E"],"items_purchased_type":[],"build_version":"2020-12-22","purchased_purges":0,"victory":false,"max_hp_per_floor":[70,70,70,70,70,70,70,70,70,70,70],"card_choices":[{"not_picked":["Flying Knee","Bouncing Flask"],"picked":"Underhanded Strike","floor":1},{"not_picked":["Expertise","Bane"],"picked":"Underhanded Strike","floor":2},{"not_picked":["Blade Dance","Flying Knee"],"picked":"All Out Attack","floor":4},{"not_picked":["Tools of the Trade","Quick Slash"],"picked":"Acrobatics","floor":6},{"not_picked":["Deflect","Outmaneuver"],"picked":"Quick Slash","floor":8}],"player_experience":473316,"relics_obtained":[{"floor":6,"key":"Dream Catcher"},{"floor":8,"key":"Bronze Scales"},{"floor":9,"key":"War Paint"}],"event_choices":[{"damage_healed":0,"gold_gain":0,"player_choice":"Ignored","damage_taken":124,"max_hp_gain":0,"max_hp_loss":0,"event_name":"betterThird:BetterSerpent","floor":3,"gold_loss":0},{"damage_healed":0,"gold_gain":0,"player_choice":"Slimed","damage_taken":11,"max_hp_gain":0,"max_hp_loss":0,"event_name":"betterThird:BetterGoop","floor":5,"gold_loss":31}],"is_beta":false,"boss_relics":[],"items_purged_floors":[],"is_endless":false,"potions_floor_spawned":[4,6],"killed_by":"3 Sentries","ascension_level":4}}