{"host":"jqkewjmybebgw3gd","time":1613400147,"event":{"mods":["AchievementEnabler","BaseMod","Colored Map","DeckTracker","Keyboard Shortcuts","Minty Spire (QoL Compilation)","StSLib","SuperFastMode"],"gold_per_floor":[116,136,147,147,247,247,265,293,293,319,319,25,25,43,43,146,146,157,257,273,25,38,38,73,73,96,5,15,46,46,66,66,168,168,186,26,26,43,43,43,72,72,118,144,159,159,2,34,34,34,34,34,9,38,38,38],"floor_reached":55,"language":"KOR","playtime":3019,"items_purged":[],"score":945,"play_id":"bf483b01-e8ac-4d42-9e1e-ef220837f19d","local_time":"20210215234227","is_ascension_mode":true,"campfire_choices":[{"data":"Streamline","floor":6,"key":"SMITH"},{"data":"Dualcast","floor":11,"key":"SMITH"},{"data":"Hologram","floor":13,"key":"SMITH"},{"data":"Defragment","floor":15,"key":"SMITH"},{"data":"Apotheosis","floor":23,"key":"SMITH"},{"floor":30,"key":"RECALL"},{"data":"Consume","floor":32,"key":"SMITH"},{"floor":40,"key":"REST"},{"floor":42,"key":"REST"},{"floor":46,"key":"REST"},{"floor":49,"key":"REST"},{"floor":52,"key":"REST"}],"circlet_count":0,"master_deck":["Zap","Dualcast+1","BootSequence","Streamline+1","Hologram+1","Chill","FTL","Steam","Defragment+1","Echo Form","Electrodynamics","All For One","Ball Lightning","FTL","Compile Driver","Ball Lightning","Conserve Battery","Self Repair","Apotheosis+1","Sweeping Beam","Consume+1","Beam Cell+1","Ball Lightning+1","Turbo+1","Seek","Steam+1","Scrape","Madness","Madness","Stack+1","Go for the Eyes+1","Static Discharge","Undo+1","Gash","Glacier+1","Buffer","Reinforced Body"],"relics":["Cracked Core","Eternal Feather","WingedGreaves","StoneCalendar","Membership Card","FossilizedHelix","Pandora\u0027s Box","Sling","Dream Catcher","Du-Vu Doll","Orichalcum","Happy Flower","Akabeko","Fusion Hammer","Shuriken","Bottled Tornado","Thread and Needle","DataDisk","Frozen Egg 2","InkBottle"],"acts_visited":["Exordium","TheCity","TheBeyond","TheEnding"],"potions_floor_usage":[8,16,24,33,33,41,44,50,54,55],"damage_taken":[{"damage":0,"enemies":"2 Louse","floor":1,"turns":2},{"damage":6,"enemies":"Cultist","floor":2,"turns":3},{"damage":2,"enemies":"Jaw Worm","floor":3,"turns":3},{"damage":3,"enemies":"Exordium Thugs","floor":7,"turns":4},{"damage":16,"enemies":"Gremlin Nob","floor":8,"turns":5},{"damage":16,"enemies":"Lagavulin","floor":10,"turns":6},{"damage":0,"enemies":"2 Fungi Beasts","floor":14,"turns":2},{"damage":20,"enemies":"The Guardian","floor":16,"turns":9},{"damage":0,"enemies":"Chosen","floor":18,"turns":4},{"damage":0,"enemies":"3 Byrds","floor":20,"turns":1},{"damage":7,"enemies":"Snake Plant","floor":22,"turns":4},{"damage":26,"enemies":"Book of Stabbing","floor":24,"turns":4},{"damage":22,"enemies":"Snecko","floor":28,"turns":5},{"damage":11,"enemies":"Slavers","floor":29,"turns":3},{"damage":0,"enemies":"Sentry and Sphere","floor":31,"turns":4},{"damage":0,"enemies":"Champ","floor":33,"turns":6},{"damage":0,"enemies":"3 Shapes","floor":35,"turns":2},{"damage":0,"enemies":"Orb Walker","floor":38,"turns":2},{"damage":0,"enemies":"Reptomancer","floor":41,"turns":3},{"damage":0,"enemies":"Nemesis","floor":44,"turns":5},{"damage":0,"enemies":"Jaw Worm Horde","floor":45,"turns":3},{"damage":0,"enemies":"Reptomancer","floor":48,"turns":4},{"damage":1,"enemies":"Donu and Deca","floor":50,"turns":6},{"damage":10,"enemies":"Shield and Spear","floor":54,"turns":4},{"damage":80,"enemies":"The Heart","floor":55,"turns":5}],"seed_played":"-287432687364123526","potions_obtained":[{"floor":2,"key":"Block Potion"},{"floor":10,"key":"DistilledChaos"},{"floor":16,"key":"AttackPotion"},{"floor":18,"key":"ColorlessPotion"},{"floor":22,"key":"FearPotion"},{"floor":29,"key":"LiquidBronze"},{"floor":38,"key":"Fire Potion"},{"floor":39,"key":"Fire Potion"},{"floor":41,"key":"EssenceOfDarkness"},{"floor":48,"key":"Strength Potion"}],"is_trial":false,"path_per_floor":["M","M","M","?","?","R","M","E","T","E","R","$","R","M","R","B",null,"M","?","M","$","M","R","E","?","T","$","M","E","R","M","R","B",null,"M","$","?","M","?","R","E","R","T","E","M","R","$","E","R","B",null,"R","$","E","B"],"character_chosen":"DEFECT","items_purchased":["Membership Card","FossilizedHelix","Apotheosis","Sling","Dream Catcher","Happy Flower","Consume","Shuriken","Scrape","DataDisk","Buffer","Swift Potion"],"campfire_rested":5,"item_purchase_floors":[12,12,21,21,21,27,27,36,36,47,47,53],"current_hp_per_floor":[75,69,67,67,67,67,64,48,48,32,41,41,50,50,59,39,75,75,75,75,75,75,75,59,59,59,59,37,36,48,55,67,75,75,75,75,66,66,66,75,75,75,75,75,75,75,75,75,75,74,75,75,75,65,0,0],"gold":38,"neow_bonus":"THREE_CARDS","is_daily":false,"chose_seed":false,"campfire_upgraded":6,"win_rate":0.0,"timestamp":1613400147,"path_taken":["M","M","M","?","?","R","?","E","T","E","R","$","R","M","R","BOSS","M","?","M","?","M","R","E","?","T","$","M","E","R","M","R","BOSS","M","$","?","M","?","R","E","R","T","E","M","R","$","E","R","BOSS","R","$","E","BOSS"],"items_purchased_type":["Relic","Relic","Card","Relic","Relic","Relic","Card","Relic","Card","Relic","Card","Potion"],"build_version":"2020-12-22","purchased_purges":0,"victory":false,"max_hp_per_floor":[75,75,75,75,75,75,75,75,75,75,75,75,75,75,75,75,75,75,75,75,75,75,75,75,75,75,75,75,75,75,75,75,75,75,75,75,75,75,75,75,75,75,75,75,75,75,75,75,75,75,75,75,75,75,75,75],"card_choices":[{"not_picked":["Stack","Barrage"],"picked":"BootSequence","floor":0},{"not_picked":["Static Discharge","Stack"],"picked":"Streamline","floor":1},{"not_picked":["Go for the Eyes","Double Energy"],"picked":"Hologram","floor":2},{"not_picked":["Static Discharge","Steam"],"picked":"Chill","floor":3},{"not_picked":["Steam","Ball Lightning"],"picked":"FTL","floor":7},{"not_picked":["BootSequence","Barrage","Go for the Eyes"],"picked":"SKIP","floor":8},{"not_picked":["Multi-Cast","Cold Snap"],"picked":"Steam","floor":10},{"not_picked":["Doom and Gloom","Chill"],"picked":"Defragment","floor":14},{"not_picked":["Fission","All For One"],"picked":"Echo Form","floor":16},{"not_picked":["Barrage","Static Discharge"],"picked":"Self Repair","floor":18},{"not_picked":["Hologram","Conserve Battery","Barrage"],"picked":"SKIP","floor":20},{"not_picked":["Hologram","BootSequence","Barrage"],"picked":"SKIP","floor":22},{"not_picked":["Capacitor","Creative AI"],"picked":"Sweeping Beam","floor":24},{"not_picked":["Lockon+1","Steam+1"],"picked":"Beam Cell+1","floor":28},{"not_picked":["BootSequence+1","Streamline"],"picked":"Ball Lightning+1","floor":29},{"not_picked":["Meteor Strike","Barrage+1"],"picked":"Turbo+1","floor":31},{"not_picked":["Rainbow","Reboot"],"picked":"Seek","floor":33},{"not_picked":["Beam Cell+1","White Noise"],"picked":"Steam+1","floor":35},{"not_picked":["FTL","Turbo+1"],"picked":"Stack+1","floor":38},{"not_picked":["Barrage+1","Reprogram+1"],"picked":"Go for the Eyes+1","floor":40},{"not_picked":["Turbo","Leap+1"],"picked":"Static Discharge","floor":41},{"not_picked":["Redo+1","Glacier+1"],"picked":"Undo+1","floor":42},{"not_picked":["Redo","Sweeping Beam+1"],"picked":"Gash","floor":44},{"not_picked":["Blizzard+1","Rebound+1"],"picked":"Glacier+1","floor":45},{"not_picked":["All For One","Conserve Battery+1","Coolheaded"],"picked":"SKIP","floor":48},{"not_picked":["Barrage","Stack"],"picked":"Reinforced Body","floor":54}],"player_experience":540534,"relics_obtained":[{"floor":8,"key":"Eternal Feather"},{"floor":9,"key":"WingedGreaves"},{"floor":10,"key":"StoneCalendar"},{"floor":24,"key":"Du-Vu Doll"},{"floor":26,"key":"Orichalcum"},{"floor":29,"key":"Akabeko"},{"floor":41,"key":"Bottled Tornado"},{"floor":44,"key":"Thread and Needle"},{"floor":48,"key":"Frozen Egg 2"},{"floor":54,"key":"InkBottle"}],"event_choices":[{"damage_healed":0,"gold_gain":0,"player_choice":"Ignored","damage_taken":0,"max_hp_gain":0,"max_hp_loss":0,"event_name":"Liars Game","floor":4,"gold_loss":0},{"damage_healed":0,"gold_gain":100,"player_choice":"Pray","damage_taken":0,"max_hp_gain":0,"max_hp_loss":0,"event_name":"Golden Shrine","floor":5,"gold_loss":0},{"damage_healed":0,"gold_gain":100,"player_choice":"Pray","damage_taken":0,"max_hp_gain":0,"max_hp_loss":0,"event_name":"Golden Shrine","floor":19,"gold_loss":0},{"cards_removed":["Meteor Strike"],"damage_healed":0,"gold_gain":0,"player_choice":"Elegance","damage_taken":0,"max_hp_gain":0,"max_hp_loss":0,"event_name":"Back to Basics","floor":25,"gold_loss":0},{"damage_healed":0,"gold_gain":0,"player_choice":"Embrace Madness","damage_taken":9,"max_hp_gain":0,"max_hp_loss":0,"event_name":"Winding Halls","floor":37,"gold_loss":0,"cards_obtained":["Madness","Madness"]},{"damage_healed":0,"gold_gain":0,"player_choice":"Got Potions","damage_taken":0,"max_hp_gain":0,"max_hp_loss":0,"event_name":"Lab","floor":39,"gold_loss":0}],"is_beta":false,"boss_relics":[{"not_picked":["Snecko Eye","Philosopher\u0027s Stone"],"picked":"Pandora\u0027s Box"},{"not_picked":["Busted Crown","Cursed Key"],"picked":"Fusion Hammer"}],"items_purged_floors":[],"is_endless":false,"potions_floor_spawned":[2,10,16,18,22,29,31,38,41,48],"killed_by":"The Heart","ascension_level":1}}