{"host":"7sni158j623xchr2","time":1613365973,"event":{"mods":["BaseMod","Colored Map","Highlight Path","Minty Spire (QoL Compilation)","Permanent Neow","Potion Indicator Mod","Rare Cards Sparkle","Relic Sorter","Relic Stats","StSLib","everything is the same but u backflip on backflip"],"gold_per_floor":[111,111,130,143,161,195,195,222,245,273,273,291,12,32,32,135,135,151,151,76,26,26,52,62,62,89,39,39,69,169,197,197,299,299,316,591,72,72,22,55,55,67,67,77,112,127,142,175,175,175,175,175,21,21,21],"floor_reached":56,"language":"ENG","playtime":1690,"items_purged":["Strike_R","Strike_R","Strike_R","Strike_R","Defend_R"],"score":1439,"play_id":"6ed2e564-e6ba-4be2-b29f-f3a36bfa5586","local_time":"20210214231253","is_ascension_mode":true,"campfire_choices":[{"data":"Pommel Strike","floor":7,"key":"SMITH"},{"data":"Shockwave","floor":11,"key":"SMITH"},{"data":"Blood for Blood","floor":15,"key":"SMITH"},{"floor":28,"key":"REST"},{"floor":32,"key":"RECALL"},{"floor":41,"key":"REST"},{"floor":49,"key":"REST"},{"floor":52,"key":"REST"}],"circlet_count":0,"master_deck":["Defend_R","Defend_R","Bash","Clothesline","Pommel Strike+1","Blood for Blood+1","Shockwave+1","Spot Weakness","Exhume","Limit Break","Immolate","Disarm","Disarm","True Grit+1","Battle Trance+1","Reaper","Burning Pact","Double Tap","Shrug It Off","Whirlwind","Dark Shackles","Offering","Second Wind+1","Headbutt+1","Limit Break"],"relics":["Burning Blood","Ice Cream","Smiling Mask","Omamori","Potion Belt","PreservedInsect","Fusion Hammer","Necronomicon","InkBottle","Blood Vial","Juzu Bracelet","Ginger","Blue Candle","Meat on the Bone","Cursed Key","Chemical X","StoneCalendar","Toy Ornithopter","Anchor","DollysMirror"],"acts_visited":["Exordium","TheCity","TheBeyond","TheEnding"],"potions_floor_usage":[6,16,16,24,45,54,55,55],"damage_taken":[{"damage":6,"enemies":"Jaw Worm","floor":1,"turns":3},{"damage":4,"enemies":"Cultist","floor":3,"turns":3},{"damage":0,"enemies":"2 Louse","floor":4,"turns":2},{"damage":8,"enemies":"Blue Slaver","floor":5,"turns":4},{"damage":3,"enemies":"Lagavulin","floor":6,"turns":5},{"damage":39,"enemies":"3 Sentries","floor":8,"turns":7},{"damage":14,"enemies":"Gremlin Nob","floor":10,"turns":4},{"damage":8,"enemies":"Exordium Wildlife","floor":12,"turns":3},{"damage":7,"enemies":"Exordium Thugs","floor":14,"turns":4},{"damage":42,"enemies":"Slime Boss","floor":16,"turns":9},{"damage":17,"enemies":"Chosen","floor":18,"turns":5},{"damage":28,"enemies":"Book of Stabbing","floor":23,"turns":4},{"damage":20,"enemies":"Shell Parasite","floor":24,"turns":3},{"damage":0,"enemies":"Gremlin Leader","floor":29,"turns":2},{"damage":0,"enemies":"Colosseum Slavers","floor":30,"turns":1},{"damage":0,"enemies":"Colosseum Nobs","floor":30,"turns":1},{"damage":8,"enemies":"Book of Stabbing","floor":31,"turns":4},{"damage":44,"enemies":"Collector","floor":33,"turns":6},{"damage":0,"enemies":"3 Shapes","floor":35,"turns":4},{"damage":6,"enemies":"Giant Head","floor":40,"turns":3},{"damage":1,"enemies":"3 Darklings","floor":42,"turns":3},{"damage":18,"enemies":"Maw","floor":44,"turns":5},{"damage":23,"enemies":"Nemesis","floor":45,"turns":3},{"damage":21,"enemies":"4 Shapes","floor":46,"turns":1},{"damage":1,"enemies":"Jaw Worm Horde","floor":47,"turns":2},{"damage":0,"enemies":"Reptomancer","floor":48,"turns":2},{"damage":24,"enemies":"Awakened One","floor":50,"turns":6},{"damage":6,"enemies":"Shield and Spear","floor":54,"turns":2},{"damage":68,"enemies":"The Heart","floor":55,"turns":8}],"seed_played":"967392965050735117","potions_obtained":[{"floor":5,"key":"DistilledChaos"},{"floor":10,"key":"BloodPotion"},{"floor":12,"key":"Weak Potion"},{"floor":14,"key":"Regen Potion"},{"floor":23,"key":"Ancient Potion"},{"floor":30,"key":"Swift Potion"},{"floor":31,"key":"FairyPotion"},{"floor":35,"key":"ElixirPotion"},{"floor":46,"key":"SmokeBomb"}],"is_trial":false,"path_per_floor":["M","?","M","M","M","E","R","E","T","E","R","M","$","M","R","B",null,"M","?","?","$","?","E","M","T","T","$","R","E","?","E","R","B",null,"M","?","$","?","$","E","R","M","T","M","E","M","M","E","R","B",null,"R","$","E","B",null],"character_chosen":"IRONCLAD","items_purchased":["Limit Break","Regen Potion","Whirlwind","Chemical X","Dark Shackles","Offering","DollysMirror"],"campfire_rested":4,"item_purchase_floors":[13,13,37,37,37,37,53],"current_hp_per_floor":[72,72,72,72,70,72,72,39,39,31,31,29,29,28,28,44,72,61,61,61,61,45,23,23,23,23,23,44,52,68,68,68,56,72,72,72,72,72,72,72,72,72,72,72,55,54,72,72,72,72,72,72,72,72,54],"gold":21,"neow_bonus":"ONE_RARE_RELIC","is_daily":false,"chose_seed":false,"campfire_upgraded":3,"win_rate":0.0,"timestamp":1613365973,"path_taken":["M","?","?","M","M","E","R","E","T","E","R","M","$","M","R","BOSS","M","?","?","$","?","E","?","?","T","?","R","E","?","E","R","BOSS","M","?","$","?","?","E","R","M","T","M","E","M","M","E","R","BOSS","R","$","E","BOSS"],"items_purchased_type":["Card","Potion","Card","Relic","Card","Card","Relic"],"build_version":"2020-12-22","purchased_purges":5,"victory":true,"max_hp_per_floor":[72,72,72,72,72,72,72,72,72,72,72,72,72,72,72,72,72,72,72,72,72,72,72,72,72,72,72,72,72,72,72,72,72,72,72,72,72,72,72,72,72,72,72,72,72,72,72,72,72,72,72,72,72,72,72],"relic_stats":{"counters":[29,109],"Blue Candle":[0],"StoneCalendar":[52],"PreservedInsect":462,"Juzu Bracelet":2,"Ginger":[10],"Smiling Mask":375,"Cursed Key":0,"Burning Blood":120,"Blood Vial":14,"Necronomicon":[44],"Chemical X":[17],"obtain_stats":[{"Ice Cream":0,"Potion Belt":9,"Blue Candle":30,"StoneCalendar":40,"PreservedInsect":10,"Omamori":8,"Juzu Bracelet":29,"Ginger":30,"Smiling Mask":6,"Cursed Key":34,"Burning Blood":0,"Blood Vial":26,"Anchor":48,"DollysMirror":53,"Fusion Hammer":17,"Necronomicon":22,"Chemical X":37,"InkBottle":23,"Toy Ornithopter":45,"Meat on the Bone":31},{"Ice Cream":0,"Potion Belt":6,"Blue Candle":16,"StoneCalendar":20,"PreservedInsect":7,"Omamori":6,"Juzu Bracelet":14,"Ginger":16,"Smiling Mask":5,"Cursed Key":18,"Burning Blood":0,"Blood Vial":13,"Anchor":26,"DollysMirror":27,"Fusion Hammer":10,"Necronomicon":11,"Chemical X":19,"InkBottle":12,"Toy Ornithopter":23,"Meat on the Bone":17},{"Ice Cream":0,"Potion Belt":24,"Blue Candle":60,"StoneCalendar":77,"PreservedInsect":28,"Omamori":24,"Juzu Bracelet":58,"Ginger":60,"Smiling Mask":17,"Cursed Key":70,"Burning Blood":0,"Blood Vial":56,"Anchor":93,"DollysMirror":99,"Fusion Hammer":44,"Necronomicon":49,"Chemical X":74,"InkBottle":53,"Toy Ornithopter":88,"Meat on the Bone":64}],"InkBottle":[19],"Toy Ornithopter":10,"Meat on the Bone":24},"card_choices":[{"not_picked":["True Grit","Body Slam"],"picked":"Clothesline","floor":1},{"not_picked":["Power Through","Dark Embrace"],"picked":"Pommel Strike","floor":3},{"not_picked":["Perfected Strike","Body Slam"],"picked":"Blood for Blood","floor":4},{"not_picked":["Rupture","Perfected Strike"],"picked":"Shockwave","floor":5},{"not_picked":["Thunderclap","Blood for Blood","Havoc"],"picked":"SKIP","floor":6},{"not_picked":["Sword Boomerang","Hemokinesis","Thunderclap"],"picked":"SKIP","floor":8},{"not_picked":["Thunderclap","Sword Boomerang"],"picked":"Spot Weakness","floor":10},{"not_picked":["Heavy Blade","Body Slam"],"picked":"Exhume","floor":12},{"not_picked":["Clothesline","Armaments","Iron Wave"],"picked":"SKIP","floor":14},{"not_picked":["Fiend Fire","Bludgeon"],"picked":"Immolate","floor":16},{"not_picked":["Iron Wave","Cleave+1"],"picked":"Disarm","floor":18},{"not_picked":["Twin Strike","Blood for Blood+1"],"picked":"Disarm","floor":23},{"not_picked":["Flex","Clothesline"],"picked":"True Grit+1","floor":24},{"not_picked":["Spot Weakness","True Grit"],"picked":"Battle Trance+1","floor":29},{"not_picked":["Hemokinesis","Clash"],"picked":"Reaper","floor":30},{"not_picked":["Iron Wave","Armaments"],"picked":"Burning Pact","floor":31},{"not_picked":["Berserk","Barricade"],"picked":"Double Tap","floor":33},{"not_picked":["Heavy Blade+1","Burning Pact+1"],"picked":"Shrug It Off","floor":35},{"not_picked":["Dual Wield","Entrench+1","Battle Trance"],"picked":"SKIP","floor":40},{"not_picked":["Perfected Strike","Headbutt+1"],"picked":"Second Wind+1","floor":42},{"not_picked":["Heavy Blade","Pommel Strike+1"],"picked":"Headbutt+1","floor":44},{"not_picked":["Hemokinesis","Pummel","Anger"],"picked":"SKIP","floor":45},{"not_picked":["Heavy Blade","Blood for Blood+1","Combust"],"picked":"SKIP","floor":46},{"not_picked":["Wild Strike+1","Immolate","Reckless Charge"],"picked":"SKIP","floor":47},{"not_picked":["Seeing Red","Clothesline","Sword Boomerang"],"picked":"SKIP","floor":48}],"player_experience":1796007,"relics_obtained":[{"floor":6,"key":"Smiling Mask"},{"floor":8,"key":"Omamori"},{"floor":9,"key":"Potion Belt"},{"floor":10,"key":"PreservedInsect"},{"floor":22,"key":"Necronomicon"},{"floor":23,"key":"InkBottle"},{"floor":26,"key":"Blood Vial"},{"floor":29,"key":"Juzu Bracelet"},{"floor":30,"key":"Ginger"},{"floor":30,"key":"Blue Candle"},{"floor":31,"key":"Meat on the Bone"},{"floor":40,"key":"StoneCalendar"},{"floor":45,"key":"Toy Ornithopter"},{"floor":48,"key":"Anchor"}],"event_choices":[{"cards_removed":["Defend_R"],"damage_healed":0,"gold_gain":0,"player_choice":"Card Removal","damage_taken":0,"max_hp_gain":0,"max_hp_loss":0,"event_name":"Wheel of Change","floor":2,"gold_loss":0},{"damage_healed":0,"gold_gain":0,"player_choice":"Ignored","damage_taken":0,"max_hp_gain":0,"max_hp_loss":0,"event_name":"Vampires","floor":19,"gold_loss":0},{"cards_removed":["Strike_R"],"damage_healed":0,"gold_gain":0,"player_choice":"Gave Gold","damage_taken":0,"max_hp_gain":0,"max_hp_loss":0,"event_name":"Beggar","floor":20,"gold_loss":75},{"damage_healed":0,"gold_gain":0,"player_choice":"Obtained Book","damage_taken":16,"max_hp_gain":0,"max_hp_loss":0,"event_name":"Cursed Tome","floor":22,"gold_loss":0},{"damage_healed":0,"gold_gain":0,"player_choice":"Fight","damage_taken":0,"max_hp_gain":0,"max_hp_loss":0,"event_name":"Colosseum","floor":30,"gold_loss":0},{"damage_healed":0,"gold_gain":0,"player_choice":"Fought Nobs","damage_taken":0,"max_hp_gain":0,"max_hp_loss":0,"event_name":"Colosseum","floor":30,"gold_loss":0},{"damage_healed":0,"gold_gain":275,"player_choice":"Desecrate","damage_taken":0,"max_hp_gain":0,"max_hp_loss":0,"event_name":"Golden Shrine","floor":36,"gold_loss":0,"cards_obtained":["Regret"]},{"damage_healed":0,"gold_gain":0,"player_choice":"Bought 0 Potions","damage_taken":0,"max_hp_gain":0,"max_hp_loss":0,"event_name":"The Woman in Blue","floor":38,"gold_loss":0}],"is_beta":false,"boss_relics":[{"not_picked":["Empty Cage","Sozu"],"picked":"Fusion Hammer"},{"not_picked":["Tiny House","Black Star"],"picked":"Cursed Key"}],"items_purged_floors":[13,21,27,37,39],"is_endless":false,"potions_floor_spawned":[5,10,12,14,23,30,30,31,35,44,46,47],"ascension_level":1}}