{"host":"d6ni0fvdmr494qs7","time":1613400446,"event":{"mods":["ATMod(°¢èªMod)","BaseMod","Colored Powertips","Minty Spire (QoL Compilation)","Replay The Spire","Spicy Shops","StSLib","The Blue Laboratory","¡¾ÒÅÎï¿¨ÅÆ¡¿REMEMod"],"gold_per_floor":[110,130,130,145,145,145,180,192,250,290,319,331,376,115,115,213,213,231,231,231,241,257,269,298,308,308,334,349,349,360,390,390,492,492,506,506,521,533,543,576,576,606,656,656,669,669,694,709,709,709,709,709,77,108,108],"floor_reached":56,"language":"ZHS","playtime":4113,"items_purged":["Eruption","Defend_P"],"score":1504,"play_id":"3a38aff4-38af-4a44-be34-c8f80dbda505","local_time":"20210215224726","is_ascension_mode":true,"campfire_choices":[{"data":"Replay:AllIn","floor":6.0,"key":"SMITH"},{"data":"Vigilance","floor":12.0,"key":"SMITH"},{"floor":15.0,"key":"DIG"},{"data":"AT_IrregularMenstruation","floor":29.0,"key":"SMITH"},{"data":"Replay:BluntJabs","floor":32.0,"key":"PURGE"},{"data":"Establishment","floor":41.0,"key":"SMITH"},{"data":"TalkToTheHand","floor":44.0,"key":"SMITH"},{"floor":49.0,"key":"RECALL"},{"data":"Tantrum","floor":52.0,"key":"SMITH"}],"circlet_count":0,"master_deck":["Strike_P+1","Strike_P","Strike_P","Defend_P","Defend_P","Vigilance+1","AT_FamilyPortrait","Replay:AllIn+1","AT_FamilyPortrait","Evaluate","ClearTheMind","AT_IrregularMenstruation+1","Tantrum+1","Halt","FearNoEvil+1","ReachHeaven","Blasphemy","TalkToTheHand+1","AT_OneInchPunch+1","Scrawl","InnerPeace","Establishment+1","Sanctity+1","REME_MawOfCthun","Wallop"],"relics":["PureWater","AT_ATBox","REME_ComplimentaryCards","MawBank","Pen Nib","Simple Rune","Toy Ornithopter","AT_BladeRuinedKing","ReplayTheSpireMod:TigerMarble","REME_DuelDisc","Smiling Mask","Replay:Mystery Machine","Boot","Snack Pack","Painkiller Herb","Juzu Bracelet","Damaru","ReplayTheSpireMod:Ring of Exchange","Ancient Tea Set","AT_RedTearstoneRing","Onion Ring","AT_ChloranthyRing"],"acts_visited":["Exordium","TheCity","TheBeyond","TheEnding"],"potions_floor_usage":[],"damage_taken":[{"damage":0.0,"enemies":"Small Slimes","floor":1.0,"turns":2.0},{"damage":0.0,"enemies":"Cultist","floor":2.0,"turns":2.0},{"damage":0.0,"enemies":"2 Louse","floor":4.0,"turns":2.0},{"damage":1.0,"enemies":"Gremlin Nob","floor":7.0,"turns":3.0},{"damage":17.0,"enemies":"Lagavulin","floor":10.0,"turns":6.0},{"damage":5.0,"enemies":"Exordium Thugs","floor":11.0,"turns":3.0},{"damage":0.0,"enemies":"3 Sentries","floor":13.0,"turns":3.0},{"damage":10.0,"enemies":"Hexaghost","floor":16.0,"turns":5.0},{"damage":0.0,"enemies":"Shell Parasite","floor":18.0,"turns":1.0},{"damage":0.0,"enemies":"Spheric Guardian","floor":21.0,"turns":1.0},{"damage":0.0,"enemies":"Snake Plant","floor":22.0,"turns":1.0},{"damage":0.0,"enemies":"Shelled Parasite and Fungi","floor":23.0,"turns":1.0},{"damage":0.0,"enemies":"Gremlin Leader","floor":24.0,"turns":3.0},{"damage":0.0,"enemies":"Centurion and Healer","floor":25.0,"turns":1.0},{"damage":0.0,"enemies":"Replay:Snechameleon","floor":27.0,"turns":1.0},{"damage":0.0,"enemies":"Snake Plant","floor":28.0,"turns":2.0},{"damage":0.0,"enemies":"Snecko","floor":30.0,"turns":1.0},{"damage":0.0,"enemies":"Gremlin Leader","floor":31.0,"turns":1.0},{"damage":2.0,"enemies":"Pondfish","floor":33.0,"turns":4.0},{"damage":0.0,"enemies":"3 Shapes","floor":35.0,"turns":1.0},{"damage":0.0,"enemies":"3 Darklings","floor":37.0,"turns":2.0},{"damage":0.0,"enemies":"Spire Growth","floor":38.0,"turns":2.0},{"damage":6.0,"enemies":"Maw","floor":39.0,"turns":3.0},{"damage":1.0,"enemies":"R_Hoarder","floor":40.0,"turns":2.0},{"damage":2.0,"enemies":"Reptomancer","floor":42.0,"turns":2.0},{"damage":5.0,"enemies":"Sphere and 2 Shapes","floor":45.0,"turns":2.0},{"damage":0.0,"enemies":"Giant Head","floor":47.0,"turns":5.0},{"damage":12.0,"enemies":"4 Shapes","floor":48.0,"turns":2.0},{"damage":3.0,"enemies":"Donu and Deca","floor":50.0,"turns":3.0},{"damage":32.0,"enemies":"Shield and Spear","floor":54.0,"turns":5.0},{"damage":22,"enemies":"The Heart","floor":55,"turns":6}],"seed_played":"1710267709395766418","potions_obtained":[{"floor":1.0,"key":"LiquidBronze"},{"floor":7.0,"key":"Explosive Potion"},{"floor":13.0,"key":"SkillPotion"},{"floor":23.0,"key":"Toxic Potion"},{"floor":25.0,"key":"Fruit Juice"},{"floor":31.0,"key":"Venom Potion"}],"is_trial":false,"path_per_floor":["M","M","?","M","?","R","E","$","T","E","M","R","E","$","R","B",null,"M","?","?","M","M","M","E","M","T","E","M","R","M","E","R","B",null,"?","?","?","?","?","E","T","E","T","T","?","?","E","?","T","B",null,"T","T","E","B",null],"character_chosen":"WATCHER","items_purchased":["AT_BladeRuinedKing","Tantrum","AT_RedTearstoneRing","Onion Ring","REME_MawOfCthun","Wallop"],"campfire_rested":0,"item_purchase_floors":[14,14,53,53,53,53],"current_hp_per_floor":[72,72,72,72,72,72,71,71,71,54,49,49,49,49,49,39,72,72,72,72,72,72,72,72,77,77,77,77,77,77,77,77,77,77,77,77,77,77,73,72,72,72,72,72,74,74,80,68,68,80,80,80,80,48,36],"gold":108,"neow_bonus":"ONE_RANDOM_RARE_CARD","is_daily":false,"chose_seed":false,"campfire_upgraded":6,"win_rate":0.0,"timestamp":1613400446,"path_taken":["M","M","?","?","?","R","E","$","T","E","M","R","E","$","R","BOSS","M","?","?","M","?","M","E","M","T","E","?","R","M","E","R","BOSS","?","?","?","?","?","E","T","E","T","T","?","?","E","?","T","BOSS","T","T","E","BOSS"],"items_purchased_type":["Relic","Card","Relic","Relic","Card","Card"],"build_version":"2020-12-22","purchased_purges":2,"victory":true,"max_hp_per_floor":[72,72,72,72,72,72,72,72,72,72,72,72,72,72,72,72,72,72,72,72,72,72,72,72,77,77,77,77,77,77,77,77,77,77,77,77,77,77,77,77,77,77,77,77,80,80,80,80,80,80,80,80,80,80,80],"card_choices":[{"not_picked":["Consecrate","AT_DivineConfetti","Replay:ManipulateFuture"],"picked":"SKIP","floor":1.0},{"not_picked":["CrushJoints","Replay:BluntJabs","Crescendo"],"picked":"SKIP","floor":2.0},{"not_picked":["Collect","Weave"],"picked":"Evaluate","floor":4.0},{"not_picked":["CutThroughFate","Evaluate"],"picked":"ClearTheMind","floor":7.0},{"not_picked":["Replay:AllIn","Pray","LikeWater"],"picked":"SKIP","floor":10.0},{"not_picked":["PathToVictory","InnerPeace","Crescendo"],"picked":"SKIP","floor":11.0},{"not_picked":["Replay:AtTheReady","Ragnarok"],"picked":"AT_IrregularMenstruation","floor":13.0},{"not_picked":["DeceiveReality","PathToVictory","Replay:AtTheReady"],"picked":"SKIP","floor":18.0},{"not_picked":["Replay:Battleflow","Replay:DivineShield+1"],"picked":"Halt","floor":21.0},{"not_picked":["Evaluate","Wireheading"],"picked":"FearNoEvil","floor":22.0},{"not_picked":["Consecrate","WreathOfFlame+1"],"picked":"ReachHeaven","floor":23.0},{"not_picked":["Swivel+1","PathToVictory"],"picked":"Blasphemy","floor":24.0},{"not_picked":["EmptyBody","FlyingSleeves+1","ThirdEye"],"picked":"SKIP","floor":25.0},{"not_picked":["Nirvana","Consecrate"],"picked":"TalkToTheHand","floor":27.0},{"not_picked":["Evaluate","EmptyFist"],"picked":"AT_OneInchPunch+1","floor":28.0},{"not_picked":["Replay:Battleflow+1","FollowUp+1","ClearTheMind"],"picked":"SKIP","floor":30.0},{"not_picked":["Prostrate","Pray"],"picked":"Scrawl","floor":31.0},{"not_picked":["Conclude","Weave","SashWhip+1"],"picked":"SKIP","floor":35.0},{"not_picked":["Prostrate+1","Replay:ManipulateFuture","FlurryOfBlows"],"picked":"SKIP","floor":37.0},{"not_picked":["EmptyFist+1","EmptyBody+1","Perseverance"],"picked":"SKIP","floor":38.0},{"not_picked":["Replay:ManipulateFuture+1","REME_Repentance"],"picked":"InnerPeace","floor":39.0},{"not_picked":["Protect","Evaluate"],"picked":"Establishment","floor":40.0},{"not_picked":["FlyingSleeves+1","SandsOfTime+1","JustLucky+1"],"picked":"SKIP","floor":42.0},{"not_picked":["FlyingSleeves","PathToVictory+1","EmptyMind"],"picked":"SKIP","floor":45.0},{"not_picked":["BowlingBash+1","ReachHeaven","Replay:Battleflow+1"],"picked":"SKIP","floor":47.0},{"not_picked":["REME_Repentance","CrushJoints"],"picked":"Sanctity+1","floor":48.0},{"not_picked":["MasterReality","Conclude","AT_SoftenMuscles"],"picked":"SKIP","floor":54.0}],"player_experience":216282,"relics_obtained":[{"floor":7.0,"key":"MawBank"},{"floor":9.0,"key":"Pen Nib"},{"floor":10.0,"key":"Simple Rune"},{"floor":13.0,"key":"Toy Ornithopter"},{"floor":15.0,"key":"ReplayTheSpireMod:TigerMarble"},{"floor":24.0,"key":"Smiling Mask"},{"floor":26.0,"key":"Replay:Mystery Machine"},{"floor":27.0,"key":"Boot"},{"floor":31.0,"key":"Snack Pack"},{"floor":40.0,"key":"Juzu Bracelet"},{"floor":42.0,"key":"Damaru"},{"floor":46.0,"key":"ReplayTheSpireMod:Ring of Exchange"},{"floor":47.0,"key":"Ancient Tea Set"},{"floor":54.0,"key":"AT_ChloranthyRing"}],"event_choices":[{"cards_removed":["Strike_P"],"damage_healed":0.0,"max_hp_gain":0.0,"max_hp_loss":0.0,"gold_gain":0.0,"event_name":"Bonfire Elementals","player_choice":"Offered Basic","floor":5.0,"gold_loss":0.0,"damage_taken":0.0},{"damage_healed":0.0,"max_hp_gain":0.0,"max_hp_loss":0.0,"gold_gain":0.0,"event_name":"Cursed Tome","player_choice":"Ignored","floor":19.0,"gold_loss":0.0,"damage_taken":0.0},{"damage_healed":0.0,"max_hp_gain":0.0,"max_hp_loss":0.0,"gold_gain":0.0,"cards_transformed":["Defend_P"],"event_name":"Transmorgrifier","player_choice":"Transformed","floor":20.0,"gold_loss":0.0,"damage_taken":0.0,"cards_obtained":["Replay:BluntJabs"]},{"damage_healed":0.0,"max_hp_gain":0.0,"max_hp_loss":0.0,"gold_gain":0.0,"event_name":"Tomb of Lord Red Mask","player_choice":"Ignored","floor":36.0,"gold_loss":0.0,"damage_taken":0.0}],"is_beta":false,"boss_relics":[{"not_picked":["Sozu","Busted Crown"],"picked":"REME_DuelDisc"},{"not_picked":["REME_ChargedStone","Astrolabe"],"picked":"Painkiller Herb"}],"items_purged_floors":[14,53],"is_endless":false,"potions_floor_spawned":[1,7,13,16,18,23,24,25,31,37,38,42,45,48],"ascension_level":1}}