{"host":"qswkx8hggytna0kc","time":1613402676,"event":{"mods":["Aspiration","BaseMod","BetterRewards","Colored Map","Colored Powertips","Highlight Path","Hubris","Mimic Mod","Minty Spire (QoL Compilation)","MostiFishMod","Quick Restart","Replay The Spire","StSLib","SuperFastMode"],"gold_per_floor":[361,361,286,300,314,314,358,358,358,112,112,147,147,183,183,282,282,306,306,326,345,369,369,409,409,462,462,503,516,560,590,590,718,718,750,775,828,828,33,33,62,139,166,66,128,163,192,225,225,277,303,303,303,581,649,737],"floor_reached":57,"language":"ZHS","playtime":1987,"items_purged":["Defend_B","Strike_B","Strike_B"],"score":3634,"play_id":"d284ae70-416d-4889-9f6d-d99f931505c1","local_time":"20210215232436","is_ascension_mode":true,"campfire_choices":[{"floor":6,"key":"REST"},{"floor":13,"key":"REST"},{"data":"MostiFishMod:InterfaceCompatibility","floor":15,"key":"SMITH"},{"data":"Zap","floor":23,"key":"SMITH"},{"floor":25,"key":"RECALL"},{"data":"Machine Learning","floor":32,"key":"SMITH"},{"data":"Pot Of Greed","floor":40,"key":"SMITH"},{"data":"Recycle","floor":49,"key":"SMITH"},{"data":"Pot Of Greed","floor":53,"key":"SMITH"}],"circlet_count":0,"master_deck":["AscendersBane","Strike_B","Defend_B","Defend_B","Defend_B","Zap+1","Skim","Beam Cell","Scrape","MostiFishMod:InterfaceCompatibility+1","Tempest+1","Parasite","Pot Of Greed+1","Pot Of Greed+1","Go for the Eyes+1","Turbo","Gash","Turbo","Scrape+1","Recycle+1","Machine Learning+1","Beam Cell+1","Gash","Pot Of Greed","Steam Power+1","Gash","Recycle+1","Recycle+1","Turbo+1","Beam Cell","MostiFishMod:ForestofLight","Turbo+1"],"relics":["Cracked Core","DaveBox","ThornShield","SynthV:TestCard","Golden Idol","StrikeDummy","Singing Bowl","Civilization","Grinning Jar","Mirror","BloodWine","ReplayTheSpireMod:Ring of Exchange","Nunchaku","Ancient Tea Set","Replay:Bandana","MostiFishMod:AdaptiveDefenses","Prayer Wheel","BirthdayGift-Icosahedron","Meat on the Bone","Whetstone","Bag of Marbles","hubris:NiceRug","Dead Branch","aspiration:ChemicalBlood","Frozen Eye","White Beast Statue"],"acts_visited":["Exordium","TheCity","TheBeyond","TheEnding"],"potions_floor_usage":[46,56],"damage_taken":[{"damage":2.0,"enemies":"Cultist","floor":1.0,"turns":4.0},{"damage":0.0,"enemies":"2 Louse","floor":4.0,"turns":1.0},{"damage":2,"enemies":"Small Slimes","floor":5,"turns":3},{"damage":17,"enemies":"Replay:BlueRogue","floor":7,"turns":4},{"damage":30,"enemies":"3 Sentries","floor":12,"turns":6},{"damage":4,"enemies":"Replay:BlueRogue","floor":14,"turns":3},{"damage":0,"enemies":"The Guardian","floor":16,"turns":5},{"damage":0,"enemies":"3 Byrds","floor":18,"turns":1},{"damage":0,"enemies":"Shell Parasite","floor":20,"turns":2},{"damage":0,"enemies":"Shelled Parasite and Fungi","floor":21,"turns":2},{"damage":0,"enemies":"Centurion and Healer","floor":22,"turns":2},{"damage":0,"enemies":"Gremlin Leader","floor":24,"turns":3},{"damage":0,"enemies":"Slavers","floor":28,"turns":2},{"damage":0,"enemies":"Snake Plant","floor":29,"turns":2},{"damage":0,"enemies":"Replay:Snechameleon","floor":30,"turns":1},{"damage":0,"enemies":"Shelled Parasite and Fungi","floor":31,"turns":1},{"damage":0,"enemies":"Champ","floor":33,"turns":4},{"damage":1,"enemies":"Orb Walker","floor":35,"turns":2},{"damage":0,"enemies":"3 Shapes","floor":36,"turns":2},{"damage":1,"enemies":"Maw","floor":37,"turns":3},{"damage":0,"enemies":"3 Darklings","floor":41,"turns":1},{"damage":0,"enemies":"R_Hoarder","floor":42,"turns":2},{"damage":0,"enemies":"Reptomancer","floor":45,"turns":1},{"damage":0,"enemies":"Sphere and 2 Shapes","floor":46,"turns":1},{"damage":1,"enemies":"Writhing Mass","floor":47,"turns":1},{"damage":0,"enemies":"Jaw Worm Horde","floor":48,"turns":1},{"damage":0,"enemies":"hubris:GrandSnecko","floor":50,"turns":3},{"damage":0,"enemies":"Time Eater","floor":51,"turns":3},{"damage":0,"enemies":"hubris:Merchant","floor":54,"turns":2},{"damage":0,"enemies":"Shield and Spear","floor":55,"turns":1},{"damage":131,"enemies":"The Heart","floor":56,"turns":5}],"seed_played":"-2448799029426885193","potions_obtained":[{"floor":1.0,"key":"BlessingOfTheForge"},{"floor":16,"key":"Milkshake"},{"floor":46,"key":"Fruit Juice"},{"floor":54,"key":"ColorlessPotion"},{"floor":56,"key":"FairyPotion"}],"is_trial":false,"path_per_floor":["M","?","?","M","M","R","E","?","T","$","?","E","R","E","R","B",null,"M","?","M","M","M","R","E","R","T","?","E","M","E","M","R","B",null,"M","M","M","?","$","R","M","E","T","$","E","M","M","M","R","B","B",null,"R","$","E","B",null],"character_chosen":"DEFECT","items_purchased":["Civilization","BirthdayGift-Icosahedron"],"campfire_rested":2,"item_purchase_floors":[10,39],"current_hp_per_floor":[44,20,20,20,18,39,22,22,22,22,39,14,36,36,36,43,76,83,83,88,93,98,98,112,112,112,112,117,122,129,134,134,141,141,145,154,162,162,162,162,172,178,178,178,183,195,202,209,209,214,219,219,219,236,241,164],"gold":737,"neow_bonus":"TWO_FIFTY_GOLD","is_daily":false,"chose_seed":false,"campfire_upgraded":6,"win_rate":0.0,"timestamp":1613402676,"path_taken":["M","?","?","M","M","R","E","?","T","$","?","E","R","E","R","BOSS","M","?","M","M","M","R","E","R","T","?","E","M","E","M","R","BOSS","M","M","M","?","?","R","M","E","T","$","E","M","M","M","R","BOSS","BOSS","R","$","E","BOSS"],"items_purchased_type":["Relic","Relic"],"build_version":"2020-12-22","purchased_purges":3,"victory":true,"max_hp_per_floor":[71,71,71,71,71,71,71,71,71,71,71,76,76,80,80,87,87,94,94,99,104,109,109,114,114,114,114,119,124,131,136,136,141,141,146,155,164,164,164,164,173,178,178,178,183,195,202,209,209,214,219,219,219,236,241,246],"card_choices":[{"not_picked":["Heatsinks","Barrage"],"picked":"Skim","floor":1.0},{"not_picked":["Panic Button","Redo","Conserve Battery","Stack"],"picked":"Beam Cell","floor":4.0},{"not_picked":["Steam","Turbo","Go for the Eyes","Hologram"],"picked":"Scrape","floor":5},{"not_picked":["Rebound","Fusion","Streamline","Biased Cognition"],"picked":"MostiFishMod:InterfaceCompatibility","floor":7},{"not_picked":["Crystallizer","Cold Snap","Redo","Defragment","Sweeping Beam"],"picked":"Singing Bowl","floor":12},{"not_picked":["Conserve Battery","Compile Driver","Steam","Melter"],"picked":"Go for the Eyes","floor":14},{"not_picked":["MostiFishMod:DawningShadow","MostiFishMod:ATRI","Fission","ReplayRNGCard","Amplify"],"picked":"Singing Bowl","floor":16},{"not_picked":["Reinforced Body","Hologram","ReplayTheSpireMod:Repulse","Redo","Steam"],"picked":"Singing Bowl","floor":18},{"not_picked":["Rebound","Compile Driver","MostiFishMod:Impulse","Heatsinks+1"],"picked":"Turbo","floor":20},{"not_picked":["Turbo","Creative AI","ReplaySort","Coolheaded"],"picked":"Gash","floor":21},{"not_picked":["Conserve Battery","Barrage","Consume","Stack"],"picked":"Turbo","floor":22},{"not_picked":["Glacier","Turbo","Darkness","Defragment"],"picked":"Scrape","floor":24},{"not_picked":["Aggregate","BasicCrystalCard","Skim","Self Repair"],"picked":"Recycle+1","floor":28},{"not_picked":["Steam","MostiFishMod:PushDownKick","Gash","Compile Driver"],"picked":"Machine Learning","floor":29},{"not_picked":["BasicCrystalCard","Leap+1","MostiFishMod:ActiveDefenseSystem","Lockon","ReplaySolidLightProjector"],"picked":"Singing Bowl","floor":30},{"not_picked":["Reprogram+1","Stack","Hologram","Genetic Algorithm"],"picked":"Beam Cell+1","floor":31},{"not_picked":["MostiFishMod:DeathFromBelow","MostiFishMod:ReadyAimFire","ReplayTheSpireMod:Omega Cannon","MostiFishMod:DawningShadow"],"picked":"ReplayTheSpireMod:Fabricate Wheel","floor":33},{"not_picked":["Redo","Go for the Eyes+1","MostiFishMod:PushDownKick","Hologram+1"],"picked":"Gash","floor":35},{"not_picked":["ReplaySolidLightProjector+1","Doom and Gloom","Hologram+1","Glacier"],"picked":"Steam Power+1","floor":35},{"not_picked":["Darkness","Steam","BasicCrystalCard","Conserve Battery+1","MostiFishMod:PushDownKick+1"],"picked":"Singing Bowl","floor":36},{"not_picked":["Beam Cell","Melter","Heatsinks","Compile Driver","Reboot"],"picked":"Singing Bowl","floor":36},{"not_picked":["Rebound","Glacier","Loop","Leap+1","Barrage+1"],"picked":"Singing Bowl","floor":37},{"not_picked":["Sweeping Beam","hubris:PowerSurge","ReplaySolidLightProjector","Cold Snap","Panic Button"],"picked":"Singing Bowl","floor":37},{"not_picked":["Coolheaded","Barrage","Melter+1","Sunder","Self Repair"],"picked":"Singing Bowl","floor":41},{"not_picked":["MostiFishMod:PushDownKick","Sweeping Beam","Compile Driver+1","MostiFishMod:ReadyAimFire","Reprogram"],"picked":"Singing Bowl","floor":41},{"not_picked":["Steam+1","Panic Button+1","Compile Driver+1","Darkness"],"picked":"Gash","floor":42},{"not_picked":["BootSequence","Streamline","ReplaySolidLightProjector+1","Go for the Eyes"],"picked":"Recycle","floor":45},{"not_picked":["Leap","Time Bomb","Cold Snap","Rebound+1"],"picked":"Recycle+1","floor":46},{"not_picked":["Storm","Ball Lightning","MostiFishMod:FluxCapactior+1","Glacier","Barrage"],"picked":"Singing Bowl","floor":46},{"not_picked":["Static Discharge","Leap+1","Undo","Cold Snap+1","Consume"],"picked":"Singing Bowl","floor":47},{"not_picked":["BasicCrystalCard","Go for the Eyes","Darkness","Reprogram"],"picked":"Turbo+1","floor":47},{"not_picked":["Steam+1","Cold Snap","MostiFishMod:FluxCapactior","Crystallizer"],"picked":"Beam Cell","floor":48},{"not_picked":["Steam","Compile Driver+1","BasicCrystalCard+1","Force Field","Leap+1"],"picked":"Singing Bowl","floor":48},{"not_picked":["Cold Snap"],"picked":"Singing Bowl","floor":54},{"not_picked":["Melter"],"picked":"Singing Bowl","floor":54},{"not_picked":["Time Bomb"],"picked":"Singing Bowl","floor":54},{"not_picked":["Consume"],"picked":"Singing Bowl","floor":54},{"not_picked":["MostiFishMod:StrandedSiren"],"picked":"Singing Bowl","floor":54},{"not_picked":["Dramatic Entrance"],"picked":"Singing Bowl","floor":54},{"not_picked":[],"picked":"MostiFishMod:ForestofLight","floor":54},{"not_picked":["Cold Snap","Ball Lightning","ReplayTheSpireMod:Calculation Training+1","Stack"],"picked":"Turbo+1","floor":55}],"player_experience":410360,"relics_obtained":[{"floor":1.0,"key":"SynthV:TestCard"},{"floor":7,"key":"StrikeDummy"},{"floor":9,"key":"Singing Bowl"},{"floor":12,"key":"Grinning Jar"},{"floor":14,"key":"Mirror"},{"floor":19,"key":"ReplayTheSpireMod:Ring of Exchange"},{"floor":24,"key":"Nunchaku"},{"floor":28,"key":"Ancient Tea Set"},{"floor":30,"key":"Replay:Bandana"},{"floor":42,"key":"Meat on the Bone"},{"floor":43,"key":"Whetstone"},{"floor":45,"key":"Bag of Marbles"},{"floor":54,"key":"Dead Branch"},{"floor":54,"key":"aspiration:ChemicalBlood"},{"floor":54,"key":"Frozen Eye"},{"floor":55,"key":"White Beast Statue"}],"event_choices":[{"damage_healed":0.0,"max_hp_gain":0.0,"max_hp_loss":0.0,"gold_gain":0.0,"event_name":"Golden Idol","player_choice":"Take Damage","floor":2.0,"gold_loss":0.0,"damage_taken":24.0,"relics_obtained":["Golden Idol"]},{"cards_removed":["Strike_B"],"damage_healed":0.0,"max_hp_gain":0.0,"max_hp_loss":0.0,"gold_gain":0.0,"event_name":"The Cleric","player_choice":"Card Removal","floor":3.0,"gold_loss":75.0,"damage_taken":0.0},{"damage_healed":17,"gold_gain":0,"player_choice":"Healed and dodged fight","damage_taken":0,"max_hp_gain":0,"max_hp_loss":0,"event_name":"Mushrooms","floor":11,"gold_loss":0,"cards_obtained":["Parasite"]},{"damage_healed":0,"gold_gain":0,"player_choice":"Ignored","damage_taken":0,"max_hp_gain":0,"max_hp_loss":0,"event_name":"SecretPortal","floor":38,"gold_loss":0}],"is_beta":false,"boss_relics":[{"not_picked":["Kintsugi","aspiration:BursterCore"],"picked":"BloodWine"},{"not_picked":["aspiration:RunicSpoon","ReplayTheSpireMod:ShopPack"],"picked":"MostiFishMod:AdaptiveDefenses"}],"items_purged_floors":[10,44,54],"is_endless":false,"potions_floor_spawned":[1,16,18,21,30,33,36,41,45,46,48],"ascension_level":20}}