{"host":"kpyf5rnb72uwap8k","time":1613400068,"event":{"mods":["AchievementEnabler","BaseMod","Colored Map","Colored Powertips","DeckTracker","Minty Spire (QoL Compilation)","Permanent Neow","Quick Restart","StSLib","SuperFastMode"],"gold_per_floor":[116,116,130,147,147,147,147,42,88,27,67,79,130,168,180,303,315,341,2,101,101,0,31,31,50,50,84,84,84,84,13,13,123,177,188,188,217,217,20,20,20,37,37,37,52,89,140,140,140,140],"floor_reached":51,"language":"KOR","playtime":1403,"items_purged":["Strike_P","Defend_P","ThirdEye+1"],"score":905,"play_id":"a663050a-ebe9-4e46-a91d-5fcb86f1124d","local_time":"20210215234108","is_ascension_mode":true,"campfire_choices":[{"data":"EmptyMind","floor":6,"key":"SMITH"},{"floor":12,"key":"REST"},{"data":"MentalFortress","floor":15,"key":"SMITH"},{"floor":24,"key":"REST"},{"floor":29,"key":"REST"},{"data":"Adaptation","floor":32,"key":"SMITH"},{"data":"Adaptation","floor":40,"key":"SMITH"},{"data":"MentalFortress","floor":44,"key":"SMITH"},{"data":"Tantrum","floor":49,"key":"SMITH"}],"circlet_count":0,"master_deck":["Eruption+1","TalkToTheHand+1","EmptyMind+1","MentalFortress+1","WheelKick","FollowUp","Tantrum+1","Omniscience","FearNoEvil","Adaptation+1","Judgement+1","Establishment","FearNoEvil","SandsOfTime","MentalFortress+1","WindmillStrike","EmptyBody+1","Adaptation+1","Scrawl+1"],"relics":["PureWater","NeowsBlessing","CeramicFish","PreservedInsect","MawBank","HornCleat","SlaversCollar","Toxic Egg 2","Darkstone Periapt","Bag of Preparation","InkBottle","Ornamental Fan","Pandora\u0027s Box","Frozen Egg 2","Akabeko","Bird Faced Urn"],"acts_visited":["Exordium","TheCity","TheBeyond"],"potions_floor_usage":[16,33,33,33,50,50],"damage_taken":[{"damage":0,"enemies":"Small Slimes","floor":1,"turns":1},{"damage":0,"enemies":"Cultist","floor":3,"turns":1},{"damage":0,"enemies":"Jaw Worm","floor":4,"turns":1},{"damage":25,"enemies":"3 Louse","floor":11,"turns":3},{"damage":0,"enemies":"Gremlin Nob","floor":13,"turns":2},{"damage":7,"enemies":"Lots of Slimes","floor":14,"turns":3},{"damage":2,"enemies":"Hexaghost","floor":16,"turns":7},{"damage":30,"enemies":"2 Thieves","floor":18,"turns":5},{"damage":8,"enemies":"Book of Stabbing","floor":23,"turns":5},{"damage":5,"enemies":"Shell Parasite","floor":25,"turns":5},{"damage":0,"enemies":"Gremlin Leader","floor":27,"turns":3},{"damage":4,"enemies":"Champ","floor":33,"turns":4},{"damage":3,"enemies":"3 Shapes","floor":35,"turns":3},{"damage":17,"enemies":"Orb Walker","floor":37,"turns":2},{"damage":0,"enemies":"Sphere and 2 Shapes","floor":42,"turns":4},{"damage":0,"enemies":"Transient","floor":45,"turns":5},{"damage":0,"enemies":"Reptomancer","floor":46,"turns":3},{"damage":0,"enemies":"2 Orb Walkers","floor":47,"turns":3},{"damage":16,"enemies":"Donu and Deca","floor":50,"turns":6}],"seed_played":"5631065969079573187","potions_obtained":[{"floor":4,"key":"LiquidMemories"},{"floor":13,"key":"SteroidPotion"},{"floor":14,"key":"BlessingOfTheForge"},{"floor":25,"key":"Strength Potion"},{"floor":33,"key":"StancePotion"},{"floor":37,"key":"SneckoOil"},{"floor":42,"key":"SteroidPotion"}],"is_trial":false,"path_per_floor":["M","?","M","M","?","R","?","$","T","?","M","R","E","M","R","B",null,"M","$","?","T","?","E","R","M","T","E","?","R","?","$","R","B",null,"M","?","M","?","$","R","$","M","T","R","M","E","?","$","R","B",null],"character_chosen":"WATCHER","items_purchased":["MentalFortress","Toxic Egg 2","Adaptation","Adaptation"],"campfire_rested":3,"item_purchase_floors":[8,19,31,39],"current_hp_per_floor":[72,72,72,72,72,72,65,65,65,65,40,61,61,54,54,52,72,42,42,42,42,42,34,55,50,50,50,37,60,60,60,60,56,77,74,74,57,57,57,57,57,57,57,57,57,57,57,57,57,49],"gold":140,"neow_bonus":"THREE_ENEMY_KILL","is_daily":false,"chose_seed":false,"campfire_upgraded":6,"win_rate":0.0,"timestamp":1613400068,"path_taken":["M","?","?","M","?","R","?","$","T","?","?","R","E","M","R","BOSS","M","$","?","?","?","E","R","?","T","E","?","R","?","$","R","BOSS","M","?","M","?","$","R","$","M","T","R","M","E","?","?","R","BOSS"],"items_purchased_type":["Card","Relic","Card","Card"],"build_version":"2020-12-22","purchased_purges":3,"victory":true,"max_hp_per_floor":[72,72,72,72,72,72,72,72,72,72,72,72,72,72,72,72,72,72,72,72,72,72,72,72,72,72,72,77,77,77,77,77,77,77,77,77,77,77,77,77,77,77,77,77,77,77,77,77,77,77],"card_choices":[{"not_picked":["Evaluate","Sanctity"],"picked":"TalkToTheHand","floor":1},{"not_picked":["Protect","Halt","ClearTheMind"],"picked":"SKIP","floor":3},{"not_picked":["Evaluate","Vengeance"],"picked":"EmptyMind","floor":4},{"not_picked":["BowlingBash","PathToVictory"],"picked":"WheelKick","floor":11},{"not_picked":["LessonLearned","Crescendo"],"picked":"FollowUp","floor":13},{"not_picked":["FollowUp","PathToVictory"],"picked":"Tantrum","floor":14},{"not_picked":["DeusExMachina","ConjureBlade"],"picked":"Omniscience","floor":16},{"not_picked":["CrushJoints","Nirvana","Vengeance"],"picked":"SKIP","floor":18},{"not_picked":["CrushJoints+1","Tantrum+1","Establishment"],"picked":"SKIP","floor":23},{"not_picked":["Worship+1","WindmillStrike+1","Halt+1"],"picked":"SKIP","floor":25},{"not_picked":["FlurryOfBlows","Devotion"],"picked":"FearNoEvil","floor":27},{"not_picked":["Ragnarok","Brilliance"],"picked":"Judgement+1","floor":33},{"not_picked":["CutThroughFate","Worship+1","ThirdEye+1"],"picked":"SKIP","floor":35},{"not_picked":["SashWhip","Protect+1"],"picked":"EmptyBody+1","floor":37},{"not_picked":["WaveOfTheHand+1","FollowUp+1","SashWhip+1"],"picked":"SKIP","floor":42},{"not_picked":["Consecrate+1","CutThroughFate+1","Conclude+1"],"picked":"SKIP","floor":45},{"not_picked":["CutThroughFate+1","Collect+1"],"picked":"Scrawl+1","floor":46}],"player_experience":274684,"relics_obtained":[{"floor":9,"key":"PreservedInsect"},{"floor":13,"key":"HornCleat"},{"floor":21,"key":"Darkstone Periapt"},{"floor":23,"key":"Bag of Preparation"},{"floor":26,"key":"InkBottle"},{"floor":27,"key":"Ornamental Fan"},{"floor":43,"key":"Frozen Egg 2"},{"floor":46,"key":"Akabeko"},{"floor":47,"key":"Bird Faced Urn"}],"event_choices":[{"damage_healed":0,"gold_gain":0,"player_choice":"Forge","damage_taken":0,"max_hp_gain":0,"max_hp_loss":0,"event_name":"Accursed Blacksmith","floor":2,"gold_loss":0,"cards_upgraded":["Eruption"]},{"damage_healed":0,"gold_gain":0,"player_choice":"Grow","damage_taken":0,"max_hp_gain":0,"max_hp_loss":0,"event_name":"Living Wall","floor":5,"gold_loss":0,"cards_upgraded":["TalkToTheHand"]},{"damage_healed":0,"gold_gain":0,"player_choice":"Success","damage_taken":7,"relics_obtained":["CeramicFish"],"max_hp_gain":0,"max_hp_loss":0,"event_name":"Scrap Ooze","floor":7,"gold_loss":0},{"damage_healed":0,"gold_gain":0,"player_choice":"Paid Gold","damage_taken":0,"relics_obtained":["MawBank"],"max_hp_gain":0,"max_hp_loss":0,"event_name":"WeMeetAgain","floor":10,"gold_loss":61},{"damage_healed":0,"gold_gain":99,"player_choice":"Stole From Cult","damage_taken":0,"max_hp_gain":0,"max_hp_loss":0,"event_name":"Nest","floor":20,"gold_loss":0},{"damage_healed":0,"gold_gain":0,"player_choice":"Paid Fearfully","damage_taken":0,"max_hp_gain":0,"max_hp_loss":0,"event_name":"Masked Bandits","floor":22,"gold_loss":101},{"damage_healed":0,"gold_gain":0,"player_choice":"Shed Blood","damage_taken":18,"max_hp_gain":5,"max_hp_loss":0,"event_name":"Forgotten Altar","floor":28,"gold_loss":0},{"damage_healed":0,"gold_gain":0,"player_choice":"Ignored","damage_taken":0,"max_hp_gain":0,"max_hp_loss":0,"event_name":"Ghosts","floor":30,"gold_loss":0},{"damage_healed":0,"gold_gain":0,"player_choice":"Ignored","damage_taken":0,"max_hp_gain":0,"max_hp_loss":0,"event_name":"Tomb of Lord Red Mask","floor":36,"gold_loss":0},{"cards_removed":["Vigilance"],"damage_healed":0,"gold_gain":0,"player_choice":"Removed Skill","damage_taken":0,"max_hp_gain":0,"max_hp_loss":0,"event_name":"Falling","floor":38,"gold_loss":0},{"damage_healed":0,"gold_gain":0,"player_choice":"Fight","damage_taken":0,"max_hp_gain":0,"max_hp_loss":0,"event_name":"Mysterious Sphere","floor":47,"gold_loss":0}],"is_beta":false,"boss_relics":[{"not_picked":["Snecko Eye","Fusion Hammer"],"picked":"SlaversCollar"},{"not_picked":["SacredBark","Calling Bell"],"picked":"Pandora\u0027s Box"}],"items_purged_floors":[8,19,39],"is_endless":false,"potions_floor_spawned":[4,13,14,25,33,37,42,45,46],"ascension_level":2}}