{"host":"KYO","time":1613353832,"event":{"mods":["BaseMod","BetterRewards","Minty Spire (QoL Compilation)","Permanent Neow","Shop Mod","StSLib","SuperFastMode","TestMod","[IsaacMod]以撒尖塔"],"gold_per_floor":[118,1000944,198,198,198,223,251,276,347,358,392,403,515,591,591,667,682,701,1000,1000,1019,1001027,1019,1050,1062,1137,1164,1181,1181,1209,1227,1227,1245,1245,1001245,1255,1270,1296,1306,1306,1384,1384,1414,1423,1439,1472,1472,1547,1570,1589,1589,1589,1988,2004,2038,2038,2066,2066,2082,2112,7215,7233,7262,7262,7262,7262,7262,7262,6814,6842,6842],"floor_reached":57,"language":"ZHS","playtime":4193,"items_purged":["Defend_P","Strike_P","Defend_P","Defend_P","Strike_P","Strike_P","Strike_P","BloodyBrimstone","Defend_P","FollowUp","Crescendo+1","ThirdEye+1","Adaptation","Vigilance","Eruption+1","testmod-BackupPower+1","Shame","LessonLearned+1","Wish+1","Prostrate+1"],"score":5001,"play_id":"051ebe97-f286-4c58-b155-3c9a14ec763d","local_time":"20210215095032","is_ascension_mode":true,"campfire_choices":[{"data":"Flash of Steel","floor":15.0,"key":"SMITH"},{"data":"Prostrate+1","floor":23.0,"key":"PURGE"},{"floor":32.0,"key":"RECALL"},{"floor":32.0,"key":"DIG"},{"floor":49,"key":"DIG"},{"floor":53,"key":"DIG"}],"circlet_count":25,"master_deck":["AscendersBane","Flash of Steel+1","Finesse+1","Flash of Steel+1","After Image+1","After Image+1"],"relics":["testmod-TestBox","testmod-EnergyCheck","BookofShadows","MerchantsRug","Membership Card","Toxic Egg 2","TheBattery","TheBible","DeathBook","Sundial","BlankCard","AnarchistCookbook","testmod-BouquetWithThorns","ClockworkSouvenir","testmod-CasingShield","Peace Pipe","Centennial Puzzle","Pantograph","Sling","Shovel","BFFS","Darkstone Periapt","SalivaCoin","Frozen Eye","EdensBlessing","BookOfRevelations","testmod-TheFather","FossilizedHelix","Prayer Wheel","PreservedInsect","Pen Nib","TheAbacus","Ice Cream","Damaru","HandDrill","testmod-IndustrialRevolution","Mercury Hourglass","GuppysHead","testmod-OneHitWonder","InkBottle","CloakClasp","Meat on the Bone","Turnip","testmod-HeartOfStrike","testmod-RainbowHikingShoes","testmod-Fortitude","testmod-Antiphasic","Ginger","TungstenRod","Toy Ornithopter","testmod-Brilliant","Habit","DeadEye","D6","DoctorsRemote","Oddly Smooth Stone","testmod-Muramasa","testmod-RealStoneCalender","Lizard Tail","PrismaticShard","BelialBook","UnicornStump","Thread and Needle","TheBean","OrangePellets","testmod-BlackFramedGlasses","Blue Candle","Diplopia","Vajra","Void","Medical Kit","Blood Vial","Torii","Mummified Hand","testmod-Charity","Incense Burner","TeardropLocket","testmod-Alchemist","testmod-Laevatain","Nunchaku","PunchingBag","Shuriken","Letter Opener","NineVolt","testmod-CrystalShield","Boot","Singing Bowl","Orichalcum","HowToJump","testmod-Acrobat","testmod-TurbochargingSystem","YumHeart","Bronze Scales","Bag of Marbles","CaptainsWheel","testmod-Maize","Du-Vu Doll","Gambling Chip","Leech","testmod-ObsoleteBoomerang","Gremlin Horn","testmod-LifeArmor","GuppysPaw","Bag of Preparation","GuppysTail","Bird Faced Urn","Calipers","Anchor","testmod-EqualTreatment","MoneyPower","Ornamental Fan","testmod-Hope","testmod-InjuryResistance","testmod-Justice","testmod-IntensifyImprint","testmod-FatalChain","Unceasing Top","testmod-HeartOfDaVinci","Red Skull","Emotion Chip","Symbiotic Virus","Snake Skull","The Specimen","DataDisk","Paper Frog","Charon\u0027s Ashes","Tingsha","Runic Capacitor","PillsDrop","Burning Blood","HornCleat","TwistedFunnel","testmod-ArcanaOfDestiny","Tough Bandages","Champion Belt","White Beast Statue","Magic Flower","Paper Crane","Cables","Cracked Core","Yang","Ring of the Snake","testmod-Faith","Circlet","Self Forming Clay","SatanicBible","Kunai","GnawedLeaf","Chaos","SlaversCollar","Inserter","Coffee Dripper","testmod-Prudence","GuppysCollar","GuppysHairball","Incubus","HoveringKite","WristBlade","MegaBlast","JudasShadow","BloodDonationBag"],"acts_visited":["Exordium","TheCity","TheBeyond","TheEnding"],"potions_floor_usage":[56,56,56,56,56,56,56,56,56,56],"damage_taken":[{"damage":0.0,"enemies":"Cultist","floor":1.0,"turns":1.0},{"damage":0.0,"enemies":"Lagavulin","floor":6.0,"turns":1.0},{"damage":0.0,"enemies":"Gremlin Nob","floor":7.0,"turns":1.0},{"damage":0.0,"enemies":"Lagavulin","floor":8.0,"turns":1.0},{"damage":0.0,"enemies":"Small Slimes","floor":10.0,"turns":1.0},{"damage":0.0,"enemies":"3 Sentries","floor":11.0,"turns":1.0},{"damage":0.0,"enemies":"Jaw Worm","floor":12.0,"turns":1.0},{"damage":0.0,"enemies":"Gremlin Nob","floor":13.0,"turns":1.0},{"damage":0.0,"enemies":"The Guardian","floor":16.0,"turns":1.0},{"damage":0.0,"enemies":"3 Byrds","floor":18.0,"turns":1.0},{"damage":0.0,"enemies":"2 Thieves","floor":21.0,"turns":1.0},{"damage":0.0,"enemies":"Slavers","floor":24.0,"turns":1.0},{"damage":0.0,"enemies":"3 Cultists","floor":25.0,"turns":1.0},{"damage":0.0,"enemies":"Book of Stabbing","floor":27.0,"turns":1.0},{"damage":0.0,"enemies":"Sentry and Sphere","floor":28.0,"turns":1.0},{"damage":0.0,"enemies":"Gremlin Leader","floor":30.0,"turns":1.0},{"damage":0.0,"enemies":"Snake Plant","floor":31.0,"turns":1.0},{"damage":0.0,"enemies":"Chosen","floor":18.0,"turns":1.0},{"damage":0.0,"enemies":"3 Byrds","floor":21.0,"turns":1.0},{"damage":0.0,"enemies":"Snake Plant","floor":22.0,"turns":1.0},{"damage":0.0,"enemies":"Book of Stabbing","floor":23.0,"turns":1.0},{"damage":0.0,"enemies":"Centurion and Healer","floor":24.0,"turns":1.0},{"damage":0.0,"enemies":"Gremlin Leader","floor":28.0,"turns":1.0},{"damage":0.0,"enemies":"Shelled Parasite and Fungi","floor":29.0,"turns":1.0},{"damage":0.0,"enemies":"Sentry and Sphere","floor":30.0,"turns":1.0},{"damage":0.0,"enemies":"Book of Stabbing","floor":31.0,"turns":1.0},{"damage":0.0,"enemies":"Champ","floor":33.0,"turns":1.0},{"damage":0.0,"enemies":"Orb Walker","floor":35.0,"turns":1.0},{"damage":0.0,"enemies":"3 Shapes","floor":39.0,"turns":1.0},{"damage":0.0,"enemies":"Reptomancer","floor":40.0,"turns":1.0},{"damage":0,"enemies":"Giant Head","floor":42,"turns":1},{"damage":0,"enemies":"3 Darklings","floor":44,"turns":1},{"damage":0,"enemies":"Nemesis","floor":45,"turns":1},{"damage":0,"enemies":"Maw","floor":46,"turns":1},{"damage":0,"enemies":"4 Shapes","floor":47,"turns":1},{"damage":0,"enemies":"Giant Head","floor":48,"turns":1},{"damage":0,"enemies":"Time Eater","floor":50,"turns":1},{"damage":0,"enemies":"Awakened One","floor":51,"turns":2},{"damage":0,"enemies":"Shield and Spear","floor":55,"turns":1},{"damage":0,"enemies":"The Heart","floor":56,"turns":2}],"seed_played":"-5598798825105248705","potions_obtained":[{"floor":0.0,"key":"testmod-SpacePotion"},{"floor":0.0,"key":"BottledMiracle"},{"floor":0.0,"key":"SneckoOil"},{"floor":0.0,"key":"SmokeBomb"},{"floor":0.0,"key":"GamblersBrew"},{"floor":0.0,"key":"testmod-SpacePotion"},{"floor":0.0,"key":"BottledMiracle"},{"floor":0.0,"key":"SneckoOil"},{"floor":0.0,"key":"SmokeBomb"},{"floor":0.0,"key":"GamblersBrew"},{"floor":1.0,"key":"PowerPotion"},{"floor":6.0,"key":"Block Potion"},{"floor":7.0,"key":"FearPotion"},{"floor":10.0,"key":"Ancient Potion"},{"floor":11.0,"key":"testmod-SpacePotion"},{"floor":12.0,"key":"Fruit Juice"},{"floor":13.0,"key":"Ancient Potion"},{"floor":21.0,"key":"EssenceOfSteel"},{"floor":24.0,"key":"Block Potion"},{"floor":27.0,"key":"FairyPotion"},{"floor":28.0,"key":"Block Potion"},{"floor":31.0,"key":"Block Potion"},{"floor":22.0,"key":"Fruit Juice"},{"floor":23.0,"key":"EntropicBrew"}],"is_trial":false,"path_per_floor":["M","$","?","?","?","E","E","E","T","M","E","M","E","T","R","B",null,"M","?","?","M","$","R","E","M","T","E","M","?","E","M","R","M","T","$","M","M","E","M","?","T","?","E","M","M","E","R","B",null,"M","?","T","?","M","E","?","E","T","M","E","M","M","E","R","B","B",null,"R","$","E","B",null],"character_chosen":"WATCHER","items_purchased":["Fruit Juice","MerchantsRug","Membership Card","Omamori","FollowUp","Lantern","Lee\u0027s Waffle","Toxic Egg 2","TheBattery","Adaptation","LessonLearned","MealTicket","testmod-SpacePotion","TheBible","DeathBook","SteamSale","Sundial","SteroidPotion","Weak Potion","BottledMiracle","Fruit Juice","Energy Potion","Explosive Potion","AnarchistCookbook","Crescendo+1","ClockworkSouvenir","Flash of Steel","testmod-CasingShield","Centennial Puzzle","Pantograph","Sling","ThirdEye+1","Dexterity Potion","SkillPotion","Energy Potion","Tiny Chest","Chemical X","Dream Catcher","CultistPotion","BottledMiracle","Fire Potion","StoneCalendar","BFFS","SharpPlug","Finesse+1","GamblersBrew","AttackPotion","LiquidBronze","Darkstone Periapt","SalivaCoin","Frozen Eye","Strength Potion","Regen Potion","Swift Potion","BookOfRevelations","testmod-TheFather","Whetstone","Akabeko","DollysMirror","SmokeBomb","testmod-TestPotion","SteroidPotion","PreservedInsect","Pen Nib","TheAbacus","EssenceOfSteel","PowerPotion","DuplicationPotion","Damaru","Question Card","HandDrill","BottledMiracle","GamblersBrew","SkillPotion","testmod-IndustrialRevolution","Mercury Hourglass","Fruit Juice","testmod-OneHitWonder","InkBottle","DistilledChaos","StancePotion","SneckoOil","Juzu Bracelet","Meat on the Bone","Weak Potion","Regen Potion","EssenceOfSteel","testmod-BackupPower+1","testmod-HeartOfStrike","testmod-RainbowHikingShoes","Fire Potion","SpeedPotion","BlessingOfTheForge","Matryoshka","testmod-Antiphasic","Explosive Potion","SpeedPotion","Block Potion","TungstenRod","Toy Ornithopter","Fruit Juice","BottledMiracle","EntropicBrew","Potion Belt","TuHaoJin","Habit","Dexterity Potion","Weak Potion","StancePotion","Prostrate+1","DeadEye","DoctorsRemote","Cauldron","EntropicBrew","Weak Potion","LiquidMemories","Oddly Smooth Stone","testmod-Muramasa","BottledMiracle","BottledMiracle","ColorlessPotion","Art of War","Regen Potion","ColorlessPotion","LiquidBronze","Damocles","PrismaticShard","BelialBook","UnicornStump","Melange","Energy Potion","Strength Potion","Block Potion","testmod-SpacePotion","Fire Potion","BlessingOfTheForge","TheBean","OrangePellets","Wish+1","Blue Candle","testmod-IWantAll","Pear","StancePotion","Explosive Potion","SpeedPotion","Vajra","Regal Pillow","CultistPotion","SmokeBomb","FearPotion","Medical Kit","Ancient Tea Set","Blood Vial","SkillPotion","SkillPotion","Energy Potion","Mummified Hand","testmod-Charity","Regen Potion","Swift Potion","PowerPotion","TeardropLocket","testmod-Alchemist","EssenceOfSteel","Weak Potion","PowerPotion","Nunchaku","PunchingBag","Shuriken","Strawberry","Letter Opener","WingedGreaves","NineVolt","testmod-SpacePotion","FearPotion","Swift Potion","Boot","Happy Flower","testmod-SpacePotion","Energy Potion","AttackPotion","Singing Bowl","Orichalcum","HowToJump","testmod-Acrobat","CeramicFish","testmod-TurbochargingSystem","testmod-Register","Block Potion","Dexterity Potion","Dexterity Potion","StrikeDummy","Bronze Scales","Mango","Bag of Marbles","testmod-DragonStarHat","testmod-Maize","Du-Vu Doll","War Paint","Leech","testmod-EscapePotion","PowerPotion","CultistPotion","Gremlin Horn","testmod-LifeArmor","StancePotion","Swift Potion","SneckoOil","testmod-SpacePotion","Frozen Egg 2","Bag of Preparation","Toolbox","FearPotion","LiquidBronze","GuppysTail","Orrery","Calipers","Anchor","Explosive Potion","Fire Potion","testmod-AssaultLearning","Eternal Feather","FairyPotion","Ornamental Fan","testmod-Hope","testmod-Justice","testmod-IntensifyImprint","Molten Egg 2","testmod-HeartOfDaVinci","Red Skull","Symbiotic Virus","Snake Skull","DataDisk","Paper Frog","DistilledChaos","Runic Capacitor","testmod-Motorcycle","PillsDrop","HornCleat","TwistedFunnel","testmod-ArcanaOfDestiny","Tough Bandages","White Beast Statue","Bottled Flame","Paper Crane","Cables","Yang","Ring of the Snake","testmod-Faith","Explosive Potion","Self Forming Clay","SatanicBible","testmod-RandomTest","Kunai","GnawedLeaf","GuppysCollar","GuppysHairball","EntropicBrew","Incubus","HolyWater","EntropicBrew","Circlet","Circlet","Circlet"],"campfire_rested":0,"item_purchase_floors":[0,0,0,0,0,0,0,0,0,0,0,0,0,0,0,0,0,0,0,0,0,0,0,0,0,0,0,0,0,0,0,0,0,0,0,0,0,0,0,0,0,0,0,0,0,0,0,0,0,0,0,0,0,0,0,0,0,0,0,0,0,0,0,0,0,0,0,0,0,0,0,0,0,0,0,0,0,0,0,0,0,0,0,0,0,0,0,0,0,0,0,0,0,0,0,0,0,0,0,0,0,0,0,0,0,0,0,0,0,0,0,0,0,0,0,0,0,0,0,0,0,0,0,0,0,0,0,0,0,0,0,0,0,0,0,0,0,0,0,0,0,0,0,0,0,0,0,0,0,0,0,0,0,0,0,0,0,0,0,0,0,0,0,0,0,0,0,0,0,0,0,0,0,0,0,0,0,0,0,0,0,0,0,0,0,0,0,0,0,0,0,0,0,0,0,0,0,0,0,0,0,0,0,0,0,0,0,0,0,0,0,0,0,0,0,0,0,0,0,0,0,0,0,0,0,0,0,0,0,0,0,0,0,0,0,0,0,0,0,0,0,0,0,0,0,0,0,0,0,0,0,0,0,0,0,17,17,17,22,22,34,54,54,54],"current_hp_per_floor":[177,194,186,191,191,212,222,233,234,239,243,254,262,263,263,268,242,248,249,249,255,256,256,259,266,267,270,276,276,287,292,292,298,303,303,308,319,327,332,332,338,338,350,356,361,370,375,380,377,382,382,387,388,394,404,409,420,425,431,440,999,1023,1055,1055,1119,1194,1482,1482,1482,1499,1592],"gold":6842,"neow_bonus":"","is_daily":false,"chose_seed":false,"campfire_upgraded":1,"win_rate":0.0,"timestamp":1613353832,"path_taken":["M","$","?","?","?","E","E","E","T","M","E","M","E","?","R","BOSS","M","?","?","M","$","R","E","M","T","E","M","?","E","M","R","M","?","$","M","M","E","M","?","T","?","E","M","M","E","R","BOSS","M","?","?","?","M","E","?","E","T","M","E","M","M","E","R","BOSS","BOSS","R","$","E","BOSS"],"items_purchased_type":["Potion","Relic","Relic","Relic","Card","Relic","Relic","Relic","Relic","Card","Card","Relic","Potion","Relic","Relic","Relic","Relic","Potion","Potion","Potion","Potion","Potion","Potion","Relic","Card","Relic","Card","Relic","Relic","Relic","Relic","Card","Potion","Potion","Potion","Relic","Relic","Relic","Potion","Potion","Potion","Relic","Relic","Relic","Card","Potion","Potion","Potion","Relic","Relic","Relic","Potion","Potion","Potion","Relic","Relic","Relic","Relic","Relic","Potion","Potion","Potion","Relic","Relic","Relic","Potion","Potion","Potion","Relic","Relic","Relic","Potion","Potion","Potion","Relic","Relic","Potion","Relic","Relic","Potion","Potion","Potion","Relic","Relic","Potion","Potion","Potion","Card","Relic","Relic","Potion","Potion","Potion","Relic","Relic","Potion","Potion","Potion","Relic","Relic","Potion","Potion","Potion","Relic","Relic","Relic","Potion","Potion","Potion","Card","Relic","Relic","Relic","Potion","Potion","Potion","Relic","Relic","Potion","Potion","Potion","Relic","Potion","Potion","Potion","Relic","Relic","Relic","Relic","Relic","Potion","Potion","Potion","Potion","Potion","Potion","Relic","Relic","Card","Relic","Relic","Relic","Potion","Potion","Potion","Relic","Relic","Potion","Potion","Potion","Relic","Relic","Relic","Potion","Potion","Potion","Relic","Relic","Potion","Potion","Potion","Relic","Relic","Potion","Potion","Potion","Relic","Relic","Relic","Relic","Relic","Relic","Relic","Potion","Potion","Potion","Relic","Relic","Potion","Potion","Potion","Relic","Relic","Relic","Relic","Relic","Relic","Relic","Potion","Potion","Potion","Relic","Relic","Relic","Relic","Relic","Relic","Relic","Relic","Relic","Potion","Potion","Potion","Relic","Relic","Potion","Potion","Potion","Potion","Relic","Relic","Relic","Potion","Potion","Relic","Relic","Relic","Relic","Potion","Potion","Relic","Relic","Potion","Relic","Relic","Relic","Relic","Relic","Relic","Relic","Relic","Relic","Relic","Relic","Potion","Relic","Relic","Relic","Relic","Relic","Relic","Relic","Relic","Relic","Relic","Relic","Relic","Relic","Relic","Potion","Relic","Relic","Relic","Relic","Relic","Relic","Relic","Potion","Relic","Relic","Potion","Undefined","Undefined","Undefined"],"build_version":"2020-12-18","purchased_purges":20,"victory":true,"max_hp_per_floor":[177,194,196,201,201,212,222,233,234,239,243,254,262,263,263,268,242,248,249,249,255,256,256,259,266,267,270,276,276,287,292,292,298,303,303,308,319,327,332,332,338,338,350,356,361,370,375,380,377,382,382,387,388,394,404,409,420,425,431,440,1551,1560,1569,1569,1572,1578,1578,1578,1578,1581,1592],"card_choices":[{"not_picked":[],"picked":"BloodyBrimstone","floor":0.0},{"not_picked":["Hologram+1","Coolheaded+1","Sword Boomerang","True Grit+1"],"picked":"Singing Bowl","floor":0.0},{"not_picked":["Shockwave+1","Reflex+1","Perseverance+1","BattleHymn+1"],"picked":"Singing Bowl","floor":0.0},{"not_picked":["Blizzard","FollowUp","Clothesline","Conserve Battery+1"],"picked":"Singing Bowl","floor":0.0},{"not_picked":["Barrage","FollowUp","Iron Wave","ThirdEye+1"],"picked":"Singing Bowl","floor":0.0},{"not_picked":["testmod-FightingIntention+1","Prepared+1","Crescendo+1","testmod-Mystery"],"picked":"Singing Bowl","floor":0.0},{"not_picked":["Iron Wave+1","Reckless Charge+1","SandsOfTime+1","Evaluate+1"],"picked":"Singing Bowl","floor":1.0},{"not_picked":["Leap+1","Hologram+1","Loop+1","testmod-Mystery+1"],"picked":"Singing Bowl","floor":1.0},{"not_picked":["Biased Cognition+1","Auto Shields+1","CutThroughFate+1","Compile Driver+1"],"picked":"Singing Bowl","floor":6.0},{"not_picked":["Clothesline+1","Deadly Poison+1","Headbutt+1","Deflect+1"],"picked":"Singing Bowl","floor":7.0},{"not_picked":["Flex+1","ClearTheMind+1","Second Wind+1","Dagger Throw+1"],"picked":"Singing Bowl","floor":8.0},{"not_picked":["Night Terror+1","FTL+1","Choke+1","Discovery+1"],"picked":"Singing Bowl","floor":10.0},{"not_picked":["Force Field+1","EmptyBody+1","Anger+1","Undo+1"],"picked":"Singing Bowl","floor":10.0},{"not_picked":["Loop+1","Doppelganger+1","Wallop+1","Impatience+1"],"picked":"Singing Bowl","floor":11.0},{"not_picked":["EmptyBody+1","Barrage+1","Underhanded Strike+1","Wallop+1"],"picked":"Singing Bowl","floor":12.0},{"not_picked":["Sucker Punch+1","ClearTheMind+1","FollowUp+1","Conclude+1"],"picked":"Singing Bowl","floor":12.0},{"not_picked":["testmod-PulseDistributor+1","testmod-CardIndex+1","testmod-TradeIn+1","Alpha+1"],"picked":"Singing Bowl","floor":16.0},{"not_picked":["FlurryOfBlows+1","Mind Blast+1","Self Repair+1","Blood for Blood+1"],"picked":"Singing Bowl","floor":18.0},{"not_picked":["Jack Of All Trades+1","Forethought+1","Gash+1","ClearTheMind+1"],"picked":"Singing Bowl","floor":18.0},{"not_picked":["Backflip+1","Wireheading+1","TalkToTheHand+1","Chaos+1"],"picked":"Singing Bowl","floor":21.0},{"not_picked":["testmod-TradeIn+1","Cold Snap+1","LikeWater+1","Deadly Poison+1"],"picked":"Singing Bowl","floor":21.0},{"not_picked":["Swift Strike+1","Hologram+1","Shrug It Off+1","Stack+1"],"picked":"Singing Bowl","floor":24.0},{"not_picked":["WheelKick+1","WreathOfFlame+1","Blur+1","Armaments+1"],"picked":"Singing Bowl","floor":25.0},{"not_picked":["ReachHeaven+1","Headbutt+1","Adaptation+1","Flame Barrier+1"],"picked":"Singing Bowl","floor":25.0},{"not_picked":["Quick Slash+1","Go for the Eyes+1","Grand Finale+1","Barrage+1"],"picked":"Singing Bowl","floor":27.0},{"not_picked":["Rebound+1","Bouncing Flask+1","testmod-LifeRuler+1","testmod-AutoReboundSystem+1"],"picked":"Singing Bowl","floor":28.0},{"not_picked":["Dark Shackles+1","Coolheaded+1","Noxious Fumes+1","Dagger Throw+1"],"picked":"Singing Bowl","floor":28.0},{"not_picked":["JustLucky+1","Endless Agony+1","testmod-HandmadeProducts","testmod-DisillusionmentEcho+1"],"picked":"Singing Bowl","floor":30.0},{"not_picked":["Halt+1","testmod-ComboMaster+1","Protect+1","Electrodynamics+1"],"picked":"Singing Bowl","floor":31.0},{"not_picked":["Go for the Eyes+1","BowlingBash+1","ForeignInfluence+1","Feel No Pain+1"],"picked":"Singing Bowl","floor":31.0},{"not_picked":["Streamline+1","Skewer+1","Fan+1","Quick Slash+1"],"picked":"Singing Bowl","floor":18.0},{"not_picked":["Compile Driver+1","The Bomb+1","Shockwave+1","Hologram+1"],"picked":"Singing Bowl","floor":18.0},{"not_picked":["Capacitor+1","Panacea+1","ThirdEye+1","Burning Pact+1"],"picked":"Singing Bowl","floor":21.0},{"not_picked":["Cleave+1","Iron Wave+1","Underhanded Strike+1","Leg Sweep+1"],"picked":"Singing Bowl","floor":21.0},{"not_picked":["Shrug It Off+1","Headbutt+1","Conserve Battery+1","Dagger Spray+1"],"picked":"Singing Bowl","floor":22.0},{"not_picked":["Leap+1","Spot Weakness+1","Brutality+1","Prostrate+1"],"picked":"Singing Bowl","floor":22.0},{"not_picked":["Cloak And Dagger+1","Madness+1","FollowUp+1","Mind Blast+1"],"picked":"Singing Bowl","floor":23.0},{"not_picked":["Perfected Strike+1","Armaments+1","Hologram+1","Shrug It Off+1"],"picked":"Singing Bowl","floor":24.0},{"not_picked":["Loop+1","Deadly Poison+1","PiercingWail+1","Barrage+1"],"picked":"Singing Bowl","floor":24.0},{"not_picked":["Blade Dance+1","Scrawl+1","Wraith Form v2+1","Coolheaded+1"],"picked":"Singing Bowl","floor":28.0},{"not_picked":["Scrape","Dagger Throw","FollowUp","Havoc+1"],"picked":"Singing Bowl","floor":29.0},{"not_picked":["Bane","EmptyFist","Quick Slash","Gash"],"picked":"Singing Bowl","floor":29.0},{"not_picked":["Rebound","Dodge and Roll+1","Impatience+1","FTL+1"],"picked":"Singing Bowl","floor":30.0},{"not_picked":["Fasting2","FearNoEvil+1","SignatureMove","Backflip+1"],"picked":"Singing Bowl","floor":30.0},{"not_picked":["Compile Driver","Quick Slash","Flex+1","All For One"],"picked":"Singing Bowl","floor":31.0},{"not_picked":["Metamorphosis+1","Core Surge","SpiritShield+1","Echo Form"],"picked":"Singing Bowl","floor":33.0},{"not_picked":["Flechettes+1","Thunderclap+1","Sucker Punch","Shrug It Off+1"],"picked":"Singing Bowl","floor":35.0},{"not_picked":["FlurryOfBlows","CrushJoints","Loop","InnerPeace+1"],"picked":"Singing Bowl","floor":35.0},{"not_picked":["Prepared+1","Havoc+1","Dodge and Roll+1","Perfected Strike"],"picked":"Singing Bowl","floor":39.0},{"not_picked":["Twin Strike+1","Shrug It Off+1","Ghostly Armor+1","Battle Trance+1"],"picked":"Singing Bowl","floor":39.0},{"not_picked":["BootSequence+1","testmod-RepeatForm","Compile Driver+1","Blade Dance+1"],"picked":"Singing Bowl","floor":40.0},{"not_picked":["Hemokinesis","testmod-Bloodthirsty+1","Cold Snap","Halt+1"],"picked":"Singing Bowl","floor":42},{"not_picked":["Poisoned Stab+1","ClearTheMind+1","Halt+1","Beam Cell"],"picked":"Singing Bowl","floor":44},{"not_picked":["Backflip+1","testmod-TemporaryDeletion","Ragnarok","SashWhip"],"picked":"Singing Bowl","floor":44},{"not_picked":["Dagger Throw","Ball Lightning","Entrench+1","Hologram+1"],"picked":"Singing Bowl","floor":45},{"not_picked":["Halt+1","Escape Plan+1","Fusion+1","Jack Of All Trades+1"],"picked":"Singing Bowl","floor":46},{"not_picked":["testmod-ComboMaster+1","Deflect+1","Dodge and Roll+1","Infinite Blades+1"],"picked":"Singing Bowl","floor":46},{"not_picked":["Berserk","Armaments+1","Flex+1","ThirdEye+1"],"picked":"Singing Bowl","floor":47},{"not_picked":["Dagger Spray+1","Sanctity+1","Flex+1","Poisoned Stab+1"],"picked":"Singing Bowl","floor":47},{"not_picked":["Disarm+1","Poisoned Stab","SignatureMove+1","Prepared+1"],"picked":"Singing Bowl","floor":48},{"not_picked":["Steam+1","Escape Plan+1","Battle Trance+1"],"picked":"Singing Bowl","floor":55}],"player_experience":783550,"relics_obtained":[{"floor":1.0,"key":"Circlet"},{"floor":6.0,"key":"Circlet"},{"floor":7.0,"key":"Circlet"},{"floor":8.0,"key":"Circlet"},{"floor":9.0,"key":"Chaos"},{"floor":11.0,"key":"SlaversCollar"},{"floor":13.0,"key":"Tiny House"},{"floor":14.0,"key":"Inserter"},{"floor":14.0,"key":"Coffee Dripper"},{"floor":24.0,"key":"HoveringKite"},{"floor":26.0,"key":"WristBlade"},{"floor":27.0,"key":"MegaBlast"},{"floor":30.0,"key":"Circlet"},{"floor":19.0,"key":"Circlet"},{"floor":23.0,"key":"Circlet"},{"floor":26.0,"key":"Circlet"},{"floor":28.0,"key":"Circlet"},{"floor":31.0,"key":"Circlet"},{"floor":32.0,"key":"Circlet"},{"floor":37.0,"key":"Circlet"},{"floor":40.0,"key":"Circlet"},{"floor":41,"key":"Circlet"},{"floor":42,"key":"Circlet"},{"floor":43,"key":"Circlet"},{"floor":45,"key":"Circlet"},{"floor":48,"key":"Circlet"},{"floor":49,"key":"Circlet"},{"floor":53,"key":"Circlet"},{"floor":55,"key":"Circlet"}],"event_choices":[{"damage_healed":0.0,"max_hp_gain":0.0,"max_hp_loss":0.0,"gold_gain":75.0,"event_name":"World of Goop","player_choice":"Gather Gold","floor":3.0,"gold_loss":0.0,"damage_taken":11.0},{"damage_healed":0.0,"max_hp_gain":5.0,"max_hp_loss":0.0,"gold_gain":0.0,"event_name":"Big Fish","player_choice":"Donut","floor":4.0,"gold_loss":0.0,"damage_taken":0.0},{"damage_healed":0.0,"max_hp_gain":0.0,"max_hp_loss":0.0,"gold_gain":0.0,"event_name":"Liars Game","player_choice":"Ignored","floor":5.0,"gold_loss":0.0,"damage_taken":0.0},{"damage_healed":0.0,"max_hp_gain":0.0,"max_hp_loss":0.0,"gold_gain":0.0,"event_name":"Vampires","player_choice":"Ignored","floor":20.0,"gold_loss":0.0,"damage_taken":0.0},{"damage_healed":0.0,"max_hp_gain":0.0,"max_hp_loss":0.0,"gold_gain":0.0,"event_name":"The Mausoleum","player_choice":"Ignored","floor":29.0,"gold_loss":0.0,"damage_taken":0.0},{"damage_healed":0.0,"max_hp_gain":0.0,"max_hp_loss":0.0,"gold_gain":0.0,"event_name":"给自己的盒子","player_choice":"Swap Relic","floor":25.0,"relics_lost":["SteamSale"],"gold_loss":0.0,"damage_taken":0.0,"relics_obtained":["War Paint"]},{"damage_healed":0.0,"max_hp_gain":0.0,"max_hp_loss":0.0,"gold_gain":0.0,"event_name":"The Mausoleum","player_choice":"Ignored","floor":27.0,"gold_loss":0.0,"damage_taken":0.0},{"damage_healed":0.0,"max_hp_gain":0.0,"max_hp_loss":0.0,"gold_gain":0.0,"event_name":"Tomb of Lord Red Mask","player_choice":"Ignored","floor":36.0,"gold_loss":0.0,"damage_taken":0.0},{"damage_healed":0.0,"max_hp_gain":0.0,"max_hp_loss":0.0,"gold_gain":400.0,"event_name":"恩洛斯的盘子","player_choice":"Sell","floor":38.0,"relics_lost":["HushsDoor"],"gold_loss":0.0,"damage_taken":0.0},{"damage_healed":0,"gold_gain":0,"player_choice":"Relic","damage_taken":0,"max_hp_gain":0,"max_hp_loss":0,"event_name":"Wheel of Change","floor":41,"gold_loss":0}],"is_beta":true,"boss_relics":[{"not_picked":["testmod-TimeTraveler","testmod-NegativeEmotionEnhancer"],"picked":"testmod-Prudence"},{"not_picked":[]},{"not_picked":["Runic Pyramid","Calling Bell"],"picked":"JudasShadow"},{"not_picked":[]}],"items_purged_floors":[0,0,0,0,0,0,0,0,0,0,0,0,0,0,0,0,0,0,0,22],"is_endless":false,"potions_floor_spawned":[1,6,7,8,10,11,12,13,16,18,21,24,25,27,28,30,31,18,21,22,23,24,28,29,30,31,33,35,39,40,42,44,45,46,47,48,55],"ascension_level":20}}