{"host":"51f0ad793vly1w6u","time":1613380602,"event":{"mods":["BaseMod","Colored Map","DeckTracker","Minty Spire (QoL Compilation)","StSLib","SuperFastMode"],"gold_per_floor":[114,134,134,152,168,168,178,211,511,511,545,545,607,354,354,457,457,472,472,218,218,236,236,247,247,273,293,293,349,349,364,364,364,364],"floor_reached":33,"language":"KOR","playtime":525,"items_purged":["Strike_B","Strike_B"],"score":423,"play_id":"307394e7-1a92-48f9-8370-4d59a47eaaaf","local_time":"20210215181642","is_ascension_mode":true,"campfire_choices":[{"data":"Darkness","floor":6.0,"key":"SMITH"},{"data":"Self Repair","floor":10.0,"key":"SMITH"},{"data":"Undo","floor":12.0,"key":"SMITH"},{"data":"Loop","floor":15.0,"key":"SMITH"},{"data":"Biased Cognition","floor":23.0,"key":"SMITH"},{"data":"Skim","floor":25.0,"key":"SMITH"},{"data":"Dualcast","floor":30.0,"key":"SMITH"},{"data":"Conserve Battery","floor":32.0,"key":"SMITH"}],"circlet_count":0,"master_deck":["Defend_B","Defend_B","Defend_B","Defend_B","Zap","Dualcast+1","Self Repair+1","Streamline+1","Undo+1","Darkness+1","Conserve Battery+1","Sunder+1","FTL+1","Loop+1","HandOfGreed+1","Barrage+1","Biased Cognition+1","Skim+1","Glacier+1","Coolheaded+1","Hologram+1"],"relics":["Philosopher\u0027s Stone","Molten Egg 2","Old Coin","Darkstone Periapt","Thread and Needle","SacredBark","Potion Belt","Centennial Puzzle","HornCleat"],"acts_visited":["Exordium","TheCity"],"potions_floor_usage":[],"damage_taken":[{"damage":3.0,"enemies":"Jaw Worm","floor":1.0,"turns":4.0},{"damage":0.0,"enemies":"Small Slimes","floor":2.0,"turns":3.0},{"damage":11.0,"enemies":"2 Louse","floor":4.0,"turns":3.0},{"damage":1.0,"enemies":"Blue Slaver","floor":5.0,"turns":3.0},{"damage":0.0,"enemies":"Looter","floor":7.0,"turns":2.0},{"damage":22.0,"enemies":"Gremlin Nob","floor":8.0,"turns":4.0},{"damage":21.0,"enemies":"Lagavulin","floor":11.0,"turns":5.0},{"damage":13.0,"enemies":"Lagavulin Event","floor":13.0,"turns":5.0},{"damage":0.0,"enemies":"The Guardian","floor":16.0,"turns":7.0},{"damage":0.0,"enemies":"2 Thieves","floor":18.0,"turns":2.0},{"damage":10.0,"enemies":"Spheric Guardian","floor":22.0,"turns":5.0},{"damage":1.0,"enemies":"Chosen and Byrds","floor":24.0,"turns":5.0},{"damage":0.0,"enemies":"Snecko","floor":27.0,"turns":3.0},{"damage":8.0,"enemies":"Slavers","floor":29.0,"turns":6.0},{"damage":0.0,"enemies":"Centurion and Healer","floor":31.0,"turns":5.0},{"damage":0,"enemies":"Collector","floor":33,"turns":1}],"seed_played":"7258384515505445889","potions_obtained":[{"floor":1.0,"key":"Explosive Potion"},{"floor":2.0,"key":"SteroidPotion"},{"floor":7.0,"key":"Energy Potion"},{"floor":11.0,"key":"EssenceOfSteel"},{"floor":18.0,"key":"DuplicationPotion"},{"floor":24.0,"key":"EssenceOfSteel"},{"floor":29.0,"key":"SkillPotion"}],"is_trial":false,"path_per_floor":["M","M","?","M","M","R","M","E","T","R","E","R","?","$","R","B",null,"M","?","$","?","M","R","M","R","T","M","?","E","R","M","R","B"],"character_chosen":"DEFECT","items_purchased":["HandOfGreed+1","Potion Belt"],"campfire_rested":0,"item_purchase_floors":[14,20],"current_hp_per_floor":[65,72,72,68,74,74,75,60,60,60,49,49,46,46,46,56,70,70,70,70,70,70,70,75,75,75,75,61,63,63,73,73,73,73],"gold":364,"neow_bonus":"BOSS_RELIC","is_daily":false,"chose_seed":false,"campfire_upgraded":8,"win_rate":0.0,"timestamp":1613380602,"path_taken":["M","M","?","M","M","R","M","E","T","R","E","R","?","$","R","BOSS","M","?","$","?","M","R","M","R","T","M","?","E","R","M","R","BOSS"],"items_purchased_type":["Card","Relic"],"build_version":"2020-12-22","purchased_purges":2,"victory":false,"max_hp_per_floor":[75,75,75,75,75,75,75,75,75,75,75,75,75,75,75,75,75,75,75,75,75,75,75,75,75,75,75,80,80,80,80,80,80,80],"card_choices":[{"not_picked":["Steam","Steam Power"],"picked":"Self Repair","floor":1.0},{"not_picked":["White Noise","Go for the Eyes"],"picked":"Streamline","floor":2.0},{"not_picked":["Force Field","Lockon"],"picked":"Undo","floor":4.0},{"not_picked":["Conserve Battery","Barrage"],"picked":"Darkness","floor":5.0},{"not_picked":["Streamline","Turbo"],"picked":"Conserve Battery","floor":7.0},{"not_picked":["Cold Snap+1","Barrage+1"],"picked":"Sunder+1","floor":8.0},{"not_picked":["Go for the Eyes+1","Cold Snap+1"],"picked":"FTL+1","floor":11.0},{"not_picked":["Steam Power","Stack"],"picked":"Loop","floor":13.0},{"not_picked":["Fusion","Coolheaded+1","Stack"],"picked":"SKIP","floor":18.0},{"not_picked":["Leap","Sweeping Beam+1"],"picked":"Glacier+1","floor":22.0},{"not_picked":["Stack","Streamline+1"],"picked":"Coolheaded+1","floor":24.0},{"not_picked":["Doom and Gloom+1","Streamline+1"],"picked":"Hologram+1","floor":27.0},{"not_picked":["Chaos+1","Fission","Steam"],"picked":"SKIP","floor":29.0},{"not_picked":["Cold Snap+1","Stack","Skim"],"picked":"SKIP","floor":31.0}],"player_experience":1460528,"relics_obtained":[{"floor":8.0,"key":"Molten Egg 2"},{"floor":9.0,"key":"Old Coin"},{"floor":11.0,"key":"Darkstone Periapt"},{"floor":13.0,"key":"Thread and Needle"},{"floor":26.0,"key":"Centennial Puzzle"},{"floor":29.0,"key":"HornCleat"}],"event_choices":[{"damage_healed":0.0,"max_hp_gain":0.0,"max_hp_loss":0.0,"gold_gain":0.0,"event_name":"Living Wall","player_choice":"Grow","floor":3.0,"gold_loss":0.0,"damage_taken":0.0,"cards_upgraded":["Streamline"]},{"damage_healed":0.0,"max_hp_gain":0.0,"max_hp_loss":0.0,"gold_gain":30.0,"event_name":"Dead Adventurer","player_choice":"Searched \u00272\u0027 times","floor":13.0,"gold_loss":0.0,"damage_taken":0.0},{"damage_healed":0.0,"max_hp_gain":0.0,"max_hp_loss":0.0,"gold_gain":0.0,"cards_transformed":["Strike_B","Strike_B"],"event_name":"Drug Dealer","player_choice":"Became Test Subject","floor":19.0,"gold_loss":0.0,"damage_taken":0.0,"cards_obtained":["Barrage","Biased Cognition"]},{"damage_healed":0.0,"max_hp_gain":0.0,"max_hp_loss":0.0,"gold_gain":0.0,"event_name":"The Library","player_choice":"Read","floor":21.0,"gold_loss":0.0,"damage_taken":0.0,"cards_obtained":["Skim"]},{"damage_healed":0.0,"max_hp_gain":5.0,"max_hp_loss":0.0,"gold_gain":0.0,"event_name":"Forgotten Altar","player_choice":"Shed Blood","floor":28.0,"gold_loss":0.0,"damage_taken":19.0}],"is_beta":false,"boss_relics":[{"not_picked":["Sozu","Empty Cage"],"picked":"SacredBark"}],"items_purged_floors":[14,20],"is_endless":false,"potions_floor_spawned":[1,2,7,11,18,24,29],"killed_by":"Collector","ascension_level":6}}