{"host":"i4d0ryn2nm90u3i6","time":1613379885,"event":{"mods":["AchievementEnabler","BaseMod","Colored Powertips","Infinite Spire","Marisa????????","Minty Spire (QoL Compilation)","Replay The Spire","StSLib"],"gold_per_floor":[114,114,289,304,321,350,350,9,9,36,36,36,70,70,70,167,167,187,5,5,5,20,52,52,52,52],"floor_reached":25,"language":"ENG","playtime":2045,"items_purged":["Doubt"],"score":337,"play_id":"771229f1-c538-4206-9712-3c770130d90e","local_time":"20210215100445","is_ascension_mode":true,"campfire_choices":[{"data":"MilkyWay","floor":12,"key":"SMITH"},{"floor":15,"key":"DIG"},{"floor":24,"key":"REST"}],"circlet_count":0,"master_deck":["Strike_MRS","Strike_MRS","Strike_MRS","Strike_MRS","Defend_MRS","Defend_MRS","Defend_MRS","Defend_MRS","MasterSpark","UpSweep","GrandCross+1","Acceleration","MilkyWay+1","MilkyWay+1","GalacticHalo","NonDirectionalLaser","AsteroidBelt","MilkyWay","SatelliteIllusion","IllusionStar+1","Transmutation","WitchOfGreed","GravityBeat"],"relics":["MiniHakkero","Divine Protection","infinitespire:FocusingShard","Juzu Bracelet","Potion Belt","Bottled Lightning","MagicBroom","Replay:Ringing Soul","SacredBark","Replay:Arrowhead","Blue Candle"],"acts_visited":["Exordium","TheCity"],"potions_floor_usage":[10,13,23],"damage_taken":[{"damage":7,"enemies":"Jaw Worm","floor":1,"turns":3},{"damage":3,"enemies":"2 Louse","floor":4,"turns":3},{"damage":2,"enemies":"Small Slimes","floor":5,"turns":4},{"damage":1,"enemies":"Replay:BlueRogue","floor":6,"turns":7},{"damage":2,"enemies":"3 Sentries","floor":10,"turns":8},{"damage":0,"enemies":"Gremlin Nob","floor":13,"turns":3},{"damage":55,"enemies":"Hexaghost","floor":16,"turns":10},{"damage":13,"enemies":"3 Byrds","floor":18,"turns":8},{"damage":0,"enemies":"Shell Parasite","floor":22,"turns":6},{"damage":50,"enemies":"Gremlin Leader","floor":23,"turns":9},{"damage":39,"enemies":"Book of Stabbing","floor":25,"turns":5}],"seed_played":"-6171210423153118362","potions_obtained":[{"floor":4,"key":"Adrenaline Potion"},{"floor":5,"key":"GamblersBrew"},{"floor":22,"key":"EssenceOfSteel"}],"is_trial":false,"path_per_floor":["M","?","?","M","M","E","?","$","T","E","$","R","E","T","R","B",null,"M","$","?","?","M","E","R","E"],"character_chosen":"MARISA","items_purchased":["infinitespire:FocusingShard","NonDirectionalLaser","Transmutation"],"campfire_rested":1,"item_purchase_floors":[8,8,19],"current_hp_per_floor":[68,68,68,65,63,62,62,62,62,60,60,60,60,60,60,8,78,68,71,55,55,58,11,39,0,0],"gold":52,"neow_bonus":"THREE_CARDS","is_daily":false,"chose_seed":false,"campfire_upgraded":1,"win_rate":0.0,"timestamp":1613379885,"path_taken":["M","?","?","M","M","E","?","$","T","E","?","R","E","?","R","BOSS","M","$","?","?","M","E","R","E"],"items_purchased_type":["Relic","Card","Card"],"build_version":"2020-12-22","purchased_purges":1,"victory":false,"max_hp_per_floor":[75,75,75,75,75,75,75,75,75,75,75,75,75,75,75,78,78,81,84,89,89,92,95,95,95,95],"card_choices":[{"not_picked":["6A","NonDirectionalLaser"],"picked":"GrandCross","floor":0},{"not_picked":["DarkSpark","DoubleSpark"],"picked":"Acceleration","floor":1},{"not_picked":["UnstableBomb","MeteoricShower"],"picked":"MilkyWay","floor":4},{"not_picked":["AsteroidBelt","DC"],"picked":"MilkyWay","floor":5},{"not_picked":["DC","ShootTheMoon"],"picked":"GalacticHalo","floor":6},{"not_picked":["Acceleration","ShootingEcho"],"picked":"AsteroidBelt","floor":10},{"not_picked":["OortCloud","Occultation"],"picked":"MilkyWay","floor":13},{"not_picked":["AbsoluteMagnitude","CasketOfStar"],"picked":"SatelliteIllusion","floor":16},{"not_picked":["LuminesStrike","UnstableBomb"],"picked":"IllusionStar+1","floor":18},{"not_picked":["JA","AsteroidBelt+1"],"picked":"WitchOfGreed","floor":22},{"not_picked":["GrandCross","SuperPerseids"],"picked":"GravityBeat","floor":23}],"player_experience":162463,"relics_obtained":[{"floor":6,"key":"Divine Protection"},{"floor":9,"key":"Juzu Bracelet"},{"floor":10,"key":"Potion Belt"},{"floor":13,"key":"Bottled Lightning"},{"floor":14,"key":"MagicBroom"},{"floor":15,"key":"Replay:Ringing Soul"},{"floor":23,"key":"Replay:Arrowhead"}],"event_choices":[{"damage_healed":0,"gold_gain":0,"player_choice":"Grow","damage_taken":0,"max_hp_gain":0,"max_hp_loss":0,"event_name":"Living Wall","floor":2,"gold_loss":0,"cards_upgraded":["GrandCross"]},{"damage_healed":0,"gold_gain":175,"player_choice":"AGREE","damage_taken":0,"max_hp_gain":0,"max_hp_loss":0,"event_name":"Liars Game","floor":3,"gold_loss":0,"cards_obtained":["Doubt"]},{"damage_healed":0,"gold_gain":0,"player_choice":"Shed Blood","damage_taken":21,"max_hp_gain":5,"max_hp_loss":0,"event_name":"Forgotten Altar","floor":20,"gold_loss":0},{"damage_healed":0,"gold_gain":0,"player_choice":"Ignored","damage_taken":0,"max_hp_gain":0,"max_hp_loss":0,"event_name":"Vampires","floor":21,"gold_loss":0}],"is_beta":false,"boss_relics":[{"not_picked":["Cursed Key","Busted Crown"],"picked":"SacredBark"}],"items_purged_floors":[8],"is_endless":false,"potions_floor_spawned":[4,5,22],"killed_by":"Book of Stabbing","ascension_level":4}}