{"host":"0kk91h4bq4kgfj0u","time":1613365146,"event":{"mods":["BaseMod","Bestiary","Block Reminder","Colored Map","Colored Powertips","Curses Come First","Highlight Path","Minty Spire (QoL Compilation)","Relic Stats","StSLib"],"gold_per_floor":[111,125,125,125,125,154,154,154,178,178,196,215,215,215],"floor_reached":13,"language":"ENG","playtime":436,"items_purged":[],"score":112,"play_id":"eaeb4972-e2a7-4549-ae79-7e0829c420a5","local_time":"20210214235906","is_ascension_mode":true,"campfire_choices":[{"floor":7,"key":"REST"}],"circlet_count":0,"master_deck":["Strike_G+1","Strike_G","Strike_G","Strike_G","Strike_G","Defend_G","Defend_G","Defend_G","Defend_G","Defend_G","Survivor","Neutralize+1","Blade Dance","Cloak And Dagger","Caltrops","Terror","Tactician"],"relics":["Ring of the Snake","Juzu Bracelet","Question Card"],"acts_visited":["Exordium"],"potions_floor_usage":[12],"damage_taken":[{"damage":17,"enemies":"Jaw Worm","floor":1,"turns":7},{"damage":0,"enemies":"2 Louse","floor":2,"turns":3},{"damage":27,"enemies":"3 Sentries","floor":6,"turns":10},{"damage":7,"enemies":"Small Slimes","floor":11,"turns":3},{"damage":10,"enemies":"Exordium Thugs","floor":12,"turns":5},{"damage":35,"enemies":"Gremlin Nob","floor":13,"turns":3}],"seed_played":"2915886305443142119","potions_obtained":[{"floor":2,"key":"Explosive Potion"},{"floor":6,"key":"EssenceOfSteel"},{"floor":12,"key":"ColorlessPotion"}],"is_trial":false,"path_per_floor":["M","M","$","?","?","E","R","?","T","?","M","M","E"],"character_chosen":"THE_SILENT","items_purchased":[],"campfire_rested":1,"item_purchase_floors":[],"current_hp_per_floor":[53,53,53,58,42,15,39,39,39,39,32,22,0,0],"gold":215,"neow_bonus":"TEN_PERCENT_HP_BONUS","is_daily":false,"chose_seed":false,"campfire_upgraded":0,"win_rate":0.0,"timestamp":1613365146,"path_taken":["M","M","$","?","?","E","R","?","T","?","M","M","E"],"items_purchased_type":[],"build_version":"2020-12-22","purchased_purges":0,"victory":false,"max_hp_per_floor":[77,77,77,82,82,82,82,82,82,82,82,82,82,82],"relic_stats":{"counters":[6,31],"Juzu Bracelet":0,"Question Card":2,"obtain_stats":[{"Juzu Bracelet":6,"Question Card":8,"Ring of the Snake":0},{"Juzu Bracelet":3,"Question Card":3,"Ring of the Snake":0},{"Juzu Bracelet":20,"Question Card":20,"Ring of the Snake":0}],"Ring of the Snake":[12]},"card_choices":[{"not_picked":["Flying Knee","Setup"],"picked":"Blade Dance","floor":1},{"not_picked":["Eviscerate","Sucker Punch"],"picked":"Cloak And Dagger","floor":2},{"not_picked":["Deflect","Blur"],"picked":"Caltrops","floor":6},{"not_picked":["Bane","Prepared","Dodge and Roll"],"picked":"Terror","floor":11},{"not_picked":["Underhanded Strike","Flechettes","Sucker Punch"],"picked":"Tactician","floor":12}],"player_experience":877440,"relics_obtained":[{"floor":6,"key":"Juzu Bracelet"}],"event_choices":[{"damage_healed":0,"gold_gain":0,"player_choice":"Donut","damage_taken":0,"max_hp_gain":5,"max_hp_loss":0,"event_name":"Big Fish","floor":4,"gold_loss":0},{"damage_healed":0,"gold_gain":0,"player_choice":"Entered Light","damage_taken":16,"max_hp_gain":0,"max_hp_loss":0,"event_name":"Shining Light","floor":5,"gold_loss":0,"cards_upgraded":["Neutralize","Strike_G"]},{"damage_healed":0,"gold_gain":0,"player_choice":"Searched \u00272\u0027 times","damage_taken":0,"relics_obtained":["Question Card"],"max_hp_gain":0,"max_hp_loss":0,"event_name":"Dead Adventurer","floor":8,"gold_loss":0},{"damage_healed":0,"gold_gain":0,"player_choice":"Ignored","damage_taken":0,"max_hp_gain":0,"max_hp_loss":0,"event_name":"Golden Wing","floor":10,"gold_loss":0}],"is_beta":false,"boss_relics":[],"items_purged_floors":[],"is_endless":false,"potions_floor_spawned":[2,6,12],"killed_by":"Gremlin Nob","ascension_level":7}}