{"host":"pjz3m1kifmtv24r2","time":1613386317,"event":{"mods":["2.2 Compatiblity","Aspiration","BaseMod","Bestiary","Better Altar","Better Match","Better Note","Better Sensory Stone","Better Skull","CCEM2","Colored Powertips","Conspire","Dark Map","Displayed Cursed Tome","Fox Events","GifTheSpireLib","Halation","Highlight Path","Hubris","Jedi Mod","Mimic Mod","Minty Spire (QoL Compilation)","Quick Restart","RatMod","Relic Sorter","Reliquary","Replay The Spire","Small Relic Pack","Spicy Shops","Spikes Relics","Spire Arcade","StS++","StSLib","Stuff the Spire","The Blue Laboratory","The Runesmith","Trackpad","Wandering Minibosses"],"gold_per_floor":[110,126,141,241,257,292,19,19,19,19,39,52,52,72,72,170,170,187,187,187,187,205,239,239,13,66,77,93,105,120,120,120,224,224,241,241,241],"floor_reached":36,"language":"ENG","playtime":1755,"items_purged":[],"score":438,"play_id":"c7ec507b-6f9b-402a-906f-c4826cd9db51","local_time":"20210215055157","is_ascension_mode":false,"campfire_choices":[{"floor":13.0,"key":"REST"},{"floor":15.0,"key":"REST"},{"data":"Noxious Fumes","floor":24.0,"key":"SMITH"}],"circlet_count":0,"master_deck":["Strike_G","Strike_G","Strike_G","Strike_G","Strike_G","Defend_G","Defend_G","Defend_G","Defend_G","Defend_G","Survivor","Neutralize","Deadly Poison","rat:FanOfKnives","Dagger Spray","Quick Slash","Noxious Fumes+1","PiercingWail","Bouncing Flask","Acrobatics","Dodge and Roll+1","Bullet Time+1","rat:FanOfKnives+1","StuffTheSpire:Deluminance","StuffTheSpire:Deluminance","StuffTheSpire:Deluminance","StuffTheSpire:Deluminance","StuffTheSpire:Deluminance","Corpse Explosion","Distraction+1","rat:FanOfKnives","Prepared","Bouncing Flask","A Thousand Cuts","Deadly Poison"],"relics":["Ring of the Snake","NeowsBlessing","reliquary:FeatherDuster","halation:Jellyphish","relicPack:OneForAll","ShockBauble","halation:Prosthetics","StuffTheSpire:BlackoutCurse","CCEMRelics:EnergeticInfuser","Eternal Feather","SnailShell","HandDrill","Smiling Mask","Black Star","ReplayFunnel"],"acts_visited":["Exordium","TheCity","TheBeyond"],"potions_floor_usage":[],"damage_taken":[{"damage":0.0,"enemies":"Cultist","floor":1.0,"turns":1.0},{"damage":0.0,"enemies":"Jaw Worm","floor":2.0,"turns":1.0},{"damage":0.0,"enemies":"2 Louse","floor":3.0,"turns":1.0},{"damage":7.0,"enemies":"Blue Slaver","floor":5.0,"turns":4.0},{"damage":19.0,"enemies":"Gremlin Nob","floor":6.0,"turns":4.0},{"damage":21.0,"enemies":"Large Slime","floor":11.0,"turns":6.0},{"damage":3.0,"enemies":"Lots of Slimes","floor":12.0,"turns":4.0},{"damage":6.0,"enemies":"Exordium Wildlife","floor":14.0,"turns":3.0},{"damage":27.0,"enemies":"The Guardian","floor":16.0,"turns":10.0},{"damage":0.0,"enemies":"Spheric Guardian","floor":18.0,"turns":3.0},{"damage":0.0,"enemies":"Snecko","floor":22.0,"turns":4.0},{"damage":7.0,"enemies":"Gremlin Leader","floor":23.0,"turns":5.0},{"damage":0.0,"enemies":"3 Cultists","floor":27.0,"turns":2.0},{"damage":3.0,"enemies":"conspire:HollyBat","floor":28.0,"turns":7.0},{"damage":9.0,"enemies":"Shelled Parasite and Fungi","floor":29.0,"turns":5.0},{"damage":0.0,"enemies":"Centurion and Healer","floor":30.0,"turns":3.0},{"damage":7.0,"enemies":"Collector","floor":33.0,"turns":7.0},{"damage":28,"enemies":"3 Shapes","floor":35,"turns":4},{"damage":9,"enemies":"Orb Walker","floor":36,"turns":3}],"seed_played":"626566369378539688","potions_obtained":[{"floor":2.0,"key":"jedi:mysterypotion"},{"floor":5.0,"key":"GamblersBrew"},{"floor":11.0,"key":"blueLaboratory:PyrophylliteBrew"},{"floor":14.0,"key":"Reflective Coating"},{"floor":18.0,"key":"blueLaboratory:EnragingPotion"},{"floor":22.0,"key":"SteroidPotion"},{"floor":28.0,"key":"jedi:hoardpotion"}],"is_trial":false,"path_per_floor":["M","M","M","?","M","E","$","?","T","$","M","M","R","M","R","B",null,"M","?","?","M","M","E","R","$","T","M","M","M","M","?","R","B",null,"M","M"],"character_chosen":"THE_SILENT","items_purchased":["halation:Jellyphish","Noxious Fumes","PiercingWail","SnailShell","HandDrill"],"campfire_rested":2,"item_purchase_floors":[7,7,7,25,25],"current_hp_per_floor":[70,70,70,70,63,44,44,44,44,44,23,20,41,35,56,29,35,35,35,35,35,35,28,35,35,35,35,32,23,23,23,35,28,35,7,0,0],"gold":241,"neow_bonus":"THREE_ENEMY_KILL","is_daily":false,"chose_seed":false,"campfire_upgraded":1,"win_rate":0.0,"timestamp":1613386317,"path_taken":["M","?","M","?","?","E","$","?","T","?","?","M","R","M","R","BOSS","M","?","?","M","M","E","R","?","T","M","M","?","M","?","R","BOSS","M","M"],"items_purchased_type":["Relic","Card","Card","Relic","Relic"],"build_version":"2020-12-22","purchased_purges":0,"victory":false,"max_hp_per_floor":[70,70,70,70,70,70,70,70,70,70,70,70,70,70,70,70,35,35,35,35,35,35,35,35,35,35,35,35,35,35,35,35,35,35,35,35,35],"card_choices":[{"not_picked":["rat:RuptureArtery","rat:ColdBlood"],"picked":"Deadly Poison","floor":1.0},{"not_picked":["Prepared","conspire:PoisonWeapons"],"picked":"rat:FanOfKnives","floor":2.0},{"not_picked":["Tactician","rat:DextrousStrike"],"picked":"Dagger Spray","floor":3.0},{"not_picked":["Pace","Heel Hook"],"picked":"Quick Slash","floor":5.0},{"not_picked":["rat:SilveredBlade","rat:SiphonSilver","StuffTheSpire:MirrorStance"],"picked":"SKIP","floor":6.0},{"not_picked":["rat:DextrousStrike","jedi:unstablefumes"],"picked":"Bouncing Flask","floor":11.0},{"not_picked":["StuffTheSpire:DoubleShiv","hubris:SlightOfHand"],"picked":"Acrobatics","floor":12.0},{"not_picked":["StuffTheSpire:BrimstoneBlast","Slice"],"picked":"Dodge and Roll","floor":14.0},{"not_picked":["rat:AtrophicSteroids","Adrenaline"],"picked":"Bullet Time","floor":16.0},{"not_picked":["PiercingWail+1","Acrobatics"],"picked":"rat:FanOfKnives+1","floor":18.0},{"not_picked":["Deadly Poison","StuffTheSpire:MirrorStance+1"],"picked":"Corpse Explosion","floor":22.0},{"not_picked":["Tools of the Trade","hubris:SlightOfHand"],"picked":"Distraction+1","floor":23.0},{"not_picked":["Hidden Blade","StuffTheSpire:Python","Flechettes+1"],"picked":"SKIP","floor":27.0},{"not_picked":["Eviscerate","ReplayTheSpireMod:Shiv Toss"],"picked":"rat:FanOfKnives","floor":28.0},{"not_picked":["StuffTheSpire:Incursion","rat:OpeningStrike"],"picked":"Prepared","floor":29.0},{"not_picked":["Dagger Spray+1","rat:Garrote"],"picked":"Bouncing Flask","floor":30.0},{"not_picked":["rat:Dispatch","Wraith Form v2"],"picked":"A Thousand Cuts","floor":33.0},{"not_picked":["Cloak And Dagger+1","Hidden Blade+1"],"picked":"Deadly Poison","floor":35}],"player_experience":99887,"relics_obtained":[{"floor":6.0,"key":"reliquary:FeatherDuster"},{"floor":9.0,"key":"ShockBauble"},{"floor":23.0,"key":"Eternal Feather"},{"floor":26.0,"key":"Smiling Mask"}],"event_choices":[{"damage_healed":0.0,"max_hp_gain":0.0,"max_hp_loss":0.0,"gold_gain":100.0,"event_name":"Wheel of Change","player_choice":"Gold","floor":4.0,"gold_loss":0.0,"damage_taken":0.0},{"damage_healed":0.0,"max_hp_gain":0.0,"max_hp_loss":0.0,"gold_gain":0.0,"event_name":"betterNote:BetterNote","player_choice":"Ignored","floor":19.0,"gold_loss":0.0,"damage_taken":0.0,"cards_obtained":["Crystallizer"]},{"damage_healed":0.0,"max_hp_gain":0.0,"max_hp_loss":0.0,"gold_gain":0.0,"event_name":"Upgrade Shrine","player_choice":"Upgraded","floor":31.0,"gold_loss":0.0,"damage_taken":0.0,"cards_upgraded":["Bullet Time"]}],"is_beta":false,"boss_relics":[{"not_picked":["StSpp:Magatama","aspiration:DefectSkillbook"],"picked":"halation:Prosthetics"},{"not_picked":["Philosopher\u0027s Stone","jedi:battlestandard"],"picked":"Black Star"}],"items_purged_floors":[],"is_endless":false,"potions_floor_spawned":[2,5,11,14,18,22,28,29],"killed_by":"Orb Walker","ascension_level":0}}