{"host":"ox77rn1xcurm2t5a","time":1613425471,"event":{"mods":["2.2 Compatiblity","AchievementEnabler","Act Like it!","Aspiration","BaseMod","Best Route Mod","Better Match","Better Note","Better Sensory Stone","Block Reminder","Colored Map","Colored Powertips","Conjunction","Conspire","Custom Start","Energized Spire","GifTheSpireLib","Gold Saver","Gremlin Skip","Halation","Highlight Path","Hubris","Infinite Spire","Minty Spire (QoL Compilation)","Pale of the Ancients","Quick Restart","Replay The Spire","Reworked Bosses","ShortenTheSpire","Spire Exporter","StSLib","Stuff the Spire","Wandering Minibosses"],"gold_per_floor":[109,109,284,284,209,209,223,223,247,247,93,125,140,114,114,114,114],"floor_reached":16,"language":"ENG","playtime":242,"items_purged":["Doubt"],"score":148,"play_id":"f7af7738-2902-44c3-bd2a-50e1589f71cd","local_time":"20210215234431","is_ascension_mode":true,"campfire_choices":[{"floor":6.0,"key":"RECALL"},{"data":"Perfected Strike","floor":8.0,"key":"SMITH"},{"data":"Bash","floor":10.0,"key":"SMITH"},{"data":"Sword Boomerang","floor":15,"key":"SMITH"}],"circlet_count":0,"master_deck":["Strike_R","Strike_R","Strike_R","Strike_R","Strike_R","Defend_R","Defend_R","Defend_R","Defend_R","Bash+1","Heavy Blade","Perfected Strike+1","Sword Boomerang+1"],"relics":["Burning Blood","NeowsBlessing","PreservedInsect","StuffTheSpire:EmeraldSignet"],"acts_visited":["Exordium"],"potions_floor_usage":[13,16],"damage_taken":[{"damage":0.0,"enemies":"2 Louse","floor":1.0,"turns":2.0},{"damage":0.0,"enemies":"Small Slimes","floor":7.0,"turns":1.0},{"damage":0.0,"enemies":"Lagavulin","floor":12.0,"turns":1.0},{"damage":2,"enemies":"Jaw Worm","floor":13,"turns":2},{"damage":33,"enemies":"Exordium Thugs","floor":14,"turns":5},{"damage":58,"enemies":"The Guardian","floor":16,"turns":9}],"seed_played":"3608305575251811566","potions_obtained":[{"floor":1.0,"key":"Venom Potion"},{"floor":12.0,"key":"Adrenaline Potion"},{"floor":14,"key":"Ancient Potion"}],"is_trial":false,"path_per_floor":["M","?","?","?","$","R","M","R","T","R","$","E","M","M","R","B"],"character_chosen":"IRONCLAD","items_purchased":["PreservedInsect"],"campfire_rested":0,"item_purchase_floors":[11],"current_hp_per_floor":[80,80,80,80,80,80,80,80,80,80,80,80,80,55,55,0,0],"gold":114,"neow_bonus":"THREE_ENEMY_KILL","is_daily":false,"chose_seed":false,"campfire_upgraded":3,"win_rate":0.0,"timestamp":1613425471,"path_taken":["M","?","?","?","?","R","M","R","T","R","$","E","M","?","R","BOSS"],"items_purchased_type":["Relic"],"build_version":"2020-12-22","purchased_purges":1,"victory":false,"max_hp_per_floor":[80,80,80,80,80,80,80,80,80,80,80,80,80,80,80,80,80],"card_choices":[{"not_picked":["Body Slam","Rampage"],"picked":"Heavy Blade","floor":1.0},{"not_picked":["Pommel Strike","ReplayTheSpireMod:Strike From Hell"],"picked":"Perfected Strike","floor":7.0},{"not_picked":["Intimidate","Reckless Charge"],"picked":"Sword Boomerang","floor":12.0},{"not_picked":["hubris:SharpeningStone","Life Link","True Grit"],"picked":"SKIP","floor":13},{"not_picked":["StuffTheSpire:BloodClot","Immolate","hubris:SharpeningStone"],"picked":"SKIP","floor":14}],"player_experience":3106248,"relics_obtained":[{"floor":12.0,"key":"StuffTheSpire:EmeraldSignet"}],"event_choices":[{"damage_healed":0.0,"max_hp_gain":0.0,"max_hp_loss":0.0,"gold_gain":0.0,"event_name":"conspire:LoneGhost","player_choice":"Disagree","floor":2.0,"gold_loss":0.0,"damage_taken":0.0},{"damage_healed":0.0,"max_hp_gain":0.0,"max_hp_loss":0.0,"gold_gain":175.0,"event_name":"Liars Game","player_choice":"AGREE","floor":3.0,"gold_loss":0.0,"damage_taken":0.0,"cards_obtained":["Doubt"]}],"is_beta":false,"boss_relics":[],"items_purged_floors":[5],"is_endless":false,"potions_floor_spawned":[1,12,14],"killed_by":"The Guardian","ascension_level":4}}