{"host":"pdq28s6637cpsst2","time":1613408000,"event":{"mods":["BaseMod","Colored Map","Colored Powertips","Highlight Path","Minty Spire (QoL Compilation)","Permanent Neow","Quick Restart","StSLib","The Senshi","The Servant 0.9.4"],"gold_per_floor":[117,137,149,51,51,85,101,101,101,125,160,176,176,176,176,272,272,282,282,282,297,315,315,341,341,341,356,356,56,81,100,100,100,100],"floor_reached":33,"language":"ENG","playtime":1999,"items_purged":["Defend_G"],"score":384,"play_id":"b57fb53d-8e10-4a62-8c15-170a1e8b7584","local_time":"20210215115320","is_ascension_mode":true,"campfire_choices":[{"floor":8.0,"key":"REST"},{"data":"Terror","floor":13.0,"key":"SMITH"},{"floor":15.0,"key":"REST"},{"data":"Backflip","floor":23,"key":"SMITH"},{"floor":25,"key":"REST"},{"floor":28,"key":"REST"},{"floor":32,"key":"REST"}],"circlet_count":0,"master_deck":["Strike_G+1","Strike_G","Strike_G","Defend_G","Defend_G","Defend_G","Defend_G","Survivor","Neutralize","Backflip+1","Heel Hook","PiercingWail","Dagger Throw+1","Underhanded Strike","All Out Attack","Dagger Spray","Terror+1","Glass Knife","Noxious Fumes","Cloak And Dagger","Cloak And Dagger+1","Footwork","Dash"],"relics":["Runic Dome","PreservedInsect","theSenshi:FeatherClipsRelic","Odd Mushroom","Peace Pipe","Sozu","Matryoshka","Art of War","MealTicket","Akabeko"],"acts_visited":["Exordium","TheCity"],"potions_floor_usage":[33],"damage_taken":[{"damage":1.0,"enemies":"Jaw Worm","floor":1.0,"turns":6.0},{"damage":0.0,"enemies":"2 Louse","floor":2.0,"turns":3.0},{"damage":7.0,"enemies":"Small Slimes","floor":3.0,"turns":5.0},{"damage":24.0,"enemies":"Lagavulin","floor":6.0,"turns":6.0},{"damage":8.0,"enemies":"3 Louse","floor":7.0,"turns":3.0},{"damage":9.0,"enemies":"The Mushroom Lair","floor":10.0,"turns":3.0},{"damage":4.0,"enemies":"Gremlin Nob","floor":11.0,"turns":3.0},{"damage":4.0,"enemies":"Red Slaver","floor":12.0,"turns":2.0},{"damage":4.0,"enemies":"Hexaghost","floor":16.0,"turns":7.0},{"damage":16,"enemies":"Chosen","floor":18,"turns":5},{"damage":0,"enemies":"3 Byrds","floor":21,"turns":3},{"damage":11,"enemies":"3 Cultists","floor":22,"turns":4},{"damage":39,"enemies":"Slavers","floor":24,"turns":4},{"damage":14,"enemies":"Cultist and Chosen","floor":27,"turns":5},{"damage":16,"enemies":"Book of Stabbing","floor":30,"turns":5},{"damage":4,"enemies":"Chosen and Byrds","floor":31,"turns":5},{"damage":72,"enemies":"Automaton","floor":33,"turns":10}],"seed_played":"-1177306312076889760","potions_obtained":[{"floor":3.0,"key":"FearPotion"},{"floor":11.0,"key":"Energy Potion"},{"floor":12.0,"key":"DistilledChaos"},{"floor":16.0,"key":"Dexterity Potion"}],"is_trial":false,"path_per_floor":["M","M","M","$","?","E","M","R","T","?","E","M","R","?","R","B",null,"M","?","?","M","M","R","E","R","T","M","R","$","E","M","R","B"],"character_chosen":"THE_SILENT","items_purchased":["Dagger Throw","Underhanded Strike","Footwork","MealTicket"],"campfire_rested":5,"item_purchase_floors":[4,4,29,29],"current_hp_per_floor":[62,62,55,55,41,17,9,30,30,27,29,31,31,24,45,47,64,54,54,54,60,55,55,22,43,43,35,56,56,46,48,69,0,0],"gold":100,"neow_bonus":"BOSS_RELIC","is_daily":false,"chose_seed":false,"campfire_upgraded":2,"win_rate":0.0,"timestamp":1613408000,"path_taken":["M","M","M","$","?","E","M","R","T","?","E","M","R","?","R","BOSS","M","?","?","M","M","R","E","R","T","M","R","$","E","?","R","BOSS"],"items_purchased_type":["Card","Card","Card","Relic"],"build_version":"2020-12-22","purchased_purges":1,"victory":false,"max_hp_per_floor":[70,70,70,70,70,70,70,70,70,70,70,70,70,70,70,70,70,70,70,70,70,70,70,70,70,70,70,70,70,70,70,70,70,70],"card_choices":[{"not_picked":["Dodge and Roll","Flechettes"],"picked":"Backflip","floor":1.0},{"not_picked":["Escape Plan","Backflip"],"picked":"Heel Hook","floor":2.0},{"not_picked":["Crippling Poison","Outmaneuver"],"picked":"PiercingWail","floor":3.0},{"not_picked":["Underhanded Strike","Bane"],"picked":"All Out Attack","floor":6.0},{"not_picked":["Underhanded Strike","Dagger Throw"],"picked":"Dagger Spray","floor":7.0},{"not_picked":["Escape Plan","PiercingWail"],"picked":"Terror","floor":10.0},{"not_picked":["Blur","Setup"],"picked":"Glass Knife","floor":11.0},{"not_picked":["Infinite Blades","Backflip"],"picked":"Noxious Fumes","floor":12.0},{"not_picked":["Poisoned Stab+1","Expertise+1","Sucker Punch"],"picked":"SKIP","floor":18},{"not_picked":["Dagger Throw","Poisoned Stab"],"picked":"Cloak And Dagger","floor":21},{"not_picked":["Bouncing Flask","Slice","Blade Dance"],"picked":"SKIP","floor":22},{"not_picked":["Deflect","Bane"],"picked":"Cloak And Dagger+1","floor":24},{"not_picked":["Backflip+1","Night Terror","Blade Dance"],"picked":"SKIP","floor":27},{"not_picked":["Prepared","Dagger Throw","Deflect"],"picked":"SKIP","floor":30},{"not_picked":["Deadly Poison+1","Glass Knife"],"picked":"Dash","floor":31}],"player_experience":221671,"relics_obtained":[{"floor":6.0,"key":"PreservedInsect"},{"floor":9.0,"key":"theSenshi:FeatherClipsRelic"},{"floor":10.0,"key":"Odd Mushroom"},{"floor":11.0,"key":"Peace Pipe"},{"floor":24,"key":"Matryoshka"},{"floor":26,"key":"Art of War"},{"floor":30,"key":"Akabeko"}],"event_choices":[{"damage_healed":0.0,"max_hp_gain":0.0,"max_hp_loss":0.0,"gold_gain":0.0,"event_name":"Shining Light","player_choice":"Entered Light","floor":5.0,"gold_loss":0.0,"damage_taken":14.0,"cards_upgraded":["Strike_G","Dagger Throw"]},{"damage_healed":0.0,"max_hp_gain":0.0,"max_hp_loss":0.0,"gold_gain":0.0,"event_name":"Mushrooms","player_choice":"Fought Mushrooms","floor":10.0,"gold_loss":0.0,"damage_taken":0.0},{"cards_removed":["Strike_G"],"damage_healed":0.0,"max_hp_gain":0.0,"max_hp_loss":0.0,"gold_gain":0.0,"event_name":"Golden Wing","player_choice":"Card Removal","floor":14.0,"gold_loss":0.0,"damage_taken":7.0},{"cards_removed":["Strike_G"],"damage_healed":0,"gold_gain":0,"player_choice":"Elegance","damage_taken":0,"max_hp_gain":0,"max_hp_loss":0,"event_name":"Back to Basics","floor":19,"gold_loss":0},{"damage_healed":0,"gold_gain":0,"player_choice":"Got Potions","damage_taken":0,"max_hp_gain":0,"max_hp_loss":0,"event_name":"Lab","floor":20,"gold_loss":0}],"is_beta":false,"boss_relics":[{"not_picked":["Pandora\u0027s Box","Fusion Hammer"],"picked":"Sozu"}],"items_purged_floors":[29],"is_endless":false,"potions_floor_spawned":[3,11,12,16,18,21,27,30],"killed_by":"Automaton","ascension_level":6}}