{"host":"Hova","time":1613422636,"event":{"mods":["AchievementEnabler","Aspiration","BaseMod","Better Match","Better Note","Colored Map","Colored Powertips","DeckTracker","Downfall","Hubris","Infinite Spire","Minty Spire (QoL Compilation)","Rare Cards Sparkle","Reliquary","Remilia??????","Replay The Spire","Shop Mod","StSLib","SuperFastMode","The Clintock","The Cursed","The Death Knight","The Necromancer","The Servant 0.9.4"],"gold_per_floor":[113,129,139,215,66,66,66,66,66,81,81,99,54,74,74,172,172,190,190,200,200,200],"floor_reached":21,"language":"ENG","playtime":1235,"items_purged":["Defend_B"],"score":171,"play_id":"ac238ee5-87be-479d-91af-e355d355e697","local_time":"20210215235716","is_ascension_mode":false,"campfire_choices":[{"data":"Storm","floor":6,"key":"SMITH"},{"data":"BasicCrystalCard","floor":8,"key":"SMITH"},{"data":"DemonKingCradle","floor":11,"key":"SMITH"},{"floor":15,"key":"REST"}],"circlet_count":0,"master_deck":["Strike_B","Strike_B","Strike_B","Strike_B","Defend_B","Defend_B","Defend_B","Zap","Dualcast","BasicCrystalCard+1","Redo","Capacitor","Coolheaded","Chaos","Storm+1","DemonKingCradle+1","Loop","Time Bomb","QueenOfMidnight","Redo","MiserableFate"],"relics":["Orichalcum","hubris:DisguiseKit","Painkiller Herb","Nloth\u0027s Gift"],"acts_visited":["Exordium","TheCity"],"potions_floor_usage":[12,16,16,16,20],"damage_taken":[{"damage":0,"enemies":"Cultist","floor":1,"turns":3},{"damage":0,"enemies":"2 Louse","floor":2,"turns":2},{"damage":8,"enemies":"Jaw Worm","floor":3,"turns":3},{"damage":9,"enemies":"Blue Slaver","floor":10,"turns":3},{"damage":1,"enemies":"Red Slaver","floor":12,"turns":4},{"damage":4,"enemies":"Looter","floor":14,"turns":3},{"damage":44,"enemies":"Hexaghost","floor":16,"turns":10},{"damage":5,"enemies":"Spheric Guardian","floor":18,"turns":4},{"damage":39,"enemies":"2 Thieves","floor":20,"turns":5},{"damage":41,"enemies":"Cultist and Chosen","floor":21,"turns":6}],"seed_played":"-2127022406403417366","potions_obtained":[{"floor":2,"key":"Block Potion"},{"floor":4,"key":"sneckomod:MuddlingPotion"},{"floor":10,"key":"champ:CounterPotion"},{"floor":14,"key":"Block Potion"},{"floor":18,"key":"Dexterity Potion"}],"is_trial":false,"path_per_floor":["M","M","M","?","$","R","$","R","T","M","R","M","?","M","R","B",null,"?","?","?","?"],"character_chosen":"DEFECT","items_purchased":["Storm"],"campfire_rested":1,"item_purchase_floors":[5],"current_hp_per_floor":[82,82,74,42,42,42,42,42,42,33,33,32,32,28,52,8,82,77,77,38,0,0],"gold":200,"neow_bonus":"TEN_PERCENT_HP_BONUS","is_daily":false,"chose_seed":false,"campfire_upgraded":3,"win_rate":0.0,"timestamp":1613422636,"path_taken":["M","M","M","?","$","R","?","R","T","M","R","M","?","?","R","BOSS","?","?","?","?"],"items_purchased_type":["Card"],"build_version":"2020-11-17","purchased_purges":1,"victory":false,"max_hp_per_floor":[82,82,82,82,82,82,82,82,82,82,82,82,82,82,82,82,82,82,82,82,82,82],"card_choices":[{"not_picked":["Streamline","Beam Cell"],"picked":"BasicCrystalCard","floor":1},{"not_picked":["Streamline","Conserve Battery"],"picked":"Redo","floor":2},{"not_picked":["Conserve Battery","Hologram"],"picked":"Capacitor","floor":3},{"not_picked":["Go for the Eyes","Panic Button"],"picked":"Coolheaded","floor":4},{"not_picked":["Streamline","Auto Shields"],"picked":"Chaos","floor":4},{"not_picked":["Sweeping Beam","Barrage","Compile Driver"],"picked":"DemonKingCradle","floor":10},{"not_picked":["Defragment","Melter","DiffusionOfMisfortune"],"picked":"Loop","floor":12},{"not_picked":["Ball Lightning","Compile Driver","NightLord"],"picked":"Time Bomb","floor":14},{"not_picked":["ReplayTheSpireMod:Omega Cannon","Buffer","Machine Learning"],"picked":"QueenOfMidnight","floor":16},{"not_picked":["Go for the Eyes","Conserve Battery","HellCatastrophe"],"picked":"Redo","floor":18},{"not_picked":["BootSequence","Reprogram","Leap+1"],"picked":"MiserableFate","floor":20}],"player_experience":11881,"relics_obtained":[{"floor":4,"key":"Orichalcum"},{"floor":9,"key":"hubris:DisguiseKit"}],"event_choices":[{"damage_healed":0,"gold_gain":0,"player_choice":"Left Gold","damage_taken":0,"max_hp_gain":0,"max_hp_loss":0,"event_name":"World of Goop","floor":13,"gold_loss":45},{"damage_healed":0,"gold_gain":0,"player_choice":"Traded Relic","damage_taken":0,"relics_obtained":["Nloth\u0027s Gift"],"max_hp_gain":0,"max_hp_loss":0,"event_name":"N\u0027loth","floor":19,"relics_lost":["Cracked Core"],"gold_loss":0}],"is_beta":true,"boss_relics":[{"not_picked":["aspiration:WatcherSkillbook","aspiration:ServantSkillbook"],"picked":"Painkiller Herb"}],"items_purged_floors":[5],"is_endless":false,"potions_floor_spawned":[2,10,14,18],"killed_by":"Cultist and Chosen","ascension_level":0}}