{"host":"r4aerl4ckfvw1dw3","time":1613381744,"event":{"mods":["BaseMod","BetterRewards","Minty Spire (QoL Compilation)","Quick Restart","StSLib"],"gold_per_floor":[111,123,137,212,224,224,255,255,278,288,288,288,308,322,322,427,427,438,353,368,388,406,406,432,334,334,334,86,104,104,132,132,227,227,247,247,66,66,66,66,94,94,94,94,144,144,97,97,97,97,97,97,14,46,46,46],"floor_reached":55,"language":"ENG","playtime":2632,"items_purged":["Strike_B","Clumsy"],"score":841,"play_id":"c795eb35-8be0-446c-9c40-9f8df3bccf52","local_time":"20210215013544","is_ascension_mode":true,"campfire_choices":[{"data":"Sweeping Beam","floor":6,"key":"SMITH"},{"data":"Zap","floor":8,"key":"SMITH"},{"floor":11,"key":"REST"},{"data":"Consume","floor":15,"key":"SMITH"},{"data":"Hologram","floor":23,"key":"SMITH"},{"floor":30,"key":"REST"},{"floor":32,"key":"REST"},{"data":"Echo Form","floor":40,"key":"SMITH"},{"data":"Seek","floor":42,"key":"SMITH"},{"data":"Machine Learning","floor":44,"key":"SMITH"},{"floor":49,"key":"RECALL"},{"data":"Heatsinks","floor":52,"key":"SMITH"}],"circlet_count":0,"master_deck":["Strike_B+1","Defend_B","Defend_B","Defend_B","Defend_B","Zap+1","Dualcast","Sweeping Beam","Coolheaded","Sweeping Beam+1","Leap","Heatsinks+1","Ball Lightning","Consume+1","Go for the Eyes","Electrodynamics","Hologram+1","Glacier","Stack","Seek+1","Turbo","Parasite","Echo Form+1","Machine Learning+1","Reinforced Body+1","Cold Snap","Flash of Steel","Conserve Battery+1","Shame","Capacitor+1","Cold Snap+1","Static Discharge","Stack","Stack+1"],"relics":["Cracked Core","PreservedInsect","Lantern","Bag of Marbles","Cursed Key","Centennial Puzzle","Juzu Bracelet","Happy Flower","Vajra","Sozu","Regal Pillow","Nunchaku","Darkstone Periapt","Gambling Chip","Whetstone"],"acts_visited":["Exordium","TheCity","TheBeyond","TheEnding"],"potions_floor_usage":[5,7,13,16,20,31,33,41],"damage_taken":[{"damage":5,"enemies":"Small Slimes","floor":1,"turns":4},{"damage":0,"enemies":"2 Louse","floor":2,"turns":3},{"damage":0,"enemies":"Jaw Worm","floor":3,"turns":5},{"damage":1,"enemies":"2 Fungi Beasts","floor":5,"turns":2},{"damage":22,"enemies":"3 Sentries","floor":7,"turns":7},{"damage":10,"enemies":"Exordium Wildlife","floor":10,"turns":5},{"damage":0,"enemies":"Gremlin Gang","floor":13,"turns":1},{"damage":3,"enemies":"Blue Slaver","floor":14,"turns":2},{"damage":19,"enemies":"Hexaghost","floor":16,"turns":9},{"damage":6,"enemies":"Chosen","floor":18,"turns":4},{"damage":12,"enemies":"3 Byrds","floor":20,"turns":3},{"damage":0,"enemies":"3 Cultists","floor":21,"turns":4},{"damage":11,"enemies":"Chosen and Byrds","floor":22,"turns":5},{"damage":0,"enemies":"Gremlin Leader","floor":24,"turns":3},{"damage":18,"enemies":"Centurion and Healer","floor":29,"turns":5},{"damage":21,"enemies":"Slavers","floor":31,"turns":3},{"damage":21,"enemies":"Collector","floor":33,"turns":10},{"damage":0,"enemies":"Orb Walker","floor":35,"turns":4},{"damage":0,"enemies":"Reptomancer","floor":41,"turns":5},{"damage":0,"enemies":"Mind Bloom Boss Battle","floor":45,"turns":5},{"damage":27,"enemies":"Awakened One","floor":50,"turns":21},{"damage":33,"enemies":"Shield and Spear","floor":54,"turns":6},{"damage":46,"enemies":"The Heart","floor":55,"turns":3}],"seed_played":"8354612672330335272","potions_obtained":[{"floor":3,"key":"Explosive Potion"},{"floor":5,"key":"SpeedPotion"},{"floor":7,"key":"AttackPotion"},{"floor":14,"key":"PotionOfCapacity"},{"floor":16,"key":"PowerPotion"},{"floor":21,"key":"ColorlessPotion"},{"floor":29,"key":"GamblersBrew"},{"floor":33,"key":"PowerPotion"}],"is_trial":false,"path_per_floor":["M","M","M","?","M","R","E","R","T","M","R","?","M","M","R","B",null,"M","?","M","M","M","R","E","$","T","T","$","M","R","E","R","B",null,"M","?","$","?","?","R","E","R","T","R","?","?","$","?","R","B",null,"R","$","E","B"],"character_chosen":"DEFECT","items_purchased":["Turbo","Echo Form","Regal Pillow","Cold Snap","Cold Snap","Static Discharge","Stack"],"campfire_rested":3,"item_purchase_floors":[25,28,37,37,47,53,53],"current_hp_per_floor":[77,77,77,66,65,65,43,43,43,33,57,39,39,36,36,17,82,76,76,64,64,53,53,53,53,53,53,53,35,59,38,62,41,82,82,78,78,78,78,78,78,78,78,78,78,78,78,78,78,51,78,78,78,45,0,0],"gold":46,"neow_bonus":"TEN_PERCENT_HP_BONUS","is_daily":false,"chose_seed":false,"campfire_upgraded":8,"win_rate":0.0,"timestamp":1613381744,"path_taken":["M","M","M","?","M","R","E","R","T","M","R","?","M","M","R","BOSS","M","?","M","M","M","R","E","$","T","?","$","M","R","E","R","BOSS","M","?","$","?","?","R","E","R","T","R","?","?","$","?","R","BOSS","R","$","E","BOSS"],"items_purchased_type":["Card","Card","Relic","Card","Card","Card","Card"],"build_version":"2020-12-22","purchased_purges":2,"victory":false,"max_hp_per_floor":[82,82,82,82,82,82,82,82,82,82,82,82,82,82,82,82,82,82,82,82,82,82,82,82,82,82,82,82,82,82,82,82,82,82,82,78,78,78,78,78,78,78,78,78,78,78,78,78,78,78,78,78,78,78,78,78],"card_choices":[{"not_picked":["Cold Snap","Streamline"],"picked":"Sweeping Beam","floor":1},{"not_picked":["Conserve Battery","Melter"],"picked":"Coolheaded","floor":2},{"not_picked":["Melter","Coolheaded"],"picked":"Sweeping Beam","floor":3},{"not_picked":["Fusion","White Noise"],"picked":"Leap","floor":5},{"not_picked":["Leap","Redo"],"picked":"Heatsinks","floor":7},{"not_picked":["Redo","Turbo"],"picked":"Ball Lightning","floor":10},{"not_picked":["Heatsinks","Chill"],"picked":"Consume","floor":13},{"not_picked":["Beam Cell","Rebound"],"picked":"Go for the Eyes","floor":14},{"not_picked":["Thunder Strike","Seek"],"picked":"Electrodynamics","floor":16},{"not_picked":["BootSequence","Barrage"],"picked":"Hologram","floor":18},{"not_picked":["Aggregate","Sunder"],"picked":"Glacier","floor":20},{"not_picked":["Rebound","Gash"],"picked":"Stack","floor":21},{"not_picked":["Barrage","Streamline","Leap"],"picked":"SKIP","floor":22},{"not_picked":["Ball Lightning","Conserve Battery+1"],"picked":"Seek","floor":24},{"not_picked":["Blizzard","Hologram","Rebound"],"picked":"SKIP","floor":29},{"not_picked":["Turbo","Go for the Eyes","Redo"],"picked":"SKIP","floor":31},{"not_picked":["Rainbow","All For One"],"picked":"Machine Learning","floor":33},{"not_picked":["Go for the Eyes+1","Sweeping Beam+1"],"picked":"Reinforced Body+1","floor":35},{"not_picked":["Deep Breath","Master of Strategy"],"picked":"Flash of Steel","floor":38},{"not_picked":["Compile Driver+1","Auto Shields+1"],"picked":"Conserve Battery+1","floor":41},{"not_picked":["Coolheaded+1","Steam"],"picked":"Capacitor+1","floor":45},{"not_picked":["Compile Driver","Beam Cell+1"],"picked":"Stack+1","floor":54}],"player_experience":594630,"relics_obtained":[{"floor":7,"key":"PreservedInsect"},{"floor":9,"key":"Lantern"},{"floor":24,"key":"Juzu Bracelet"},{"floor":27,"key":"Happy Flower"},{"floor":31,"key":"Vajra"},{"floor":41,"key":"Nunchaku"},{"floor":43,"key":"Darkstone Periapt"},{"floor":45,"key":"Gambling Chip"},{"floor":54,"key":"Whetstone"}],"event_choices":[{"damage_healed":0,"gold_gain":75,"player_choice":"Gather Gold","damage_taken":11,"max_hp_gain":0,"max_hp_loss":0,"event_name":"World of Goop","floor":4,"gold_loss":0},{"damage_healed":0,"gold_gain":0,"player_choice":"Success","damage_taken":18,"relics_obtained":["Bag of Marbles"],"max_hp_gain":0,"max_hp_loss":0,"event_name":"Scrap Ooze","floor":12,"gold_loss":0},{"damage_healed":0,"gold_gain":0,"player_choice":"Obtained Relic","damage_taken":0,"relics_obtained":["Centennial Puzzle"],"max_hp_gain":0,"max_hp_loss":0,"event_name":"Addict","floor":19,"gold_loss":85},{"damage_healed":0,"gold_gain":0,"player_choice":"Max HP","damage_taken":0,"max_hp_gain":0,"max_hp_loss":4,"event_name":"Winding Halls","floor":36,"gold_loss":0},{"damage_healed":0,"gold_gain":0,"player_choice":"Memory 1","damage_taken":0,"max_hp_gain":0,"max_hp_loss":0,"event_name":"SensoryStone","floor":38,"gold_loss":0},{"cards_removed":["Strike_B"],"damage_healed":0,"gold_gain":0,"player_choice":"Offered Basic","damage_taken":0,"max_hp_gain":0,"max_hp_loss":0,"event_name":"Bonfire Elementals","floor":39,"gold_loss":0},{"damage_healed":0,"gold_gain":0,"player_choice":"Fight","damage_taken":0,"max_hp_gain":0,"max_hp_loss":0,"event_name":"MindBloom","floor":45,"gold_loss":0},{"damage_healed":0,"gold_gain":0,"player_choice":"Ignored","damage_taken":0,"max_hp_gain":0,"max_hp_loss":0,"event_name":"Tomb of Lord Red Mask","floor":46,"gold_loss":0},{"cards_removed":["Strike_B"],"damage_healed":0,"gold_gain":0,"player_choice":"Removed Attack","damage_taken":0,"max_hp_gain":0,"max_hp_loss":0,"event_name":"Falling","floor":48,"gold_loss":0}],"is_beta":false,"boss_relics":[{"not_picked":["Black Star","Runic Pyramid"],"picked":"Cursed Key"},{"not_picked":["Runic Dome","Coffee Dripper"],"picked":"Sozu"}],"items_purged_floors":[25,28],"is_endless":false,"potions_floor_spawned":[3,5,7,14,16,21,29,33,35],"killed_by":"The Heart","ascension_level":3}}