{"host":"iudiqz5bwex5meyb","time":1613403495,"event":{"mods":["AchievementEnabler","BaseMod","Block Reminder","Colored Map","Minty Spire (QoL Compilation)","StSLib","ojb\u0027s Better Paths Mod","ojb\u0027s Info Mod"],"gold_per_floor":[19,37,57,69,88,121,138,156,209,241,241,241,271,284,284,384,384,397,397,408,82,101,133,151,180,226,150,165,165,179,192,192,294,294,313,328,338,350,145,145,174,192,192,217,234,109,109,119,119,119,119,119,15,48,48],"floor_reached":56,"language":"ENG","playtime":7214,"items_purged":["Defend_G","Defend_G+1","Defend_G"],"score":1376,"play_id":"c8c7a9e2-777e-431c-bd4a-c7a8e63fe7bb","local_time":"20210215093815","is_ascension_mode":true,"campfire_choices":[{"data":"Storm of Steel","floor":12.0,"key":"SMITH"},{"data":"Adrenaline","floor":15.0,"key":"SMITH"},{"data":"Envenom","floor":29.0,"key":"SMITH"},{"data":"Adrenaline","floor":32.0,"key":"SMITH"},{"floor":40,"key":"RECALL"},{"data":"Prepared","floor":49,"key":"SMITH"},{"data":"Cloak And Dagger","floor":52,"key":"SMITH"}],"circlet_count":0,"master_deck":["Strike_G","Strike_G","Defend_G+1","Defend_G+1","Survivor","Neutralize","Storm of Steel+1","Eviscerate","Escape Plan+1","Blade Dance","Backstab","Deflect","Dagger Throw","Dodge and Roll","Dagger Throw","Slice","Adrenaline+1","Finisher","Adrenaline+1","Flying Knee+1","Backflip","Envenom+1","Deflect+1","Prepared+1","Cloak And Dagger+1","Venomology","Cloak And Dagger+1","Parasite","Dodge and Roll+1","Blur","Acrobatics","Finesse","Dodge and Roll+1"],"relics":["Ring of the Snake","War Paint","Centennial Puzzle","Eternal Feather","Anchor","SlaversCollar","Kunai","Paper Crane","Art of War","HoveringKite","White Beast Statue","Shuriken","Tough Bandages","Bag of Preparation"],"acts_visited":["Exordium","TheCity","TheBeyond","TheEnding"],"potions_floor_usage":[37,39,42,42,42,48,54,55,55,55,55,55,55,55],"damage_taken":[{"damage":1.0,"enemies":"Jaw Worm","floor":1.0,"turns":3.0},{"damage":1.0,"enemies":"Small Slimes","floor":2.0,"turns":5.0},{"damage":0.0,"enemies":"Cultist","floor":3.0,"turns":4.0},{"damage":12.0,"enemies":"Gremlin Gang","floor":4.0,"turns":4.0},{"damage":4.0,"enemies":"Lots of Slimes","floor":5.0,"turns":3.0},{"damage":10.0,"enemies":"Gremlin Nob","floor":6.0,"turns":3.0},{"damage":0.0,"enemies":"2 Fungi Beasts","floor":7.0,"turns":3.0},{"damage":0.0,"enemies":"Large Slime","floor":8.0,"turns":4.0},{"damage":1.0,"enemies":"Lagavulin","floor":10.0,"turns":5.0},{"damage":4.0,"enemies":"Gremlin Nob","floor":13.0,"turns":3.0},{"damage":0.0,"enemies":"Blue Slaver","floor":14.0,"turns":1.0},{"damage":18.0,"enemies":"Slime Boss","floor":16.0,"turns":6.0},{"damage":0.0,"enemies":"Chosen","floor":18.0,"turns":3.0},{"damage":0.0,"enemies":"2 Thieves","floor":20.0,"turns":3.0},{"damage":0.0,"enemies":"Snecko","floor":22.0,"turns":3.0},{"damage":10.0,"enemies":"Gremlin Leader","floor":23.0,"turns":6.0},{"damage":6.0,"enemies":"Snake Plant","floor":24.0,"turns":2.0},{"damage":0.0,"enemies":"Book of Stabbing","floor":25.0,"turns":4.0},{"damage":0.0,"enemies":"Centurion and Healer","floor":28.0,"turns":6.0},{"damage":24.0,"enemies":"Cultist and Chosen","floor":30.0,"turns":5.0},{"damage":0.0,"enemies":"Shelled Parasite and Fungi","floor":31.0,"turns":4.0},{"damage":30.0,"enemies":"Automaton","floor":33.0,"turns":9.0},{"damage":0,"enemies":"Orb Walker","floor":35,"turns":3},{"damage":0,"enemies":"3 Darklings","floor":36,"turns":8},{"damage":18,"enemies":"Sphere and 2 Shapes","floor":37,"turns":7},{"damage":1,"enemies":"Jaw Worm Horde","floor":38,"turns":4},{"damage":22,"enemies":"Nemesis","floor":41,"turns":7},{"damage":0,"enemies":"Writhing Mass","floor":42,"turns":8},{"damage":2,"enemies":"Giant Head","floor":44,"turns":7},{"damage":0,"enemies":"Maw","floor":45,"turns":7},{"damage":0,"enemies":"4 Shapes","floor":48,"turns":5},{"damage":25,"enemies":"Donu and Deca","floor":50,"turns":11},{"damage":17,"enemies":"Shield and Spear","floor":54,"turns":4},{"damage":38,"enemies":"The Heart","floor":55,"turns":7}],"seed_played":"-2417922626001663281","potions_obtained":[{"floor":3.0,"key":"Swift Potion"},{"floor":4.0,"key":"Explosive Potion"},{"floor":7.0,"key":"AttackPotion"},{"floor":8.0,"key":"LiquidMemories"},{"floor":13.0,"key":"Energy Potion"},{"floor":16.0,"key":"SteroidPotion"},{"floor":20.0,"key":"Energy Potion"},{"floor":24.0,"key":"AttackPotion"},{"floor":25.0,"key":"ColorlessPotion"},{"floor":30.0,"key":"PowerPotion"},{"floor":33.0,"key":"BlessingOfTheForge"},{"floor":41,"key":"CunningPotion"},{"floor":42,"key":"Strength Potion"},{"floor":44,"key":"EntropicBrew"},{"floor":48,"key":"Fruit Juice"},{"floor":54,"key":"PowerPotion"}],"is_trial":false,"path_per_floor":["M","M","M","M","M","E","M","M","T","E","?","R","E","M","R","B",null,"M","?","M","$","M","E","M","E","T","$","M","R","M","M","R","B",null,"M","M","M","M","$","R","E","M","T","E","M","$","?","M","R","B",null,"R","$","E","B",null],"character_chosen":"THE_SILENT","items_purchased":["Kunai","Regen Potion","Fruit Juice","Acrobatics","Finesse"],"campfire_rested":0,"item_purchase_floors":[21,27,39,53,53],"current_hp_per_floor":[69,68,68,56,52,42,42,42,42,41,27,39,35,35,47,29,70,70,70,70,70,70,60,54,54,54,54,54,69,45,45,60,30,70,70,70,52,51,56,71,49,49,49,47,47,47,47,52,70,45,80,80,80,63,40],"gold":48,"neow_bonus":"TRANSFORM_TWO_CARDS","is_daily":false,"chose_seed":false,"campfire_upgraded":6,"win_rate":0.0,"timestamp":1613403495,"path_taken":["M","M","M","M","M","E","M","M","T","E","?","R","E","M","R","BOSS","M","?","M","$","M","E","M","E","T","$","M","R","M","M","R","BOSS","M","M","M","?","$","R","E","?","T","E","M","?","?","M","R","BOSS","R","$","E","BOSS"],"items_purchased_type":["Relic","Potion","Potion","Card","Card"],"build_version":"2020-12-22","purchased_purges":3,"victory":true,"max_hp_per_floor":[70,70,70,70,70,70,70,70,70,70,70,70,70,70,70,70,70,70,70,70,70,70,70,70,70,70,70,70,70,70,70,70,70,70,70,70,70,70,75,75,75,75,75,75,75,75,75,80,80,80,80,80,80,80,80],"card_choices":[{"not_picked":["Dodge and Roll","Quick Slash"],"picked":"Escape Plan","floor":1.0},{"not_picked":["Concentrate","Acrobatics"],"picked":"Blade Dance","floor":2.0},{"not_picked":["Backflip","Dagger Spray"],"picked":"Backstab","floor":3.0},{"not_picked":["Quick Slash","Prepared"],"picked":"Deflect","floor":4.0},{"not_picked":["Underhanded Strike","Dagger Spray"],"picked":"Dagger Throw","floor":5.0},{"not_picked":["Distraction","Quick Slash"],"picked":"Dodge and Roll","floor":6.0},{"not_picked":["Terror","Backflip"],"picked":"Dagger Throw","floor":7.0},{"not_picked":["Bane","Slice","Predator"],"picked":"SKIP","floor":8.0},{"not_picked":["Deadly Poison","Noxious Fumes"],"picked":"Slice","floor":10.0},{"not_picked":["Riddle With Holes","Underhanded Strike"],"picked":"Adrenaline","floor":13.0},{"not_picked":["Caltrops","All Out Attack"],"picked":"Finisher","floor":14.0},{"not_picked":["Malaise","Tools of the Trade"],"picked":"Adrenaline","floor":16.0},{"not_picked":["Endless Agony","Backstab"],"picked":"Flying Knee+1","floor":18.0},{"not_picked":["Flechettes","Reflex","Riddle With Holes+1"],"picked":"SKIP","floor":20.0},{"not_picked":["Deadly Poison","Dagger Spray"],"picked":"Backflip","floor":22.0},{"not_picked":["Acrobatics","Dash"],"picked":"Envenom","floor":23.0},{"not_picked":["Heel Hook","Acrobatics"],"picked":"Deflect+1","floor":24.0},{"not_picked":["Deadly Poison","Bane"],"picked":"Prepared","floor":25.0},{"not_picked":["Quick Slash","Noxious Fumes+1"],"picked":"Cloak And Dagger","floor":28.0},{"not_picked":["Tactician","Bullet Time"],"picked":"Footwork+1","floor":30.0},{"not_picked":["Calculated Gamble+1","Quick Slash","Poisoned Stab"],"picked":"SKIP","floor":31.0},{"not_picked":["Die Die Die","Tools of the Trade"],"picked":"Venomology","floor":33.0},{"not_picked":["Deflect+1","Crippling Poison+1"],"picked":"Cloak And Dagger+1","floor":35},{"not_picked":["Concentrate","Blade Dance","Tactician+1"],"picked":"SKIP","floor":36},{"not_picked":["Endless Agony+1","Deadly Poison","Expertise"],"picked":"SKIP","floor":37},{"not_picked":["Poisoned Stab","Deadly Poison+1","Setup+1"],"picked":"SKIP","floor":38},{"not_picked":["Noxious Fumes+1","Endless Agony","Well Laid Plans+1"],"picked":"SKIP","floor":41},{"not_picked":["Riddle With Holes","Blade Dance+1"],"picked":"Dodge and Roll+1","floor":42},{"not_picked":["Calculated Gamble+1","PiercingWail","Finisher"],"picked":"SKIP","floor":44},{"not_picked":["Noxious Fumes+1","Bullet Time"],"picked":"Blur","floor":45},{"not_picked":["Quick Slash+1","Poisoned Stab","Slice"],"picked":"SKIP","floor":48},{"not_picked":["Dagger Throw+1","Deadly Poison"],"picked":"Dodge and Roll+1","floor":54}],"player_experience":261236,"relics_obtained":[{"floor":6.0,"key":"War Paint"},{"floor":9.0,"key":"Centennial Puzzle"},{"floor":10.0,"key":"Eternal Feather"},{"floor":13.0,"key":"Anchor"},{"floor":23.0,"key":"Paper Crane"},{"floor":25.0,"key":"Art of War"},{"floor":41,"key":"White Beast Statue"},{"floor":43,"key":"Shuriken"},{"floor":44,"key":"Tough Bandages"},{"floor":54,"key":"Bag of Preparation"}],"event_choices":[{"damage_healed":0.0,"max_hp_gain":0.0,"max_hp_loss":0.0,"gold_gain":0.0,"event_name":"Shining Light","player_choice":"Entered Light","floor":11.0,"gold_loss":0.0,"damage_taken":14.0,"cards_upgraded":["Escape Plan","Defend_G"]},{"cards_removed":["Strike_G"],"damage_healed":0.0,"max_hp_gain":0.0,"max_hp_loss":0.0,"gold_gain":0.0,"event_name":"Purifier","player_choice":"Purged","floor":19.0,"gold_loss":0.0,"damage_taken":0.0},{"cards_removed":["Footwork"],"damage_healed":0,"gold_gain":0,"player_choice":"Removed Power","damage_taken":0,"max_hp_gain":0,"max_hp_loss":0,"event_name":"Falling","floor":47,"gold_loss":0}],"is_beta":false,"boss_relics":[{"not_picked":["Velvet Choker","Ectoplasm"],"picked":"SlaversCollar"},{"not_picked":["Pandora\u0027s Box","SacredBark"],"picked":"HoveringKite"}],"items_purged_floors":[21,39,46],"is_endless":false,"potions_floor_spawned":[3,4,7,8,13,16,20,24,25,28,30,33,36,41,42,44,45,48,54],"ascension_level":3}}