{"host":"c59zqhrgluvxuu0k","time":1613372193,"event":{"mods":["100% Spire Juice","BaseMod","Better Altar","Better Third Choice","BetterRewards","Colored Map","Colored Powertips","Curses Come First","Downfall","Friendly Minions","Hermit","Minty Spire (QoL Compilation)","Replay The Spire","Shop Mod","Spicy Shops","StSLib","The Blackbeard","The Cursed","The Death Knight","The Druid","The Jungle","The Necromancer","The Runesmith","The Wild Card"],"gold_per_floor":[199,219,236,72,57,92,92,92,112,112,20,53,53,71,89,104,104,104],"floor_reached":16,"language":"ENG","playtime":1941,"items_purged":["Voices"],"score":116,"play_id":"02d9afce-7a62-4274-9815-a959eeb8f861","local_time":"20210214235633","is_ascension_mode":true,"campfire_choices":[{"data":"bronze:Replicate","floor":1,"key":"SMITH"},{"data":"bronze:Constructor","floor":8,"key":"SMITH"}],"circlet_count":0,"master_deck":["bronze:Strike","bronze:Strike","bronze:Strike","bronze:Defend","bronze:Defend","bronze:Defend","bronze:Defend+1","bronze:Replicate+1","bronze:Goto","bronze:Constructor+1","bronze:Terminator","bronze:Assembly","bronze:Shell+1","bronze:ChosenStrike","bronze:Separator","bronze:ClassDefault","bronze:Safeguard","bronze:Overheat","bronze:Fortify"],"relics":["bronze:BronzeCore","ReplayTheSpireMod:TigerMarble","Dream Catcher","Mercury Hourglass","ReplayTheSpireMod:CursedCoin","War Paint","Garlic","ReplayTheSpireMod:Ring of Challenge","ReplayTheSpireMod:Ring of Collecting"],"acts_visited":["Exordium"],"potions_floor_usage":[12,16],"damage_taken":[{"damage":0,"enemies":"Cultist","floor":2,"turns":3},{"damage":1,"enemies":"Jaw Worm","floor":3,"turns":3},{"damage":0,"enemies":"downfall:FleeingMerchant","floor":4,"turns":4},{"damage":0,"enemies":"downfall:FleeingMerchant","floor":5,"turns":4},{"damage":15,"enemies":"3 Sentries","floor":6,"turns":9},{"damage":5,"enemies":"Small Slimes","floor":9,"turns":3},{"damage":0,"enemies":"downfall:FleeingMerchant","floor":11,"turns":4},{"damage":18,"enemies":"Lagavulin","floor":12,"turns":3},{"damage":1,"enemies":"Exordium Wildlife","floor":14,"turns":4},{"damage":0,"enemies":"Gremlin Gang","floor":15,"turns":3},{"damage":31,"enemies":"IC_STATUS_ARCHETYPE","floor":16,"turns":4}],"seed_played":"3749867443714129301","potions_obtained":[{"floor":3,"key":"DuplicationPotion"},{"floor":9,"key":"Adrenaline Potion"},{"floor":15,"key":"DeathKnight:RimePotion"}],"is_trial":false,"path_per_floor":["R","M","M","$","$","E","T","R","M","?","$","E","?","M","M","B"],"character_chosen":"THE_AUTOMATON","items_purchased":["ReplayTheSpireMod:TigerMarble","ReplayTheSpireMod:CursedCoin","War Paint","bronze:ClassDefault"],"campfire_rested":0,"item_purchase_floors":[4,11,11,11],"current_hp_per_floor":[70,70,69,69,69,54,54,54,49,49,49,31,31,30,30,0,0,0],"gold":104,"neow_bonus":"HUNDRED_GOLD","is_daily":false,"chose_seed":false,"campfire_upgraded":2,"win_rate":0.0,"timestamp":1613372193,"path_taken":["R","M","M","?","$","E","T","R","M","?","$","E","?","M","M","BOSS"],"items_purchased_type":["Relic","Relic","Relic","Card"],"build_version":"2020-12-22","purchased_purges":1,"victory":false,"max_hp_per_floor":[70,70,70,70,70,70,70,70,70,70,70,70,70,70,70,70,70,70],"card_choices":[{"not_picked":["bronze:BuggyMess","bronze:Invalidate"],"picked":"bronze:Constructor","floor":2},{"not_picked":["bronze:Deprecate","bronze:Turbo"],"picked":"bronze:Terminator","floor":3},{"not_picked":["bronze:BurnOut","bronze:GetLatest"],"picked":"bronze:Assembly","floor":4},{"not_picked":["bronze:Mutator","bronze:Return"],"picked":"bronze:Shell","floor":5},{"not_picked":["bronze:Terminator","bronze:WhirlingStrike"],"picked":"bronze:ChosenStrike","floor":6},{"not_picked":["bronze:BugBarrage","bronze:Frontload"],"picked":"bronze:Separator","floor":9},{"not_picked":["bronze:DelayedSlice","bronze:Break","bronze:Turbo"],"picked":"SKIP","floor":11},{"not_picked":["bronze:CutThrough","bronze:Overheat"],"picked":"bronze:Safeguard","floor":12},{"not_picked":["bronze:Overload","bronze:Separator"],"picked":"bronze:Overheat","floor":14},{"not_picked":["bronze:BitShift","bronze:ItsAFeature"],"picked":"bronze:Fortify","floor":15}],"player_experience":2232201,"relics_obtained":[{"floor":6,"key":"Dream Catcher"},{"floor":7,"key":"Mercury Hourglass"},{"floor":12,"key":"Garlic"},{"floor":13,"key":"ReplayTheSpireMod:Ring of Challenge"},{"floor":13,"key":"ReplayTheSpireMod:Ring of Collecting"}],"event_choices":[],"is_beta":false,"boss_relics":[],"items_purged_floors":[11],"is_endless":false,"potions_floor_spawned":[3,9,15],"killed_by":"IC_STATUS_ARCHETYPE","ascension_level":1}}