{"host":"dpbezu80jg8zk7un","time":1613405011,"event":{"mods":["BaseMod","Colored Map","Colored Powertips","Custom Start","DeckTracker","Minty Spire (QoL Compilation)","Quick Restart","StSLib","SuperFastMode"],"gold_per_floor":[114,114,132,143,143,143,169,169,247,278,353,353,26,45,45,124,124,138,167,177,77,77,77,77,77,77,107,126,126,138,158,158,236,236,247,247,147,166,186,186,220,220,220,220,236,286,296,329,329,329,329,329],"floor_reached":51,"language":"KOR","playtime":1799,"items_purged":["Pain","Strike_P","Defend_P"],"score":1591,"play_id":"3613d1bc-f065-4d59-8032-17e610a498fb","local_time":"20210216010331","is_ascension_mode":true,"campfire_choices":[{"data":"Eruption","floor":6.0,"key":"SMITH"},{"data":"Tantrum","floor":8.0,"key":"SMITH"},{"data":"Scrawl","floor":15.0,"key":"SMITH"},{"data":"MentalFortress","floor":23.0,"key":"SMITH"},{"data":"EmptyMind","floor":25.0,"key":"SMITH"},{"data":"Vault","floor":29.0,"key":"SMITH"},{"data":"TalkToTheHand","floor":32,"key":"SMITH"},{"data":"Scrawl","floor":40,"key":"SMITH"},{"floor":42,"key":"RECALL"},{"data":"Vigilance","floor":44,"key":"SMITH"},{"data":"Defend_P","floor":49,"key":"SMITH"}],"circlet_count":0,"master_deck":["AscendersBane","Strike_P","Strike_P","Strike_P","Defend_P+1","Defend_P","Eruption+1","Vigilance+1","Tantrum+1","Scrawl+1","MentalFortress+1","TalkToTheHand+1","Vault+1","EmptyFist+1","EmptyMind+1","Scrawl+1","Adaptation+1"],"relics":["HolyWater","WarpedTongs","Eternal Feather","Bird Faced Urn","Singing Bowl","CloakClasp","Medical Kit","Red Mask","The Courier","PreservedInsect","Runic Dome","Regal Pillow","Vajra"],"acts_visited":["Exordium","TheCity","TheBeyond"],"potions_floor_usage":[30,33,33,50,51],"damage_taken":[{"damage":4.0,"enemies":"Jaw Worm","floor":1.0,"turns":4.0},{"damage":4.0,"enemies":"Cultist","floor":3.0,"turns":2.0},{"damage":8.0,"enemies":"Small Slimes","floor":4.0,"turns":4.0},{"damage":21.0,"enemies":"Lagavulin","floor":7.0,"turns":5.0},{"damage":17.0,"enemies":"3 Sentries","floor":10.0,"turns":9.0},{"damage":0.0,"enemies":"Red Slaver","floor":14.0,"turns":1.0},{"damage":0.0,"enemies":"Hexaghost","floor":16.0,"turns":8.0},{"damage":0.0,"enemies":"Chosen","floor":18.0,"turns":3.0},{"damage":4.0,"enemies":"Masked Bandits","floor":19.0,"turns":3.0},{"damage":0.0,"enemies":"Shell Parasite","floor":20.0,"turns":4.0},{"damage":0.0,"enemies":"Slavers","floor":27.0,"turns":5.0},{"damage":0.0,"enemies":"Centurion and Healer","floor":28.0,"turns":5.0},{"damage":0,"enemies":"Shelled Parasite and Fungi","floor":30,"turns":4},{"damage":0,"enemies":"Snake Plant","floor":31,"turns":4},{"damage":19,"enemies":"Champ","floor":33,"turns":10},{"damage":0,"enemies":"Orb Walker","floor":35,"turns":2},{"damage":0,"enemies":"3 Shapes","floor":38,"turns":3},{"damage":1,"enemies":"3 Darklings","floor":39,"turns":7},{"damage":18,"enemies":"Nemesis","floor":41,"turns":7},{"damage":0,"enemies":"Jaw Worm Horde","floor":45,"turns":3},{"damage":2,"enemies":"Maw","floor":47,"turns":7},{"damage":0,"enemies":"Giant Head","floor":48,"turns":3},{"damage":83,"enemies":"Awakened One","floor":50,"turns":15},{"damage":15,"enemies":"Donu and Deca","floor":51,"turns":9}],"seed_played":"-8284486734152767890","potions_obtained":[{"floor":1.0,"key":"AttackPotion"},{"floor":14.0,"key":"Regen Potion"},{"floor":19.0,"key":"Block Potion"},{"floor":20.0,"key":"Energy Potion"},{"floor":30,"key":"Strength Potion"},{"floor":31,"key":"Swift Potion"},{"floor":38,"key":"ColorlessPotion"},{"floor":41,"key":"SpeedPotion"},{"floor":47,"key":"DistilledChaos"}],"is_trial":false,"path_per_floor":["M","?","M","M","T","R","E","R","T","E","?","?","$","M","R","B",null,"M","?","M","$","?","R","?","R","T","E","M","R","M","M","R","B",null,"M","?","$","M","M","R","E","R","T","R","M","?","M","E","R","B","B"],"character_chosen":"WATCHER","items_purchased":["MentalFortress","Medical Kit"],"campfire_rested":0,"item_purchase_floors":[13,13],"current_hp_per_floor":[57,57,53,45,45,51,30,36,36,21,10,10,10,10,16,18,57,59,59,74,74,74,74,74,74,74,76,78,78,80,82,82,63,77,79,79,79,83,86,88,70,79,79,88,90,90,90,94,94,11,0,0],"gold":329,"neow_bonus":"REMOVE_CARD","is_daily":false,"chose_seed":false,"campfire_upgraded":10,"win_rate":0.0,"timestamp":1613405011,"path_taken":["M","?","?","?","?","R","E","R","T","E","?","?","$","?","R","BOSS","M","?","M","$","?","R","?","R","T","E","M","R","M","M","R","BOSS","M","?","$","M","?","R","E","R","T","R","M","?","M","E","R","BOSS","BOSS"],"items_purchased_type":["Card","Relic"],"build_version":"2020-12-22","purchased_purges":3,"victory":false,"max_hp_per_floor":[68,68,68,68,68,68,68,68,68,70,70,70,70,70,70,70,70,70,72,74,74,74,74,74,74,74,76,78,78,80,82,82,82,82,84,84,84,86,88,88,88,88,88,88,90,90,92,94,94,94,94,94],"card_choices":[{"not_picked":["Protect","WaveOfTheHand","Evaluate"],"picked":"SKIP","floor":1.0},{"not_picked":["Swivel","JustLucky","Indignation"],"picked":"SKIP","floor":3.0},{"not_picked":["Consecrate","Fasting2"],"picked":"Tantrum","floor":4.0},{"not_picked":["Evaluate","Tantrum","FollowUp"],"picked":"SKIP","floor":7.0},{"not_picked":["SignatureMove","Fasting2","Prostrate"],"picked":"Singing Bowl","floor":10.0},{"not_picked":["FlurryOfBlows","WaveOfTheHand"],"picked":"TalkToTheHand","floor":14.0},{"not_picked":["Devotion","DevaForm"],"picked":"Vault","floor":16.0},{"not_picked":["SashWhip","FlurryOfBlows"],"picked":"EmptyFist+1","floor":18.0},{"not_picked":["Protect","FlyingSleeves","FollowUp"],"picked":"Singing Bowl","floor":19.0},{"not_picked":["CutThroughFate","EmptyFist","SpiritShield"],"picked":"Singing Bowl","floor":20.0},{"not_picked":["WaveOfTheHand","ClearTheMind","DeceiveReality"],"picked":"Singing Bowl","floor":27.0},{"not_picked":["Evaluate","Prostrate","ReachHeaven"],"picked":"Singing Bowl","floor":28.0},{"not_picked":["ThirdEye","CrushJoints","EmptyBody+1"],"picked":"Singing Bowl","floor":30},{"not_picked":["Evaluate","EmptyBody","Prostrate"],"picked":"Singing Bowl","floor":31},{"not_picked":["Ragnarok","Judgement"],"picked":"Scrawl","floor":33},{"not_picked":["Evaluate+1","Consecrate+1","Halt+1"],"picked":"Singing Bowl","floor":35},{"not_picked":["Indignation+1","BowlingBash","EmptyBody+1"],"picked":"Singing Bowl","floor":38},{"not_picked":["ThirdEye","DeceiveReality","Swivel+1"],"picked":"Singing Bowl","floor":39},{"not_picked":["FollowUp","BowlingBash"],"picked":"Adaptation+1","floor":41},{"not_picked":["JustLucky+1","EmptyBody+1","Perseverance+1"],"picked":"Singing Bowl","floor":45},{"not_picked":["DevaForm","Perseverance","FlurryOfBlows"],"picked":"Singing Bowl","floor":47},{"not_picked":["Protect","FlyingSleeves","Halt"],"picked":"Singing Bowl","floor":48}],"player_experience":2973965,"relics_obtained":[{"floor":5.0,"key":"Eternal Feather"},{"floor":7.0,"key":"Bird Faced Urn"},{"floor":9.0,"key":"Singing Bowl"},{"floor":10.0,"key":"CloakClasp"},{"floor":19.0,"key":"Red Mask"},{"floor":26.0,"key":"The Courier"},{"floor":27.0,"key":"PreservedInsect"},{"floor":41,"key":"Regal Pillow"},{"floor":48,"key":"Vajra"}],"event_choices":[{"damage_healed":0.0,"max_hp_gain":0.0,"max_hp_loss":0.0,"gold_gain":0.0,"event_name":"Accursed Blacksmith","player_choice":"Rummage","floor":2.0,"gold_loss":0.0,"damage_taken":0.0,"relics_obtained":["WarpedTongs"],"cards_obtained":["Pain"]},{"damage_healed":0.0,"max_hp_gain":0.0,"max_hp_loss":0.0,"gold_gain":75.0,"event_name":"World of Goop","player_choice":"Gather Gold","floor":11.0,"gold_loss":0.0,"damage_taken":11.0},{"damage_healed":0.0,"max_hp_gain":0.0,"max_hp_loss":0.0,"gold_gain":0.0,"event_name":"Match and Keep!","player_choice":"1 cards matched","floor":12.0,"gold_loss":0.0,"damage_taken":0.0,"cards_obtained":["Scrawl"]},{"damage_healed":0.0,"max_hp_gain":0.0,"max_hp_loss":0.0,"gold_gain":0.0,"event_name":"Masked Bandits","player_choice":"Fought Bandits","floor":19.0,"gold_loss":0.0,"damage_taken":0.0},{"damage_healed":0.0,"max_hp_gain":0.0,"max_hp_loss":0.0,"gold_gain":0.0,"event_name":"The Mausoleum","player_choice":"Ignored","floor":22.0,"gold_loss":0.0,"damage_taken":0.0},{"damage_healed":0.0,"max_hp_gain":0.0,"max_hp_loss":0.0,"gold_gain":0.0,"event_name":"The Library","player_choice":"Read","floor":24.0,"gold_loss":0.0,"damage_taken":0.0,"cards_obtained":["EmptyMind"]},{"damage_healed":0,"gold_gain":0,"player_choice":"Ignored","damage_taken":0,"max_hp_gain":0,"max_hp_loss":0,"event_name":"SecretPortal","floor":36,"gold_loss":0},{"damage_healed":0,"gold_gain":50,"player_choice":"Pray","damage_taken":0,"max_hp_gain":0,"max_hp_loss":0,"event_name":"Golden Shrine","floor":46,"gold_loss":0}],"is_beta":false,"boss_relics":[{"not_picked":["Sozu","SlaversCollar"],"picked":"HolyWater"},{"not_picked":["Snecko Eye","Velvet Choker"],"picked":"Runic Dome"}],"items_purged_floors":[13,21,37],"is_endless":false,"potions_floor_spawned":[1,14,19,20,30,31,38,41,47],"killed_by":"Donu and Deca","ascension_level":20}}