{"host":"qrt7o4dq2qslzw13","time":1613413093,"event":{"mods":["AchievementEnabler","BaseMod","Colored Map","Colored Powertips","Minty Spire (QoL Compilation)","Quick Restart","StSLib","SuperFastMode"],"gold_per_floor":[112,112,18,38,48,82,82,109,109,138,150,150,150,160,160,235,235,248,248,248,260,185,185,198,215,215,215,215,215],"floor_reached":28,"language":"ENG","playtime":403,"items_purged":[],"score":476,"play_id":"abbfa277-79f5-46ed-a3df-a88eb844abe3","local_time":"20210215131813","is_ascension_mode":true,"campfire_choices":[{"data":"Apotheosis","floor":7.0,"key":"SMITH"},{"floor":12.0,"key":"REST"},{"floor":15.0,"key":"REST"},{"data":"Limit Break","floor":23.0,"key":"SMITH"},{"floor":27.0,"key":"REST"}],"circlet_count":0,"master_deck":["AscendersBane","Strike_R","Strike_R","Strike_R","Strike_R","Defend_R","Defend_R","Defend_R","Bash","Apotheosis+1","Wild Strike","Good Instincts","Anger","Pummel","Shrug It Off","Fiend Fire","Rupture","Limit Break+1","Uppercut"],"relics":["Burning Blood","CultistMask","Shuriken","Bottled Lightning","Paper Frog","Mango","Busted Crown","Pear"],"acts_visited":["Exordium","TheCity"],"potions_floor_usage":[],"damage_taken":[{"damage":12.0,"enemies":"2 Louse","floor":1.0,"turns":3.0},{"damage":0.0,"enemies":"Cultist","floor":4.0,"turns":3.0},{"damage":0.0,"enemies":"Small Slimes","floor":5.0,"turns":2.0},{"damage":32.0,"enemies":"3 Sentries","floor":6.0,"turns":9.0},{"damage":15.0,"enemies":"Lagavulin","floor":8.0,"turns":5.0},{"damage":27.0,"enemies":"3 Sentries","floor":10.0,"turns":12.0},{"damage":5.0,"enemies":"2 Fungi Beasts","floor":11.0,"turns":2.0},{"damage":3.0,"enemies":"Exordium Thugs","floor":14.0,"turns":4.0},{"damage":51.0,"enemies":"The Guardian","floor":16.0,"turns":9.0},{"damage":0.0,"enemies":"Chosen","floor":18.0,"turns":4.0},{"damage":8.0,"enemies":"3 Byrds","floor":21.0,"turns":3.0},{"damage":20.0,"enemies":"Snake Plant","floor":24.0,"turns":4.0},{"damage":25.0,"enemies":"Centurion and Healer","floor":25.0,"turns":4.0},{"damage":44,"enemies":"Gremlin Leader","floor":28,"turns":5}],"seed_played":"-4738190090675761191","potions_obtained":[{"floor":1.0,"key":"FearPotion"},{"floor":10.0,"key":"EssenceOfSteel"},{"floor":11.0,"key":"Ancient Potion"},{"floor":14.0,"key":"FearPotion"},{"floor":18.0,"key":"LiquidBronze"}],"is_trial":false,"path_per_floor":["M","?","$","M","M","E","R","E","T","E","M","R","?","M","R","B",null,"M","?","?","M","?","R","M","M","T","R","E"],"character_chosen":"IRONCLAD","items_purchased":["Good Instincts"],"campfire_rested":3,"item_purchase_floors":[3],"current_hp_per_floor":[62,62,62,68,68,42,42,33,33,26,27,51,51,54,78,33,70,76,76,76,74,74,74,60,41,51,78,34,34],"gold":215,"neow_bonus":"RANDOM_COLORLESS_2","is_daily":false,"chose_seed":false,"campfire_upgraded":2,"win_rate":0.0,"timestamp":1613413093,"path_taken":["M","?","$","M","?","E","R","E","T","E","M","R","?","M","R","BOSS","M","?","?","?","?","R","M","M","T","R","E"],"items_purchased_type":["Card"],"build_version":"2020-12-22","purchased_purges":0,"victory":false,"max_hp_per_floor":[68,68,68,68,68,68,68,68,68,82,82,82,82,82,82,82,82,82,82,82,82,82,82,82,82,92,92,92,92],"card_choices":[{"not_picked":["Secret Weapon","The Bomb"],"picked":"Apotheosis","floor":0.0},{"not_picked":["Perfected Strike","Headbutt"],"picked":"Wild Strike","floor":1.0},{"not_picked":["Headbutt","Fire Breathing"],"picked":"Anger","floor":4.0},{"not_picked":["Thunderclap","Iron Wave"],"picked":"Pummel","floor":5.0},{"not_picked":["Clash","Headbutt","Disarm"],"picked":"SKIP","floor":6.0},{"not_picked":["Sever Soul","Iron Wave"],"picked":"Shrug It Off","floor":8.0},{"not_picked":["Uppercut","Pummel"],"picked":"Fiend Fire","floor":10.0},{"not_picked":["Warcry","Blood for Blood"],"picked":"Rupture","floor":11.0},{"not_picked":["Dropkick","Flex","Heavy Blade"],"picked":"SKIP","floor":14.0},{"not_picked":["Juggernaut","Berserk"],"picked":"Limit Break","floor":16.0},{"not_picked":["Clothesline"],"picked":"SKIP","floor":18.0},{"not_picked":["Sword Boomerang"],"picked":"SKIP","floor":21.0},{"not_picked":[],"picked":"Uppercut","floor":24.0},{"not_picked":["Clash"],"picked":"SKIP","floor":25.0}],"player_experience":639594,"relics_obtained":[{"floor":6.0,"key":"Shuriken"},{"floor":8.0,"key":"Bottled Lightning"},{"floor":9.0,"key":"Paper Frog"},{"floor":10.0,"key":"Mango"},{"floor":26.0,"key":"Pear"}],"event_choices":[{"damage_healed":0.0,"max_hp_gain":0.0,"max_hp_loss":0.0,"gold_gain":0.0,"event_name":"FaceTrader","player_choice":"Trade","floor":2.0,"gold_loss":0.0,"damage_taken":0.0,"relics_obtained":["CultistMask"]},{"damage_healed":0.0,"max_hp_gain":0.0,"max_hp_loss":0.0,"gold_gain":0.0,"event_name":"Dead Adventurer","player_choice":"Searched \u00270\u0027 times","floor":13.0,"gold_loss":0.0,"damage_taken":0.0},{"damage_healed":0.0,"max_hp_gain":0.0,"max_hp_loss":0.0,"gold_gain":0.0,"event_name":"Ghosts","player_choice":"Ignored","floor":19.0,"gold_loss":0.0,"damage_taken":0.0},{"cards_removed":["Strike_R"],"damage_healed":0.0,"max_hp_gain":0.0,"max_hp_loss":0.0,"gold_gain":0.0,"event_name":"Wheel of Change","player_choice":"Card Removal","floor":20.0,"gold_loss":0.0,"damage_taken":0.0},{"cards_removed":["Defend_R"],"damage_healed":0.0,"max_hp_gain":0.0,"max_hp_loss":0.0,"gold_gain":0.0,"event_name":"Beggar","player_choice":"Gave Gold","floor":22.0,"gold_loss":75.0,"damage_taken":0.0}],"is_beta":false,"boss_relics":[{"not_picked":["Snecko Eye","Cursed Key"],"picked":"Busted Crown"}],"items_purged_floors":[],"is_endless":false,"potions_floor_spawned":[1,10,11,14,18],"killed_by":"Gremlin Leader","ascension_level":20}}