{"host":"yy1cu9q9bsxhflzi","time":1613415024,"event":{"mods":["BaseMod","DeckTracker","Minty Spire (QoL Compilation)","Quick Restart","StSLib","SuperFastMode","everything is the same but u backflip on backflip"],"gold_per_floor":[110,120,170,3,3,3,31,50,50,50,50],"floor_reached":10,"language":"KOR","playtime":126,"items_purged":[],"score":122,"play_id":"0ab7da35-4a11-41fd-984d-1335183a7993","local_time":"20210216035024","is_ascension_mode":true,"campfire_choices":[{"data":"Die Die Die","floor":6,"key":"SMITH"}],"circlet_count":0,"master_deck":["AscendersBane","Strike_G","Strike_G","Strike_G","Strike_G","Defend_G","Defend_G","Defend_G","Defend_G","Defend_G","Survivor","Neutralize","Die Die Die+1","Quick Slash","Choke","Eviscerate","Noxious Fumes"],"relics":["Ring of the Snake","Membership Card","Ninja Scroll"],"acts_visited":["Exordium"],"potions_floor_usage":[],"damage_taken":[{"damage":11,"enemies":"Jaw Worm","floor":1,"turns":5},{"damage":1,"enemies":"Cultist","floor":2,"turns":4},{"damage":26,"enemies":"Gremlin Nob","floor":7,"turns":4},{"damage":0,"enemies":"2 Louse","floor":8,"turns":1},{"damage":19,"enemies":"Lagavulin","floor":10,"turns":5}],"seed_played":"9159721434297994127","potions_obtained":[],"is_trial":false,"path_per_floor":["M","M","?","$","?","R","E","M","T","E"],"character_chosen":"THE_SILENT","items_purchased":["Membership Card"],"campfire_rested":0,"item_purchase_floors":[4],"current_hp_per_floor":[48,47,41,41,41,41,15,15,15,0,0],"gold":50,"neow_bonus":"THREE_RARE_CARDS","is_daily":false,"chose_seed":false,"campfire_upgraded":1,"win_rate":0.0,"timestamp":1613415024,"path_taken":["M","M","?","?","?","R","E","?","T","E"],"items_purchased_type":["Relic"],"build_version":"2020-12-22","purchased_purges":0,"victory":false,"max_hp_per_floor":[60,60,60,60,60,60,60,60,60,60,60],"card_choices":[{"not_picked":["Doppelganger","Envenom"],"picked":"Die Die Die","floor":0},{"not_picked":["Dodge and Roll","Outmaneuver"],"picked":"Quick Slash","floor":1},{"not_picked":["Flying Knee","Outmaneuver"],"picked":"Choke","floor":2},{"not_picked":["Venomology","Backstab"],"picked":"Eviscerate","floor":7},{"not_picked":["Quick Slash","Bane"],"picked":"Noxious Fumes","floor":8}],"player_experience":3915638,"relics_obtained":[{"floor":7,"key":"Ninja Scroll"}],"event_choices":[{"damage_healed":0,"gold_gain":50,"player_choice":"Touch","damage_taken":6,"max_hp_gain":0,"max_hp_loss":0,"event_name":"FaceTrader","floor":3,"gold_loss":0},{"cards_removed":["Strike_G"],"damage_healed":0,"gold_gain":0,"player_choice":"Purged","damage_taken":0,"max_hp_gain":0,"max_hp_loss":0,"event_name":"Purifier","floor":5,"gold_loss":0}],"is_beta":false,"boss_relics":[],"items_purged_floors":[],"is_endless":false,"potions_floor_spawned":[],"killed_by":"Lagavulin","ascension_level":17}}