{"host":"farxtl2u8hmkbdo2","time":1613352897,"event":{"mods":["A Magickal Journey","BaseMod","Better Altar","Better Note","Better Sensory Stone","Better Skull","Better Third Choice","Challenge The Spire","Colored Map","Colored Powertips","Current Relic Mod","Downfall","Energized Spire","Fox Events","Gremlin Mod","Hermit","Hubris","Mimic Mod","Minty Spire (QoL Compilation)","Quick Restart","READ ME - Guardian Mod","Rare Cards Sparkle","StSLib","The Bladedancer","The Bug Knight","The Cursed","The Disciple","The Hierophant","The Marked","The Necromancer","The Runesmith","Transform Curses"],"gold_per_floor":[0,19,38,58,58,58,58,17,17,31,46,63,91,1,16,115,115,115,130,145,145,420,420,420,420,433,433,443,473,489,523,535,633,633,433,448,460,460,137,137,184,84,97,97,97,126,1,1,13,13,13,45,45,45,45,45],"floor_reached":57,"language":"SPA","playtime":4555,"items_purged":["bronze:Defend","Regret","bronze:Strike"],"score":1394,"play_id":"ebe2e84d-1d99-4e3a-a2a7-34c572bd9d10","local_time":"20210214223457","is_ascension_mode":true,"campfire_choices":[{"data":"bronze:Replicate","floor":1.0,"key":"SMITH"},{"data":"bronze:WhirlingStrike","floor":6.0,"key":"SMITH"},{"data":"bronze:Goto","floor":9.0,"key":"SMITH"},{"data":"bronze:Verify","floor":18.0,"key":"SMITH"},{"data":"bronze:Terminator","floor":23.0,"key":"SMITH"},{"data":"bronze:Iterate","floor":25.0,"key":"SMITH"},{"floor":27.0,"key":"RECALL"},{"data":"bronze:AlphaBuild","floor":35.0,"key":"SMITH"},{"floor":42.0,"key":"REST"},{"data":"bronze:Virus","floor":44.0,"key":"SMITH"},{"floor":54.0,"key":"REST"}],"circlet_count":0,"master_deck":["bronze:Strike","bronze:Strike","bronze:Strike","bronze:Defend","bronze:Defend","bronze:Defend","bronze:Replicate+1","bronze:Goto+1","bronze:Backtrace","bronze:DelayedGuard","bronze:WhirlingStrike+1","bronze:Backtrace","bronze:DelayedGuard","bronze:Fortify","bronze:InfiniteBeams+1","bronze:ForLoop","bronze:FindAndReplace","bronze:Terminator+1","bronze:Iterate+1","bronze:Verify+1","CurseOfTheBell","bronze:Turbo+1","bronze:Safeguard","bronze:DelayedSlice","bronze:Backtrace","bronze:Boost+1","bronze:FineTuning+1","bronze:Branch+1","bronze:Overload","bronze:AlphaBuild+1","bronze:MaxOutput+1","bronze:Turbo+1","AscendersBane","bronze:BronzeOrb","bronze:Virus+1","bronze:FineTuning+1","expansioncontent:PrepareCrush","expansioncontent:InvincibleStrength","bronze:BurnOut","bronze:Turbo+1"],"relics":["bronze:BronzeCore","Incense Burner","FaceOfCleric","Singing Bowl","Ice Cream","Calling Bell","Juzu Bracelet","hubris:SphereOfDissonance","Calipers","hubris:DeckOfHolding","Pantograph","Bag of Preparation","Black Star","downfall:HeartBlessingRed","downfall:HeartBlessingGreen","ClockworkSouvenir","Strawberry","hubris:MysteriousPyramids","Boot","downfall:HeartBlessingBlue","hubris:CrystalStatue","HollowMod:StagPassRelic","Vajra","hubris:SlimyHat"],"acts_visited":["Exordium","TheCity","TheBeyond","TheEnding"],"potions_floor_usage":[56],"damage_taken":[{"damage":0.0,"enemies":"2 Louse","floor":2.0,"turns":3.0},{"damage":0.0,"enemies":"Cultist","floor":3.0,"turns":2.0},{"damage":3.0,"enemies":"Small Slimes","floor":4.0,"turns":3.0},{"damage":0.0,"enemies":"downfall:FleeingMerchant","floor":8.0,"turns":4.0},{"damage":2.0,"enemies":"Exordium Wildlife","floor":10.0,"turns":3.0},{"damage":3.0,"enemies":"Lots of Slimes","floor":11.0,"turns":3.0},{"damage":6.0,"enemies":"downfall:LooterAlt","floor":12.0,"turns":2.0},{"damage":0.0,"enemies":"Lagavulin","floor":13.0,"turns":5.0},{"damage":1.0,"enemies":"downfall:FleeingMerchant","floor":14.0,"turns":4.0},{"damage":0.0,"enemies":"Blue Slaver","floor":15.0,"turns":1.0},{"damage":10.0,"enemies":"IC_STATUS_ARCHETYPE","floor":16.0,"turns":7.0},{"damage":0.0,"enemies":"Shell Parasite","floor":19.0,"turns":1.0},{"damage":7.0,"enemies":"Chosen","floor":20.0,"turns":3.0},{"damage":7.0,"enemies":"Centurion and Healer","floor":26.0,"turns":3.0},{"damage":22.0,"enemies":"Sentry and Sphere","floor":28.0,"turns":4.0},{"damage":28.0,"enemies":"HollowMod:Nosk","floor":29.0,"turns":5.0},{"damage":3.0,"enemies":"Chosen and Byrds","floor":30.0,"turns":3.0},{"damage":2.0,"enemies":"Gremlin Leader","floor":31.0,"turns":4.0},{"damage":0.0,"enemies":"Centurion and Healer","floor":32.0,"turns":2.0},{"damage":43.0,"enemies":"WA_ARCHETYPE_CALM","floor":33.0,"turns":10.0},{"damage":51.0,"enemies":"3 Shapes","floor":36.0,"turns":4.0},{"damage":14.0,"enemies":"3 Darklings","floor":37.0,"turns":7.0},{"damage":8.0,"enemies":"downfall:FleeingMerchant","floor":39.0,"turns":3.0},{"damage":4.0,"enemies":"4 Shapes","floor":43.0,"turns":3.0},{"damage":8.0,"enemies":"Nemesis","floor":46.0,"turns":4.0},{"damage":0.0,"enemies":"Transient","floor":49.0,"turns":5.0},{"damage":35.0,"enemies":"DF_ARCHETYPE_ORBS","floor":50.0,"turns":4.0},{"damage":56.0,"enemies":"downfall:CharBossMerchant","floor":52.0,"turns":7.0},{"damage":100.0,"enemies":"downfall:NeowBoss","floor":55.0,"turns":15.0},{"damage":41,"enemies":"downfall:NeowBossFinal","floor":56,"turns":11}],"seed_played":"2135410460859340517","potions_obtained":[{"floor":2.0,"key":"bronze:BuildAFunctionPotion"},{"floor":11.0,"key":"DistilledChaos"},{"floor":12.0,"key":"PowerPotion"},{"floor":13.0,"key":"EssenceOfSteel"},{"floor":19.0,"key":"GamblersBrew"},{"floor":20.0,"key":"LiquidMemories"},{"floor":30.0,"key":"SneckoOil"},{"floor":31.0,"key":"hexamod:SoulburnPotion"},{"floor":36.0,"key":"Dexterity Potion"},{"floor":43.0,"key":"SkillPotion"}],"is_trial":false,"path_per_floor":["R","M","M","M","?","R","T","$","R","M","M","M","E","$","M","B",null,"R","M","M","?","?","R","T","R","M","R","M","E","M","E","M","B",null,"R","M","M","?","$","?","T","R","M","R","?","E","$","?","M","B",null,"E","$","R","B","B",null],"character_chosen":"THE_AUTOMATON","items_purchased":["bronze:DelayedGuard","ClockworkSouvenir","Strawberry","hubris:MysteriousPyramids"],"campfire_rested":2,"item_purchase_floors":[8,39,39,39],"current_hp_per_floor":[70,70,70,67,67,67,67,68,68,67,65,60,61,61,62,53,78,78,79,73,76,79,79,79,79,73,73,52,25,23,22,23,6,87,87,39,26,29,29,32,32,74,71,71,84,77,77,72,73,64,115,60,60,94,17,2],"gold":45,"neow_bonus":"ONE_RARE_RELIC","is_daily":false,"chose_seed":false,"campfire_upgraded":8,"win_rate":0.0,"timestamp":1613352897,"path_taken":["R","M","M","M","?","R","T","$","R","?","M","M","E","$","M","BOSS","R","M","M","?","?","R","T","R","M","R","M","E","M","E","M","BOSS","R","M","M","?","$","?","T","R","M","R","?","E","$","?","M","BOSS","E","$","R","BOSS","BOSS"],"items_purchased_type":["Card","Relic","Relic","Relic"],"build_version":"2020-12-22","purchased_purges":3,"victory":true,"max_hp_per_floor":[70,70,70,70,70,70,70,71,71,72,73,74,75,76,77,78,78,78,79,80,80,80,80,80,80,81,81,82,83,84,85,86,87,87,87,90,91,91,99,99,99,109,110,110,110,111,111,113,114,115,115,116,116,116,117,118],"card_choices":[{"not_picked":["bronze:Overheat","bronze:OilSpill"],"picked":"bronze:Backtrace","floor":2.0},{"not_picked":["bronze:FineTuning","bronze:BugBarrage"],"picked":"bronze:DelayedGuard","floor":3.0},{"not_picked":["bronze:Separator","bronze:Constructor"],"picked":"bronze:WhirlingStrike","floor":4.0},{"not_picked":["bronze:Philosophize","bronze:BugBarrage"],"picked":"bronze:Backtrace","floor":8.0},{"not_picked":["bronze:FineTuning","bronze:Constructor"],"picked":"bronze:Fortify","floor":10.0},{"not_picked":["bronze:FineTuning","bronze:Separator"],"picked":"bronze:InfiniteBeams","floor":11.0},{"not_picked":["bronze:ItsAFeature","bronze:Overheat"],"picked":"bronze:ForLoop","floor":12.0},{"not_picked":["bronze:Shell","bronze:Invalidate"],"picked":"bronze:FindAndReplace","floor":13.0},{"not_picked":["bronze:Invalidate","bronze:WildBeam"],"picked":"bronze:Terminator","floor":14.0},{"not_picked":["bronze:FineTuning","bronze:Invalidate"],"picked":"bronze:Iterate","floor":15.0},{"not_picked":["bronze:BurnOut","bronze:FindAndReplace"],"picked":"bronze:Verify","floor":16.0},{"not_picked":["bronze:WildBeam","bronze:Deprecate"],"picked":"bronze:Turbo+1","floor":19.0},{"not_picked":["bronze:Iterate","bronze:Invalidate"],"picked":"bronze:Safeguard","floor":20.0},{"not_picked":["bronze:Frontload","bronze:Separator"],"picked":"bronze:DelayedSlice","floor":26.0},{"not_picked":["bronze:FollowUp+1","bronze:NullPointer+1"],"picked":"bronze:Backtrace","floor":28.0},{"not_picked":["bronze:GetLatest","bronze:Iterate+1"],"picked":"bronze:Boost+1","floor":29.0},{"not_picked":["bronze:Repulsor","bronze:CleanCode"],"picked":"bronze:FineTuning+1","floor":30.0},{"not_picked":["bronze:WhirlingStrike+1","bronze:Deprecate"],"picked":"bronze:Branch+1","floor":31.0},{"not_picked":["bronze:InfiniteBeams+1","bronze:Terminator"],"picked":"bronze:Overload","floor":32.0},{"not_picked":["bronze:HyperBeam","bronze:ShipIt"],"picked":"bronze:AlphaBuild","floor":33.0},{"not_picked":["bronze:Deprecate","bronze:Constructor","bronze:ClassDefault"],"picked":"Singing Bowl","floor":36.0},{"not_picked":["bronze:WildBeam+1","bronze:DelayedGuard+1"],"picked":"bronze:MaxOutput+1","floor":37.0},{"not_picked":["bronze:Flail","bronze:FineTuning"],"picked":"bronze:Turbo+1","floor":39.0},{"not_picked":["bronze:OilSpill","bronze:DelayedSlice+1"],"picked":"bronze:Virus","floor":43.0},{"not_picked":["bronze:WhirlingStrike+1","bronze:BugBarrage"],"picked":"bronze:FineTuning+1","floor":46.0},{"not_picked":["expansioncontent:GuardianWhirl","expansioncontent:PolyBeam","expansioncontent:Hexaburn"],"picked":"Singing Bowl","floor":48.0},{"not_picked":["expansioncontent:PolyBeam","expansioncontent:Hexaburn"],"picked":"expansioncontent:PrepareCrush","floor":48.0},{"not_picked":["expansioncontent:PolyBeam","expansioncontent:Hexaburn"],"picked":"expansioncontent:InvincibleStrength","floor":48.0},{"not_picked":["bronze:Branch+1","bronze:Turbo"],"picked":"bronze:BurnOut","floor":49.0},{"not_picked":["bronze:ForceShield+1","bronze:WildBeam"],"picked":"bronze:Turbo+1","floor":52.0}],"player_experience":2233980,"relics_obtained":[{"floor":7.0,"key":"Singing Bowl"},{"floor":13.0,"key":"Ice Cream"},{"floor":17.0,"key":"Juzu Bracelet"},{"floor":17.0,"key":"hubris:SphereOfDissonance"},{"floor":17.0,"key":"Calipers"},{"floor":24.0,"key":"hubris:DeckOfHolding"},{"floor":29.0,"key":"Pantograph"},{"floor":31.0,"key":"Bag of Preparation"},{"floor":41.0,"key":"Boot"},{"floor":46.0,"key":"hubris:CrystalStatue"},{"floor":46.0,"key":"HollowMod:StagPassRelic"},{"floor":52.0,"key":"Vajra"},{"floor":52.0,"key":"hubris:SlimyHat"}],"event_choices":[{"damage_healed":0.0,"max_hp_gain":0.0,"max_hp_loss":0.0,"gold_gain":0.0,"event_name":"FaceTrader","player_choice":"Trade","floor":5.0,"gold_loss":0.0,"damage_taken":0.0,"relics_obtained":["FaceOfCleric"]},{"damage_healed":0.0,"max_hp_gain":0.0,"max_hp_loss":0.0,"gold_gain":3.0,"event_name":"betterStone:BetterStone","player_choice":"3","floor":40.0,"gold_loss":0.0,"damage_taken":0.0,"cards_obtained":["bronze:BronzeOrb"]}],"is_beta":false,"boss_relics":[{"not_picked":["Runic Pyramid","energizedSpire:EnergizedDie"],"picked":"Calling Bell"},{"not_picked":["Snecko Eye","Philosopher\u0027s Stone"],"picked":"Black Star"}],"items_purged_floors":[14,39,47],"is_endless":false,"potions_floor_spawned":[2,11,12,13,15,19,20,30,31,36,43],"ascension_level":2}}