{"host":"am0cr9xwekqmrere","time":1613347909,"event":{"mods":["AchievementEnabler","Act Like it!","BaseMod","Better Altar","Better Match","Better Note","Better Sensory Stone","Better Skull","Better Third Choice","BetterRewards","Conspire","Downfall","Hubris","Infinite Spire","Minty Spire (QoL Compilation)","Rare Cards Sparkle","Spicy Shops","StSLib","Unceasing Turn Reminder"],"gold_per_floor":[110,137,30,30,40,40,71,82,107,107,49,61,77,88,88,189,189,199,210,21,96,96,96,110,110,110,110,110,130,162,162,162,267,267,278,278,278,293,308,308,308],"floor_reached":40,"language":"ENG","playtime":2058,"items_purged":["Pain"],"score":656,"play_id":"ab9e31db-2247-4f16-a02b-76667b868f67","local_time":"20210214181149","is_ascension_mode":false,"campfire_choices":[{"data":"Eruption","floor":6.0,"key":"SMITH"},{"data":"LikeWater","floor":10.0,"key":"SMITH"},{"data":"DevaForm","floor":15.0,"key":"SMITH"},{"floor":23,"key":"REST"},{"floor":25,"key":"REST"},{"floor":32,"key":"REST"}],"circlet_count":0,"master_deck":["Strike_P","Strike_P","Strike_P","Strike_P","Defend_P","Defend_P","Defend_P","Defend_P","Eruption+1","Vigilance","FearNoEvil","EmptyFist","Prostrate","JustLucky","Brilliance","LikeWater+1","Prostrate","JustLucky","Tantrum","DevaForm+1","ConjureBlade","Prostrate","ThirdEye+1","Panacea","JustLucky","Prostrate","CutThroughFate","ReachHeaven+1","TalkToTheHand","infinitespire:SevenWalls","infinitespire:Starlight","Omniscience","Prostrate+1","FlurryOfBlows+1","Adaptation"],"relics":["PureWater","hubris:PeanutButter","infinitespire:BottledMercury","hubris:MedicalManual","Pen Nib","Smiling Mask","Lee\u0027s Waffle","hubris:HollowSoul","Oddly Smooth Stone","Dream Catcher","infinitespire:WardingShard","Mercury Hourglass","conspire:SpecialSausage","hexamod:CandleOfCauterizing"],"acts_visited":["Exordium","TheCity","TheBeyond"],"potions_floor_usage":[24,24,39,39,40,40],"damage_taken":[{"damage":0.0,"enemies":"Small Slimes","floor":1.0,"turns":4.0},{"damage":0.0,"enemies":"conspire:MimicChest","floor":2.0,"turns":5.0},{"damage":0.0,"enemies":"Cultist","floor":5.0,"turns":3.0},{"damage":7.0,"enemies":"Gremlin Nob","floor":7.0,"turns":4.0},{"damage":0.0,"enemies":"Jaw Worm","floor":8.0,"turns":2.0},{"damage":0.0,"enemies":"Looter","floor":12.0,"turns":3.0},{"damage":0.0,"enemies":"Exordium Thugs","floor":13.0,"turns":4.0},{"damage":0.0,"enemies":"Blue Slaver","floor":14.0,"turns":3.0},{"damage":46.0,"enemies":"Hexaghost","floor":16.0,"turns":10.0},{"damage":1.0,"enemies":"Shell Parasite","floor":18.0,"turns":9.0},{"damage":27.0,"enemies":"Spheric Guardian","floor":19.0,"turns":7.0},{"damage":2,"enemies":"Snecko","floor":24,"turns":4},{"damage":6,"enemies":"Shelled Parasite and Fungi","floor":29,"turns":6},{"damage":6,"enemies":"Slavers","floor":30,"turns":5},{"damage":0,"enemies":"Champ","floor":33,"turns":15},{"damage":19,"enemies":"Orb Walker","floor":35,"turns":5},{"damage":0,"enemies":"3 Shapes","floor":38,"turns":5},{"damage":48,"enemies":"Writhing Mass","floor":39,"turns":6},{"damage":28,"enemies":"Nightmare","floor":40,"turns":5}],"seed_played":"1619299514157889662","potions_obtained":[{"floor":5.0,"key":"hexamod:SoulburnPotion"},{"floor":12.0,"key":"champ:CounterPotion"},{"floor":16.0,"key":"sneckomod:MuddlingPotion"},{"floor":19.0,"key":"ColorlessPotion"},{"floor":38,"key":"EntropicBrew"}],"is_trial":false,"path_per_floor":["M","?","$","?","M","R","E","M","T","R","$","M","M","M","R","B",null,"M","M","$","?","?","R","M","R","T","?","T","M","E","AVR","R","B",null,"M","AVR","T","M","M","NM"],"character_chosen":"WATCHER","items_purchased":["FearNoEvil","hubris:PeanutButter","infinitespire:BottledMercury","JustLucky","Adaptation","Lee\u0027s Waffle","Panacea","JustLucky"],"campfire_rested":3,"item_purchase_floors":[0,0,0,3,3,11,20,20],"current_hp_per_floor":[53,53,53,72,72,72,65,65,65,65,79,79,79,79,79,33,79,78,51,51,44,9,32,39,62,62,62,62,56,39,39,62,39,79,60,60,60,70,32,0,0],"gold":308,"neow_bonus":"","is_daily":false,"chose_seed":false,"campfire_upgraded":3,"win_rate":0.0,"timestamp":1613347909,"path_taken":["M","?","?","?","M","R","E","M","T","R","$","M","M","M","R","BOSS","M","M","$","?","?","R","M","R","T","?","?","M","E","AVR","R","BOSS","M","AVR","?","M","M","NM"],"items_purchased_type":["Card","Relic","Relic","Card","Card","Relic","Card","Card"],"build_version":"2020-12-22","purchased_purges":1,"victory":false,"max_hp_per_floor":[72,72,72,72,72,72,72,72,72,72,79,79,79,79,79,79,79,79,79,79,79,79,79,79,79,79,79,79,79,79,79,79,79,79,79,79,79,79,79,79,79],"card_choices":[{"not_picked":["FlyingSleeves","Wireheading"],"picked":"EmptyFist","floor":1.0},{"not_picked":["FearNoEvil","Meditate"],"picked":"Prostrate","floor":2.0},{"not_picked":["Indignation","Study"],"picked":"Brilliance","floor":5.0},{"not_picked":["EmptyBody","InnerPeace"],"picked":"LikeWater","floor":7.0},{"not_picked":["FearNoEvil","EmptyFist"],"picked":"Prostrate","floor":8.0},{"not_picked":["PathToVictory","InnerPeace"],"picked":"JustLucky","floor":12.0},{"not_picked":["SignatureMove","Halt"],"picked":"Tantrum","floor":13.0},{"not_picked":["Vengeance","CutThroughFate"],"picked":"DevaForm","floor":14.0},{"not_picked":["Scrawl","SpiritShield"],"picked":"ConjureBlade","floor":16.0},{"not_picked":["SashWhip","FlyingSleeves+1"],"picked":"Prostrate","floor":18.0},{"not_picked":["FlyingSleeves+1","CutThroughFate"],"picked":"ThirdEye+1","floor":19.0},{"not_picked":["WindmillStrike+1","Pray+1"],"picked":"Prostrate","floor":23},{"not_picked":["EmptyFist","PathToVictory","Blasphemy"],"picked":"SKIP","floor":24},{"not_picked":["Consecrate","PathToVictory+1"],"picked":"CutThroughFate","floor":25},{"not_picked":["WheelKick","EmptyFist+1"],"picked":"ReachHeaven+1","floor":29},{"not_picked":["BowlingBash+1","Consecrate"],"picked":"TalkToTheHand","floor":30},{"not_picked":["Vault","Blasphemy"],"picked":"Omniscience","floor":33},{"not_picked":["Consecrate","BowlingBash"],"picked":"Prostrate+1","floor":35},{"not_picked":["SashWhip","Collect+1"],"picked":"FlurryOfBlows+1","floor":38},{"not_picked":["Crescendo","SashWhip"],"picked":"Adaptation","floor":39}],"player_experience":2789987,"relics_obtained":[{"floor":2.0,"key":"hubris:MedicalManual"},{"floor":7.0,"key":"Pen Nib"},{"floor":9.0,"key":"Smiling Mask"},{"floor":26,"key":"infinitespire:WardingShard"},{"floor":30,"key":"Mercury Hourglass"},{"floor":37,"key":"hexamod:CandleOfCauterizing"}],"event_choices":[{"cards_removed":["Adaptation"],"damage_healed":19.0,"max_hp_gain":0.0,"max_hp_loss":0.0,"gold_gain":0.0,"event_name":"Bonfire Elementals","player_choice":"Offered Uncommon","floor":4.0,"gold_loss":0.0,"damage_taken":0.0},{"damage_healed":0,"gold_gain":75,"player_choice":"Touch","damage_taken":7,"max_hp_gain":0,"max_hp_loss":0,"event_name":"FaceTrader","floor":21,"gold_loss":0},{"damage_healed":0,"gold_gain":0,"player_choice":"RE RE ","damage_taken":39,"relics_obtained":["Oddly Smooth Stone","Dream Catcher"],"max_hp_gain":0,"max_hp_loss":0,"event_name":"betterSkull:BetterSkull","floor":22,"gold_loss":0,"cards_upgraded":[]},{"cards_removed":["DevaForm"],"damage_healed":0,"gold_gain":0,"player_choice":"Give","damage_taken":0,"max_hp_gain":0,"max_hp_loss":0,"event_name":"betterNote:BetterNote","floor":27,"gold_loss":0,"cards_obtained":["bronze:Repair"]}],"is_beta":false,"boss_relics":[{"not_picked":["conspire:RunicOctahedron","infinitespire:Cupcake"],"picked":"hubris:HollowSoul"},{"not_picked":["Coffee Dripper","conspire:RoyalGoblet"],"picked":"conspire:SpecialSausage"}],"items_purged_floors":[20],"is_endless":false,"potions_floor_spawned":[5,12,16,19,38],"killed_by":"Nightmare","ascension_level":0}}