{"host":"ymmeoa1x24ihslbm","time":1613402652,"event":{"mods":["AchievementEnabler","BaseMod","Colored Map","Colored Powertips","Defuse TimeMaze Blight","Highlight Path","Minty Spire (QoL Compilation)","Permanent Neow","Quick Restart","StSLib","Unceasing Turn Reminder"],"gold_per_floor":[114,134,144,144,154,154,188,188,242,242,317,317,337,401,401,401,401],"floor_reached":16,"language":"ENG","playtime":568,"items_purged":[],"score":219,"play_id":"2ffdc694-7761-4cb9-87da-385a1d9f4561","local_time":"20210215162412","is_ascension_mode":true,"campfire_choices":[{"data":"Backflip","floor":6,"key":"SMITH"},{"data":"Dagger Throw","floor":10,"key":"SMITH"},{"data":"Survivor","floor":12,"key":"SMITH"},{"data":"Die Die Die","floor":15,"key":"SMITH"}],"circlet_count":0,"master_deck":["AscendersBane","Strike_G","Strike_G","Strike_G","Strike_G","Strike_G","Defend_G","Defend_G","Defend_G","Defend_G","Defend_G","Survivor+1","Neutralize+1","Backflip+1","Prepared","Backstab+1","Dagger Throw+1","Die Die Die+1"],"relics":["Ring of the Snake","Gremlin Horn","Omamori","Nunchaku"],"acts_visited":["Exordium"],"potions_floor_usage":[7,7],"damage_taken":[{"damage":0,"enemies":"Jaw Worm","floor":1,"turns":5},{"damage":0,"enemies":"2 Louse","floor":2,"turns":4},{"damage":0,"enemies":"Small Slimes","floor":3,"turns":3},{"damage":0,"enemies":"Blue Slaver","floor":5,"turns":4},{"damage":0,"enemies":"Gremlin Nob","floor":7,"turns":3},{"damage":0,"enemies":"2 Fungi Beasts","floor":13,"turns":1},{"damage":16,"enemies":"Gremlin Nob","floor":14,"turns":4},{"damage":49,"enemies":"Slime Boss","floor":16,"turns":7}],"seed_played":"-5750315605532767077","potions_obtained":[{"floor":5,"key":"CunningPotion"},{"floor":7,"key":"Fruit Juice"}],"is_trial":false,"path_per_floor":["M","M","M","?","M","R","E","?","T","R","?","R","M","?","R","B"],"character_chosen":"THE_SILENT","items_purchased":[],"campfire_rested":0,"item_purchase_floors":[],"current_hp_per_floor":[59,59,59,59,59,59,64,69,69,69,58,58,58,42,42,0,0],"gold":401,"neow_bonus":"UPGRADE_CARD","is_daily":false,"chose_seed":false,"campfire_upgraded":4,"win_rate":0.0,"timestamp":1613402652,"path_taken":["M","M","M","?","M","R","E","?","T","R","?","R","M","?","R","BOSS"],"items_purchased_type":[],"build_version":"2020-12-22","purchased_purges":0,"victory":false,"max_hp_per_floor":[66,66,66,66,66,66,71,76,76,76,76,76,76,76,76,76,76],"card_choices":[{"not_picked":["Acrobatics","Deflect"],"picked":"Backflip","floor":1},{"not_picked":["Deflect","Bane"],"picked":"Prepared","floor":2},{"not_picked":["Bane","Quick Slash"],"picked":"Backstab","floor":3},{"not_picked":["Skewer","Sucker Punch"],"picked":"Dagger Throw","floor":5},{"not_picked":["Finisher","Slice"],"picked":"Die Die Die","floor":7},{"not_picked":["Backflip","Well Laid Plans","Cloak And Dagger"],"picked":"SKIP","floor":13}],"player_experience":594477,"relics_obtained":[{"floor":7,"key":"Gremlin Horn"},{"floor":9,"key":"Omamori"},{"floor":14,"key":"Nunchaku"}],"event_choices":[{"damage_healed":0,"gold_gain":0,"player_choice":"Grow","damage_taken":0,"max_hp_gain":0,"max_hp_loss":0,"event_name":"Living Wall","floor":4,"gold_loss":0,"cards_upgraded":["Backstab"]},{"damage_healed":0,"gold_gain":0,"player_choice":"Donut","damage_taken":0,"max_hp_gain":5,"max_hp_loss":0,"event_name":"Big Fish","floor":8,"gold_loss":0},{"damage_healed":0,"gold_gain":75,"player_choice":"Gather Gold","damage_taken":11,"max_hp_gain":0,"max_hp_loss":0,"event_name":"World of Goop","floor":11,"gold_loss":0},{"damage_healed":0,"gold_gain":0,"player_choice":"Searched \u00271\u0027 times","damage_taken":0,"max_hp_gain":0,"max_hp_loss":0,"event_name":"Dead Adventurer","floor":14,"gold_loss":0}],"is_beta":false,"boss_relics":[],"items_purged_floors":[],"is_endless":false,"potions_floor_spawned":[5,7],"killed_by":"Slime Boss","ascension_level":15}}