{"host":"cjhtzh7tp54jdfyv","time":1613385708,"event":{"mods":["AchievementEnabler","BaseMod","Colored Map","Colored Powertips","Curses Come First","DeckTracker","Minty Spire (QoL Compilation)","RNG Fix","Relic Sorter","Relic Stats","StSLib","UnlockEverythingMod","ojb\u0027s Better Paths Mod","ojb\u0027s Info Mod"],"gold_per_floor":[110,122,122,122,47,47,63,99,169,169,193,193,219,232,232,232,232],"floor_reached":16,"language":"ENG","playtime":192,"items_purged":["Defend_P"],"score":100,"play_id":"08cd6371-1f7b-4817-9bc5-2658ce9c67f2","local_time":"20210215054148","is_ascension_mode":false,"campfire_choices":[{"data":"Eruption","floor":6,"key":"SMITH"},{"data":"BowlingBash","floor":10,"key":"SMITH"},{"floor":15,"key":"REST"}],"circlet_count":0,"master_deck":["Strike_P","Strike_P","Strike_P","Strike_P","Defend_P","Defend_P","Eruption+1","Vigilance","FollowUp","DeceiveReality","BowlingBash+1"],"relics":["PureWater","NeowsBlessing","Golden Idol","Kunai","Letter Opener","Lantern"],"acts_visited":["Exordium"],"potions_floor_usage":[],"damage_taken":[{"damage":0,"enemies":"Small Slimes","floor":1,"turns":1},{"damage":0,"enemies":"Jaw Worm","floor":2,"turns":1},{"damage":0,"enemies":"Cultist","floor":7,"turns":1},{"damage":12,"enemies":"Gremlin Nob","floor":8,"turns":3},{"damage":0,"enemies":"2 Fungi Beasts","floor":11,"turns":2},{"damage":0,"enemies":"Blue Slaver","floor":14,"turns":2},{"damage":0,"enemies":"Hexaghost","floor":16,"turns":1}],"seed_played":"4027115968705196217","potions_obtained":[{"floor":2,"key":"Dexterity Potion"},{"floor":7,"key":"BlessingOfTheForge"},{"floor":8,"key":"Block Potion"}],"is_trial":false,"path_per_floor":["M","M","?","?","$","R","M","E","T","R","M","?","T","M","R","B"],"character_chosen":"WATCHER","items_purchased":[],"campfire_rested":1,"item_purchase_floors":[],"current_hp_per_floor":[72,72,72,67,67,67,67,55,55,55,55,48,48,48,67,67,67],"gold":232,"neow_bonus":"THREE_ENEMY_KILL","is_daily":false,"chose_seed":false,"campfire_upgraded":2,"win_rate":0.0,"timestamp":1613385708,"path_taken":["M","M","?","?","$","R","M","E","T","R","M","?","?","M","R","BOSS"],"items_purchased_type":[],"build_version":"2020-12-22","purchased_purges":1,"victory":false,"max_hp_per_floor":[72,72,72,67,67,67,67,67,67,67,67,67,67,67,67,67,67],"relic_stats":{"counters":[7,11],"Golden Idol":18,"Kunai":[3],"Letter Opener":[0],"obtain_stats":[{"Lantern":13,"NeowsBlessing":0,"Golden Idol":4,"Kunai":8,"Letter Opener":9,"PureWater":0},{"Lantern":5,"NeowsBlessing":0,"Golden Idol":2,"Kunai":4,"Letter Opener":4,"PureWater":0},{"Lantern":8,"NeowsBlessing":0,"Golden Idol":2,"Kunai":6,"Letter Opener":6,"PureWater":0}]},"card_choices":[{"not_picked":["PathToVictory","Protect"],"picked":"FollowUp","floor":1},{"not_picked":["BattleHymn","Perseverance"],"picked":"DeceiveReality","floor":2},{"not_picked":["Evaluate","WreathOfFlame"],"picked":"BowlingBash","floor":7},{"not_picked":["BowlingBash","Evaluate","Study"],"picked":"SKIP","floor":8},{"not_picked":["Prostrate","FlyingSleeves","Worship"],"picked":"SKIP","floor":11},{"not_picked":["FlyingSleeves","ThirdEye","PathToVictory"],"picked":"SKIP","floor":14}],"player_experience":4639307,"relics_obtained":[{"floor":8,"key":"Kunai"},{"floor":9,"key":"Letter Opener"},{"floor":13,"key":"Lantern"}],"event_choices":[{"damage_healed":0,"gold_gain":0,"player_choice":"Ignored","damage_taken":0,"max_hp_gain":0,"max_hp_loss":0,"event_name":"NoteForYourself","floor":3,"gold_loss":0},{"damage_healed":0,"gold_gain":0,"player_choice":"Lose Max HP","damage_taken":0,"relics_obtained":["Golden Idol"],"max_hp_gain":0,"max_hp_loss":5,"event_name":"Golden Idol","floor":4,"gold_loss":0},{"cards_removed":["Defend_P"],"damage_healed":0,"gold_gain":0,"player_choice":"Card Removal","damage_taken":7,"max_hp_gain":0,"max_hp_loss":0,"event_name":"Golden Wing","floor":12,"gold_loss":0}],"is_beta":false,"boss_relics":[],"items_purged_floors":[5],"is_endless":false,"potions_floor_spawned":[2,7,8,14],"killed_by":"Hexaghost","ascension_level":0}}