{"host":"mulvwr6fzlda1d2f","time":1613380012,"event":{"mods":["BaseMod","BetterRewards","Hermit","Marisa????????","Minty Spire (QoL Compilation)","Quick Restart","Remove Card Discount Mod","Replay The Spire","StSLib","The Bladedancer","The Runesmith","egg"],"gold_per_floor":[118,130,146,165,175,175,200,200,200,200,200],"floor_reached":10,"language":"ENG","playtime":394,"items_purged":["Spreading Infection","Writhe","ReplaySolidLightProjector","Strike_B"],"score":70,"play_id":"da2579e3-5a54-4653-b777-f18db6f7b3dc","local_time":"20210215010652","is_ascension_mode":false,"campfire_choices":[{"data":"Zap","floor":6,"key":"SMITH"},{"data":"Dualcast","floor":8,"key":"SMITH"}],"circlet_count":0,"master_deck":["Strike_B","Strike_B","Strike_B","Defend_B","Defend_B","Defend_B","Defend_B","Zap+1","Dualcast+1","Replay:Bootleg Shield Generator","Self Repair","ReplayTheSpireMod:Calculation Training","FIFO Queue","Go for the Eyes","Gash"],"relics":["Cracked Core","Cables","CaptainsWheel"],"acts_visited":["Exordium"],"potions_floor_usage":[7],"damage_taken":[{"damage":0,"enemies":"Cultist","floor":1,"turns":4},{"damage":0,"enemies":"Jaw Worm","floor":2,"turns":4},{"damage":7,"enemies":"Small Slimes","floor":3,"turns":3},{"damage":14,"enemies":"3 Louse","floor":4,"turns":5},{"damage":31,"enemies":"Exordium Thugs","floor":5,"turns":6},{"damage":29,"enemies":"Lagavulin","floor":7,"turns":6},{"damage":22,"enemies":"Gremlin Nob","floor":10,"turns":4}],"seed_played":"992825540074473170","potions_obtained":[{"floor":2,"key":"ColorlessPotion"},{"floor":7,"key":"Swift Potion"}],"is_trial":false,"path_per_floor":["M","M","M","M","M","R","E","R","T","E"],"character_chosen":"DEFECT","items_purchased":["Cables","Gash","Replay:Bootleg Shield Generator"],"campfire_rested":0,"item_purchase_floors":[0,0,0],"current_hp_per_floor":[66,73,73,66,42,42,20,20,20,0,0],"gold":200,"neow_bonus":"","is_daily":false,"chose_seed":false,"campfire_upgraded":2,"win_rate":0.0,"timestamp":1613380012,"path_taken":["M","M","M","M","?","R","E","R","T","E"],"items_purchased_type":["Relic","Card","Card"],"build_version":"2020-12-22","purchased_purges":4,"victory":false,"max_hp_per_floor":[75,75,75,75,75,75,75,75,75,75,75],"card_choices":[{"not_picked":["Panic Button","Sunder","Genetic Algorithm"],"picked":"SKIP","floor":1},{"not_picked":["Sunder","Leap","Hello World"],"picked":"SKIP","floor":2},{"not_picked":["BasicCrystalCard","Leap"],"picked":"ReplayTheSpireMod:Calculation Training","floor":3},{"not_picked":["Chaos","Static Discharge"],"picked":"FIFO Queue","floor":4},{"not_picked":["Heatsinks","Sweeping Beam"],"picked":"Go for the Eyes","floor":5},{"not_picked":["Panic Button","Hologram"],"picked":"Gash","floor":7}],"player_experience":256077,"relics_obtained":[{"floor":7,"key":"CaptainsWheel"}],"event_choices":[],"is_beta":false,"boss_relics":[],"items_purged_floors":[0,0,0,0],"is_endless":false,"potions_floor_spawned":[2,7],"killed_by":"Gremlin Nob","ascension_level":0}}