{"host":"u0qetpmu4y58k1tf","time":1613394508,"event":{"mods":["100% Spire Juice","AchievementEnabler","Act Like it!","BaseMod","CapriCore","Colored Map","Colored Powertips","Hermit","Koishi","Marisa£¨Ùöéë¡¡Øª×âÞÞ£©","Minty Spire (QoL Compilation)","Quick Restart","Reliquary","Replay The Spire","StSLib","Td1madao Mod","The Bug Knight","The Cursed","The Dragon Tamer","The Gatherer","The Hierophant","The Immortal","The Jungle","The Runesmith","WarShipGirlsR/??á´Ò³R mod"],"gold_per_floor":[116,191,191,191,208,208,208,208,257,284,304,304,325,172,172,290,290,334,334,334,118,154,207,241,279,354,354,390,167,199,233,233,351,351,381,75,75,111,111,170,222,281,293,349,388,400,455,507,519,557,569,581,161,206,220,220],"floor_reached":55,"language":"KOR","playtime":2911,"items_purged":["Pain","Strike_B","Shame","Strike_B","Strike_B"],"score":1235,"play_id":"66aebc71-0619-41a5-9221-6358965756d4","local_time":"20210215220828","is_ascension_mode":true,"campfire_choices":[{"data":"Zap","floor":6,"key":"SMITH"},{"data":"Dualcast","floor":8,"key":"SMITH"},{"data":"Scrape","floor":12,"key":"SMITH"},{"data":"FTL","floor":15,"key":"SMITH"},{"data":"Recycle","floor":32,"key":"SMITH"},{"floor":46,"key":"RECALL"},{"floor":49,"key":"DIG"},{"data":"Madness","floor":52,"key":"SMITH"}],"circlet_count":0,"master_deck":["Strike_B","Zap+1","Dualcast+1","Go for the Eyes+1","Scrape+1","All For One","Go for the Eyes+1","FTL+1","CurseOfTheBell","Steam+1","theJungle:Gourd","theJungle:Gourd","theJungle:Gourd","theJungle:Gourd","theJungle:Gourd","Jack Of All Trades","Gash","Impatience","Panic Button+1","BootSequence+1","Recycle+1","Finesse","Beam Cell+1","Madness+1","Madness","Chill","Reboot","White Noise"],"relics":["Cracked Core","NeowsBlessing","Ring of Fury","Ring of Misfortune","WarpedTongs","reliquary:PorcupineQuills","Replay:Bandana","Calling Bell","reliquary:Buckler","Pear","StoneCalendar","reliquary:LoveEmittingDiode","Mercury Hourglass","theJungle:SneckoAutograph","Black Star","Snack Pack","Sling","Pen Nib","MawBank","DataDisk","Bottled Lightning","Quantum Egg","reliquary:TuningFork","Lizard Tail","Medical Kit","Strawberry","Replay:Antivirus Software"],"acts_visited":["Exordium","Exordium","TheBeyond","TheEnding"],"potions_floor_usage":[22,28,28,40,40,48,50,55,55],"damage_taken":[{"damage":0,"enemies":"2 Louse","floor":1,"turns":1},{"damage":0,"enemies":"Jaw Worm","floor":5,"turns":1},{"damage":0,"enemies":"Lagavulin","floor":10,"turns":1},{"damage":1,"enemies":"Small Slimes","floor":11,"turns":1},{"damage":15,"enemies":"Exordium Wildlife","floor":13,"turns":1},{"damage":27,"enemies":"The Guardian","floor":16,"turns":6},{"damage":3,"enemies":"theJungle:MUSHROOMGANG","floor":18,"turns":3},{"damage":0,"enemies":"theJungle:GiantWrat","floor":22,"turns":3},{"damage":13,"enemies":"theJungle:MamaSnecko","floor":23,"turns":4},{"damage":10,"enemies":"theJungle:Snecko_Cultist_And_Trap","floor":24,"turns":5},{"damage":0,"enemies":"theJungle:SlimyTreeVines","floor":25,"turns":5},{"damage":0,"enemies":"Snake Plant","floor":28,"turns":3},{"damage":0,"enemies":"theJungle:JungleHuntersEncounter","floor":30,"turns":4},{"damage":0,"enemies":"theJungle:2_Snecko_Cultists","floor":31,"turns":2},{"damage":0,"enemies":"theJungle:FunGuy","floor":33,"turns":8},{"damage":0,"enemies":"Orb Walker","floor":35,"turns":3},{"damage":12,"enemies":"3 Darklings","floor":38,"turns":2},{"damage":15,"enemies":"Reptomancer","floor":40,"turns":3},{"damage":42,"enemies":"Maw","floor":41,"turns":5},{"damage":1,"enemies":"R_Hoarder","floor":42,"turns":8},{"damage":0,"enemies":"Nemesis","floor":44,"turns":7},{"damage":21,"enemies":"Writhing Mass","floor":45,"turns":4},{"damage":1,"enemies":"Sphere and 2 Shapes","floor":47,"turns":4},{"damage":20,"enemies":"Writhing Mass","floor":48,"turns":4},{"damage":42,"enemies":"Awakened One","floor":50,"turns":10},{"damage":60,"enemies":"Shield and Spear","floor":54,"turns":7},{"damage":95,"enemies":"The Heart","floor":55,"turns":6}],"seed_played":"6086760349742465480","potions_obtained":[{"floor":11,"key":"LiquidBronze"},{"floor":13,"key":"Fire Potion"},{"floor":16,"key":"DuplicationPotion"},{"floor":23,"key":"DistilledChaos"},{"floor":25,"key":"Block Potion"},{"floor":28,"key":"PowerPotion"},{"floor":38,"key":"ColorlessPotion"},{"floor":40,"key":"SpeedPotion"},{"floor":44,"key":"SkillPotion"},{"floor":47,"key":"Energy Potion"}],"is_trial":false,"path_per_floor":["M","?","?","?","M","R","?","R","T","E","M","R","M","$","R","B",null,"M","?","?","$","M","E","M","M","T","?","M","$","M","M","R","B",null,"M","$","?","M","?","E","M","E","T","E","M","R","M","M","R_BF","B",null,"R","$","E","B"],"character_chosen":"DEFECT","items_purchased":["FTL","Gash","Impatience","Finesse","Sling","Medical Kit","PowerPotion","Dexterity Potion"],"campfire_rested":0,"item_purchase_floors":[14,21,21,29,36,53,53,53],"current_hp_per_floor":[68,57,57,57,57,57,57,57,57,57,56,56,41,41,41,14,70,67,67,67,67,67,54,44,50,50,50,50,50,50,50,50,50,76,76,76,95,87,75,66,34,39,39,47,32,32,37,23,23,5,73,73,73,26,0,0],"gold":220,"neow_bonus":"THREE_ENEMY_KILL","is_daily":false,"chose_seed":false,"campfire_upgraded":6,"win_rate":0.0,"timestamp":1613394508,"path_taken":["M","?","?","?","?","R","?","R","T","E","M","R","M","$","R","BOSS","M","?","?","$","M","E","?","M","T","?","M","$","M","M","R","BOSS","M","$","?","?","?","E","M","E","T","E","M","R","M","M","R_BF","BOSS","R","$","E","BOSS"],"items_purchased_type":["Card","Card","Card","Card","Relic","Relic","Potion","Potion"],"build_version":"2020-12-22","purchased_purges":5,"victory":false,"max_hp_per_floor":[75,75,75,75,75,75,75,75,75,75,75,75,75,75,75,75,85,85,85,85,85,85,85,85,85,85,85,85,85,85,85,85,85,85,85,85,95,95,95,95,95,95,95,95,95,95,95,95,95,95,95,95,95,102,102,102],"card_choices":[{"not_picked":["Panic Button","Steam"],"picked":"Go for the Eyes","floor":1},{"not_picked":["Glacier","Blizzard","Auto Shields"],"picked":"SKIP","floor":5},{"not_picked":["ReplayTheSpireMod:Repulse","Force Field"],"picked":"All For One","floor":10},{"not_picked":["Compile Driver","Heatsinks"],"picked":"Go for the Eyes","floor":11},{"not_picked":["Melter","Go for the Eyes","FIFO Queue"],"picked":"SKIP","floor":13},{"not_picked":["Consume+1","Crystallizer"],"picked":"Steam+1","floor":18},{"not_picked":["Redo","Doom and Gloom"],"picked":"Panic Button+1","floor":22},{"not_picked":["Multi-Cast","Self Repair","Undo"],"picked":"SKIP","floor":23},{"not_picked":["Coolheaded","Doom and Gloom","Time Bomb+1"],"picked":"SKIP","floor":24},{"not_picked":["Time Bomb+1","Stack"],"picked":"BootSequence+1","floor":25},{"not_picked":["ReplayTheSpireMod:Reroute Power","Sunder"],"picked":"Recycle","floor":28},{"not_picked":["Storm","Redo","Barrage"],"picked":"SKIP","floor":30},{"not_picked":["ReplayGash+1","Sweeping Beam+1"],"picked":"Beam Cell+1","floor":31},{"not_picked":["Meteor Strike","Biased Cognition"],"picked":"Echo Form","floor":33},{"not_picked":["BasicCrystalCard+1","Stack+1","Ball Lightning+1"],"picked":"SKIP","floor":35},{"not_picked":["ReplayTheSpireMod:GoodbyeWorld","Storm+1","Leap"],"picked":"SKIP","floor":38},{"not_picked":["ReplayTheSpireMod:Reroute Power+1","ReplayGash","Barrage+1"],"picked":"SKIP","floor":40},{"not_picked":["Cold Snap+1","Barrage+1","Streamline"],"picked":"SKIP","floor":41},{"not_picked":["Sweeping Beam","Doom and Gloom","Barrage"],"picked":"SKIP","floor":42},{"not_picked":["Streamline","Rebound+1"],"picked":"Chill","floor":44},{"not_picked":["ReplaySort+1","Rip and Tear+1"],"picked":"Reboot","floor":45},{"not_picked":["Cold Snap","Doom and Gloom"],"picked":"White Noise","floor":47},{"not_picked":["Auto Shields","Barrage+1","Turbo"],"picked":"SKIP","floor":48},{"not_picked":["Reinforced Body+1","Sweeping Beam+1","Rebound"],"picked":"SKIP","floor":54}],"player_experience":162655,"relics_obtained":[{"floor":3,"key":"Ring of Fury"},{"floor":3,"key":"Ring of Misfortune"},{"floor":9,"key":"reliquary:PorcupineQuills"},{"floor":10,"key":"Replay:Bandana"},{"floor":17,"key":"reliquary:Buckler"},{"floor":17,"key":"Pear"},{"floor":17,"key":"StoneCalendar"},{"floor":23,"key":"reliquary:LoveEmittingDiode"},{"floor":26,"key":"Mercury Hourglass"},{"floor":40,"key":"Pen Nib"},{"floor":40,"key":"MawBank"},{"floor":42,"key":"DataDisk"},{"floor":42,"key":"Bottled Lightning"},{"floor":44,"key":"Quantum Egg"},{"floor":44,"key":"reliquary:TuningFork"},{"floor":49,"key":"Lizard Tail"},{"floor":54,"key":"Strawberry"},{"floor":54,"key":"Replay:Antivirus Software"}],"event_choices":[{"damage_healed":0,"gold_gain":75,"player_choice":"Gather Gold","damage_taken":11,"max_hp_gain":0,"max_hp_loss":0,"event_name":"World of Goop","floor":2,"gold_loss":0},{"damage_healed":0,"gold_gain":0,"player_choice":"Rummage","damage_taken":0,"relics_obtained":["WarpedTongs"],"max_hp_gain":0,"max_hp_loss":0,"event_name":"Accursed Blacksmith","floor":4,"gold_loss":0,"cards_obtained":["Pain"]},{"damage_healed":0,"gold_gain":0,"player_choice":"1 cards matched","damage_taken":0,"max_hp_gain":0,"max_hp_loss":0,"event_name":"Match and Keep!","floor":7,"gold_loss":0,"cards_obtained":["Scrape"]},{"damage_healed":0,"gold_gain":0,"player_choice":"1 cards matched","damage_taken":0,"max_hp_gain":0,"max_hp_loss":0,"event_name":"Match and Keep!","floor":20,"gold_loss":0,"cards_obtained":["Jack Of All Trades"]},{"cards_removed":["Echo Form"],"damage_healed":9,"gold_gain":0,"player_choice":"Offered Rare","damage_taken":0,"max_hp_gain":10,"max_hp_loss":0,"event_name":"Bonfire Elementals","floor":37,"gold_loss":0},{"damage_healed":0,"gold_gain":0,"player_choice":"Embrace Madness","damage_taken":12,"max_hp_gain":0,"max_hp_loss":0,"event_name":"Winding Halls","floor":39,"gold_loss":0,"cards_obtained":["Madness","Madness"]}],"is_beta":false,"boss_relics":[{"not_picked":["Inserter","Busted Crown"],"picked":"Calling Bell"},{"not_picked":["Abe\u0027s Treasure","Painkiller Herb"],"picked":"Black Star"}],"items_purged_floors":[14,21,29,36,53],"is_endless":false,"potions_floor_spawned":[11,13,16,23,25,28,38,40,44,47,54],"killed_by":"The Heart","ascension_level":6}}