{"host":"d76q0rb9a0s9bgr5","time":1613391012,"event":{"mods":["BaseMod","Downfall","Hubris","Minty Spire (QoL Compilation)","StSLib"],"gold_per_floor":[112,128,146,146,146,159,183,183,193,222,132,145,145,145,145,242,242,258,272,290,290,290,290,314,314,21,21,33,59,59,44,44,44,44,44],"floor_reached":33,"language":"ENG","playtime":1777,"items_purged":["sneckomod:Defend","sneckomod:Defend"],"score":290,"play_id":"39b18554-89bb-4e5b-a422-72ec7c11eec2","local_time":"20210215131012","is_ascension_mode":false,"campfire_choices":[{"data":"sneckomod:QuickMove","floor":15,"key":"SMITH"},{"data":"sneckomod:UnknownRarePower","floor":23,"key":"SMITH"},{"data":"sneckomod:QuickBite","floor":25,"key":"SMITH"},{"data":"hubris:DuctTapeCard","floor":30,"key":"SMITH"},{"data":"sneckomod:SnekBeam","floor":32,"key":"SMITH"}],"circlet_count":0,"master_deck":["sneckomod:Strike+1","sneckomod:Strike+1","sneckomod:Defend","sneckomod:SnekBite+1","sneckomod:Unknown","sneckomod:QuickMove+1","sneckomod:QuickBite+1","CarveReality","sneckomod:UnknownRarePower+1","sneckomod:UnknownClassGUARDIAN+1","sneckomod:SnekBeam+1","sneckomod:UnknownBlock","hubris:DuctTapeCard+2","sneckomod:UnknownClassGUARDIAN+1"],"relics":["sneckomod:SneckoSoul","Bronze Scales","Centennial Puzzle","Sozu","hubris:BottledHeart","Happy Flower","Chemical X","hubris:DuctTape"],"acts_visited":["Exordium","TheCity"],"potions_floor_usage":[19],"damage_taken":[{"damage":5,"enemies":"Jaw Worm","floor":1,"turns":6},{"damage":0,"enemies":"2 Louse","floor":2,"turns":2},{"damage":1,"enemies":"Cultist","floor":3,"turns":5},{"damage":0,"enemies":"Large Slime","floor":6,"turns":4},{"damage":0,"enemies":"Blue Slaver","floor":9,"turns":3},{"damage":12,"enemies":"Lagavulin","floor":10,"turns":6},{"damage":0,"enemies":"downfall:FleeingMerchant","floor":11,"turns":4},{"damage":11,"enemies":"Exordium Wildlife","floor":12,"turns":2},{"damage":28,"enemies":"IC_STATUS_ARCHETYPE","floor":16,"turns":6},{"damage":0,"enemies":"Chosen","floor":18,"turns":2},{"damage":0,"enemies":"downfall:LooterAlt2","floor":19,"turns":3},{"damage":11,"enemies":"3 Cultists","floor":20,"turns":4},{"damage":0,"enemies":"downfall:FleeingMerchant","floor":26,"turns":4},{"damage":0,"enemies":"Sentry and Sphere","floor":28,"turns":5},{"damage":0,"enemies":"Gremlin Leader","floor":29,"turns":7},{"damage":0,"enemies":"downfall:FleeingMerchant","floor":31,"turns":4},{"damage":8,"enemies":"DF_ARCHETYPE_CLAW","floor":33,"turns":5}],"seed_played":"-4413433849600557426","potions_obtained":[{"floor":2,"key":"sneckomod:DiceRollPotion"},{"floor":3,"key":"Dexterity Potion"},{"floor":8,"key":"sneckomod:CheatPotion"}],"is_trial":false,"path_per_floor":["M","M","M","?","?","M","T","?","M","E","$","M","R","?","R","B",null,"M","M","M","?","?","R","T","R","$","?","M","E","R","$","R","B"],"character_chosen":"THE_SNECKO","items_purchased":["Chemical X","sneckomod:UnknownBlock"],"campfire_rested":0,"item_purchase_floors":[26,26],"current_hp_per_floor":[85,85,84,89,82,82,82,82,82,70,70,59,59,59,59,31,95,95,95,84,1,1,1,1,1,1,1,1,1,1,1,1,0,0,0],"gold":44,"neow_bonus":"REMOVE_CARD","is_daily":false,"chose_seed":false,"campfire_upgraded":5,"win_rate":0.0,"timestamp":1613391012,"path_taken":["M","M","M","?","?","M","T","?","?","E","$","M","R","?","R","BOSS","M","M","M","?","?","R","T","R","$","?","?","E","R","?","R","BOSS"],"items_purchased_type":["Relic","Card"],"build_version":"2020-12-22","purchased_purges":2,"victory":false,"max_hp_per_floor":[90,90,90,95,95,95,95,95,95,95,95,95,95,95,95,95,95,95,95,95,1,1,1,1,1,1,1,1,1,1,1,1,1,1,1],"card_choices":[{"not_picked":["sneckomod:UnknownCommonSkill","sneckomod:Nope","sneckomod:PureSnecko"],"picked":"SKIP","floor":1},{"not_picked":["sneckomod:ImprovisedGuard","sneckomod:TrashToTreasure"],"picked":"sneckomod:QuickMove","floor":2},{"not_picked":["sneckomod:Unknown1Cost","sneckomod:RainOfDice"],"picked":"sneckomod:QuickBite","floor":3},{"not_picked":["sneckomod:DiceCrush","sneckomod:SoulExchange","sneckomod:Unknown2Cost"],"picked":"SKIP","floor":6},{"not_picked":["sneckomod:DiceBoulder","sneckomod:SoulDraw","sneckomod:SoulRoll"],"picked":"SKIP","floor":9},{"not_picked":["sneckomod:QuickMove","sneckomod:SoulDraw","sneckomod:DefensiveFlair"],"picked":"SKIP","floor":10},{"not_picked":["sneckomod:UnknownWeak","sneckomod:TrashToTreasure","sneckomod:DiceCrush"],"picked":"SKIP","floor":11},{"not_picked":["sneckomod:UnknownDraw","sneckomod:DiceBoulder","sneckomod:Unknown0Cost"],"picked":"SKIP","floor":12},{"not_picked":["sneckomod:DangerNoodle","sneckomod:SoulExchange"],"picked":"sneckomod:UnknownRarePower","floor":16},{"not_picked":["sneckomod:TrashToTreasure","sneckomod:Unknown1Cost","sneckomod:SoulDraw"],"picked":"SKIP","floor":18},{"not_picked":["sneckomod:UnknownWeak","sneckomod:RainOfDice","sneckomod:IronFang"],"picked":"SKIP","floor":19},{"not_picked":["sneckomod:PureSnecko","sneckomod:Unknown1Cost"],"picked":"sneckomod:UnknownClassGUARDIAN+1","floor":20},{"not_picked":["sneckomod:SerpentMind","sneckomod:Unknown1Cost"],"picked":"sneckomod:SnekBeam","floor":26},{"not_picked":["sneckomod:WideSting","sneckomod:RainOfDice+1"],"picked":"sneckomod:QuickMove","floor":28},{"not_picked":["sneckomod:DiceBlock","sneckomod:DangerNoodle"],"picked":"sneckomod:UnknownClassGUARDIAN+1","floor":29},{"not_picked":["sneckomod:UnknownUncommonSkill","sneckomod:UnknownCommonSkill","sneckomod:DangerNoodle"],"picked":"SKIP","floor":31}],"player_experience":142645,"relics_obtained":[{"floor":7,"key":"Whetstone"},{"floor":10,"key":"Centennial Puzzle"},{"floor":24,"key":"Happy Flower"},{"floor":29,"key":"hubris:DuctTape"}],"event_choices":[{"damage_healed":0,"gold_gain":0,"player_choice":"Donut","damage_taken":0,"max_hp_gain":5,"max_hp_loss":0,"event_name":"Big Fish","floor":4,"gold_loss":0},{"damage_healed":0,"gold_gain":0,"player_choice":"Success","damage_taken":7,"relics_obtained":["Bronze Scales"],"max_hp_gain":0,"max_hp_loss":0,"event_name":"Scrap Ooze","floor":5,"gold_loss":0},{"damage_healed":0,"gold_gain":0,"player_choice":"Ignored","damage_taken":0,"max_hp_gain":0,"max_hp_loss":0,"event_name":"Vampires","floor":22,"gold_loss":0}],"is_beta":false,"boss_relics":[{"not_picked":["hubris:BlackHole","Runic Dome"],"picked":"Sozu"}],"items_purged_floors":[11,26],"is_endless":false,"potions_floor_spawned":[2,3,9,10,12,20,28,29],"killed_by":"DF_ARCHETYPE_CLAW","ascension_level":0}}