{"host":"rantoq7h0pygex6x","time":1613368365,"event":{"mods":["AchievementEnabler","BaseMod","BetterRewards","Minty Spire (QoL Compilation)"],"gold_per_floor":[119,119,44,62,62,62,93,104,104,104,124,124,124,138,138,138,138],"floor_reached":16,"language":"ENG","playtime":285,"items_purged":["Regret"],"score":200,"play_id":"8fda40c5-7718-4627-b752-c5cc902c2f80","local_time":"20210215135245","is_ascension_mode":true,"campfire_choices":[{"data":"Juggernaut","floor":6,"key":"SMITH"},{"data":"Bash","floor":13,"key":"SMITH"},{"data":"Bash","floor":15,"key":"SMITH"}],"circlet_count":0,"master_deck":["AscendersBane","Strike_R","Strike_R","Strike_R","Strike_R","Defend_R","Defend_R","Defend_R","Defend_R","Bash+1","True Grit","Pommel Strike","Dropkick","Shrug It Off","Juggernaut+1","Bash+1","Dropkick","Rupture"],"relics":["Burning Blood","WingedGreaves","Darkstone Periapt","Peace Pipe","Letter Opener"],"acts_visited":["Exordium"],"potions_floor_usage":[],"damage_taken":[{"damage":2,"enemies":"Small Slimes","floor":1,"turns":4},{"damage":7,"enemies":"Jaw Worm","floor":4,"turns":2},{"damage":32,"enemies":"Gremlin Nob","floor":7,"turns":4},{"damage":0,"enemies":"Cultist","floor":8,"turns":4},{"damage":16,"enemies":"3 Louse","floor":11,"turns":6},{"damage":8,"enemies":"Red Slaver","floor":14,"turns":3},{"damage":44,"enemies":"Hexaghost","floor":16,"turns":9}],"seed_played":"7917387587095694195","potions_obtained":[{"floor":1,"key":"Strength Potion"},{"floor":8,"key":"Weak Potion"}],"is_trial":false,"path_per_floor":["M","?","$","M","?","R","E","M","T","?","M","?","R","M","R","B"],"character_chosen":"IRONCLAD","items_purchased":["True Grit","Pommel Strike"],"campfire_rested":0,"item_purchase_floors":[0,0],"current_hp_per_floor":[72,72,72,71,71,71,45,51,51,51,41,41,41,39,39,0,0],"gold":138,"neow_bonus":"","is_daily":false,"chose_seed":false,"campfire_upgraded":3,"win_rate":0.0,"timestamp":1613368365,"path_taken":["M","?","$","M","?","R","E","?","T","?","?","?","R","M","R","BOSS"],"items_purchased_type":["Card","Card"],"build_version":"2020-12-22","purchased_purges":1,"victory":false,"max_hp_per_floor":[75,75,75,75,75,75,75,75,75,75,75,75,75,75,75,75,75],"card_choices":[{"not_picked":["Reckless Charge","Havoc"],"picked":"Dropkick","floor":1},{"not_picked":["Sword Boomerang","Cleave"],"picked":"Shrug It Off","floor":4},{"not_picked":["Clash","Whirlwind","Rampage"],"picked":"SKIP","floor":7},{"not_picked":["Reckless Charge","Flex","Heavy Blade"],"picked":"SKIP","floor":8},{"not_picked":["Armaments","Iron Wave"],"picked":"Dropkick","floor":11},{"not_picked":["Sword Boomerang","Reckless Charge"],"picked":"Rupture","floor":14}],"player_experience":998959,"relics_obtained":[{"floor":7,"key":"Darkstone Periapt"},{"floor":9,"key":"Peace Pipe"}],"event_choices":[{"damage_healed":0,"gold_gain":0,"player_choice":"Box","damage_taken":0,"relics_obtained":["WingedGreaves"],"max_hp_gain":0,"max_hp_loss":0,"event_name":"Big Fish","floor":2,"gold_loss":0,"cards_obtained":["Regret"]},{"damage_healed":0,"gold_gain":0,"player_choice":"2 cards matched","damage_taken":0,"max_hp_gain":0,"max_hp_loss":0,"event_name":"Match and Keep!","floor":5,"gold_loss":0,"cards_obtained":["Juggernaut","Bash"]},{"cards_removed":["Strike_R"],"damage_healed":0,"gold_gain":0,"player_choice":"Purged","damage_taken":0,"max_hp_gain":0,"max_hp_loss":0,"event_name":"Purifier","floor":10,"gold_loss":0},{"damage_healed":0,"gold_gain":0,"player_choice":"Gave Potion","damage_taken":0,"relics_obtained":["Letter Opener"],"max_hp_gain":0,"max_hp_loss":0,"event_name":"WeMeetAgain","floor":12,"gold_loss":0}],"is_beta":false,"boss_relics":[],"items_purged_floors":[3],"is_endless":false,"potions_floor_spawned":[1,8],"killed_by":"Hexaghost","ascension_level":20}}