{"host":"ty9fb48q9oru32qm","time":1613417843,"event":{"mods":["2.2 Compatiblity","AchievementEnabler","Act Like it!","Astrologer","BaseMod","Beaked The Cultist","Better Synergies","Block Reminder","ChefMod","Colored Powertips","Conspire","DeckTracker","Downfall","Friendly Minions","GifTheSpireLib","Hermit","Hubris","Infinite Spire","Jorbs\u0027s Wanderer Trilogy","Marisa????????","Minty Spire (QoL Compilation)","Permanent Neow","Quick Restart","Random Character Button","Reliquary","Replay The Spire","Somnambulant","StSLib","Stuff the Spire","The Construct","The Cursed","The Marked","The Runesmith","The Servant 0.9.4","TheHeartMod"],"gold_per_floor":[118,118,129,140,243,274,285,303,329,329,340,340,373,390,390,488,488,503,514,514,514,529,557,557,557,557,574,574,574,574,574],"floor_reached":30,"language":"ENG","playtime":1950,"items_purged":["theMarked:Strike"],"score":252,"play_id":"231e2f4e-5367-4896-8b10-db3ac6536d1e","local_time":"20210215203723","is_ascension_mode":false,"campfire_choices":[{"floor":10,"key":"REST"},{"floor":15,"key":"REST"},{"floor":25,"key":"REST"}],"circlet_count":0,"master_deck":["theMarked:Strike","theMarked:Strike","theMarked:Strike","theMarked:Defend","theMarked:Defend","theMarked:SoldierOfQuellstein","theMarked:SwordAndMagic","theMarked:Parkour","theMarked:RogueSparks","theMarked:Toughness","theMarked:Parkour","theMarked:Static","theMarked:EternalStudent","Necronomicurse","StuffTheSpire:Harmony"],"relics":["theMarked:ArtifactOfAir","Juzu Bracelet","ReplayFunnel","Busted Crown","Eternal Feather","infinitespire:Bottled Soul","reliquary:Spinner","Necronomicon"],"acts_visited":["Exordium","TheCity"],"potions_floor_usage":[7,22,23],"damage_taken":[{"damage":6,"enemies":"Jaw Worm","floor":1,"turns":3},{"damage":0,"enemies":"2 Louse","floor":3,"turns":2},{"damage":3,"enemies":"Small Slimes","floor":4,"turns":3},{"damage":16,"enemies":"Gremlin Nob","floor":6,"turns":4},{"damage":1,"enemies":"Red Slaver","floor":7,"turns":3},{"damage":11,"enemies":"Large Slime","floor":8,"turns":4},{"damage":5,"enemies":"Exordium Thugs","floor":11,"turns":4},{"damage":3,"enemies":"conspire:MimicChest","floor":13,"turns":5},{"damage":12,"enemies":"Blue Slaver","floor":14,"turns":3},{"damage":14,"enemies":"The Guardian","floor":16,"turns":9},{"damage":5,"enemies":"Chosen","floor":18,"turns":4},{"damage":35,"enemies":"2 Thieves","floor":19,"turns":5},{"damage":10,"enemies":"Snake Plant","floor":22,"turns":4},{"damage":18,"enemies":"Book of Stabbing","floor":23,"turns":5},{"damage":11,"enemies":"Centurion and Healer","floor":27,"turns":4},{"damage":4,"enemies":"Chosen and Byrds","floor":30,"turns":1}],"seed_played":"-737870501431448182","potions_obtained":[{"floor":3,"key":"conspire:TimeTravelPotion"},{"floor":4,"key":"Block Potion"},{"floor":6,"key":"SkillPotion"},{"floor":11,"key":"Strength Potion"},{"floor":14,"key":"LiquidBronze"},{"floor":22,"key":"AttackPotion"}],"is_trial":false,"path_per_floor":["M","?","M","M","?","E","M","M","T","R","M","?","?","M","R","B",null,"M","M","?","AVR","M","E","?","R","T","M","?","?","M"],"character_chosen":"THE_DEFAULT","items_purchased":[],"campfire_rested":3,"item_purchase_floors":[],"current_hp_per_floor":[43,43,43,40,40,24,23,12,12,33,28,33,30,18,39,25,70,65,30,30,30,20,2,2,29,29,18,2,2,0,0],"gold":574,"neow_bonus":"REMOVE_TWO","is_daily":false,"chose_seed":false,"campfire_upgraded":0,"win_rate":0.0,"timestamp":1613417843,"path_taken":["M","?","M","M","?","E","M","M","T","R","M","?","?","M","R","BOSS","M","M","?","AVR","M","E","?","R","T","M","?","?","M"],"items_purchased_type":[],"build_version":"2020-12-22","purchased_purges":1,"victory":false,"max_hp_per_floor":[70,70,70,70,70,70,70,70,70,70,70,70,70,70,70,70,70,70,70,70,70,70,70,70,70,70,70,70,70,70,70],"card_choices":[{"not_picked":["theMarked:Aftermath","theMarked:Pokerface"],"picked":"theMarked:SwordAndMagic","floor":1},{"not_picked":["theMarked:HeightenedSenses","theMarked:WastefulAttack"],"picked":"theMarked:TwofoldDefense","floor":3},{"not_picked":["theMarked:Memento","theMarked:ResourceFulStrike"],"picked":"theMarked:Parkour","floor":4},{"not_picked":["theMarked:BanishingStrike","theMarked:Improvise"],"picked":"theMarked:RogueSparks","floor":5},{"not_picked":["theMarked:Maelstrom","theMarked:AttractMetal"],"picked":"theMarked:Toughness","floor":5},{"not_picked":["theMarked:WastefulAttack","theMarked:Convert"],"picked":"theMarked:Parkour","floor":5},{"not_picked":["theMarked:SwordAndMagic","theMarked:Parkour","theMarked:Vacuum"],"picked":"SKIP","floor":6},{"not_picked":["theMarked:Polarize","theMarked:Indomitable","theMarked:EmpowerWeapon"],"picked":"SKIP","floor":7},{"not_picked":["theMarked:WardOff","theMarked:Memento"],"picked":"theMarked:Static","floor":8},{"not_picked":["theMarked:HeightenedSenses","theMarked:TwofoldDefense","theMarked:ChainLightning"],"picked":"SKIP","floor":11},{"not_picked":["theMarked:EmpowerWeapon","theMarked:Abjuration","theMarked:Memento"],"picked":"SKIP","floor":14},{"not_picked":["theMarked:BindingBlade","theMarked:Toughness"],"picked":"theMarked:EternalStudent","floor":16},{"not_picked":["theMarked:Memento+1"],"picked":"SKIP","floor":18},{"not_picked":["theMarked:Memento+1"],"picked":"SKIP","floor":19},{"not_picked":["theMarked:Pokerface"],"picked":"SKIP","floor":22},{"not_picked":["theMarked:Memento+1"],"picked":"SKIP","floor":23},{"not_picked":["theMarked:ChainLightning"],"picked":"SKIP","floor":27},{"not_picked":["StuffTheSpire:Rapture","StuffTheSpire:Ambrosia"],"picked":"StuffTheSpire:Harmony","floor":29}],"player_experience":288947,"relics_obtained":[{"floor":6,"key":"Juzu Bracelet"},{"floor":9,"key":"infinitespire:Satchel"},{"floor":13,"key":"ReplayFunnel"},{"floor":23,"key":"infinitespire:Bottled Soul"},{"floor":26,"key":"reliquary:Spinner"},{"floor":28,"key":"Necronomicon"}],"event_choices":[{"cards_removed":["theMarked:TwofoldDefense"],"damage_healed":5,"gold_gain":0,"player_choice":"Offered Common","damage_taken":0,"max_hp_gain":0,"max_hp_loss":0,"event_name":"Bonfire Elementals","floor":12,"gold_loss":0},{"cards_removed":["theMarked:TwofoldDefense"],"damage_healed":5,"gold_gain":0,"player_choice":"Offered Special","damage_taken":0,"max_hp_gain":0,"max_hp_loss":0,"event_name":"Bonfire Elementals","floor":12,"gold_loss":0},{"damage_healed":0,"gold_gain":0,"player_choice":"Ignored","damage_taken":0,"max_hp_gain":0,"max_hp_loss":0,"event_name":"Ghosts","floor":20,"gold_loss":0},{"damage_healed":0,"gold_gain":0,"player_choice":"Leave","damage_taken":0,"max_hp_gain":0,"max_hp_loss":0,"event_name":"conspire:Investor","floor":24,"gold_loss":0},{"damage_healed":0,"gold_gain":0,"player_choice":"Obtained Book","damage_taken":16,"max_hp_gain":0,"max_hp_loss":0,"event_name":"Cursed Tome","floor":28,"gold_loss":0}],"is_beta":false,"boss_relics":[{"not_picked":["Runic Dome","conspire:SeveredTorchhead"],"picked":"Busted Crown"}],"items_purged_floors":[21],"is_endless":false,"potions_floor_spawned":[3,4,6,11,13,14,19,22],"killed_by":"Chosen and Byrds","ascension_level":0}}