{"host":"kig4ty9d1aubg29s","time":1613397320,"event":{"mods":["BaseMod","Minty Spire (QoL Compilation)","READ ME - Guardian Mod","READ ME - Snecko Mod","StSLib","The Cursed","The Gatherer","The Hierophant","The Runesmith"],"gold_per_floor":[112,127,140,97,97,247,247,289,316,336,336,356,375,414,414,494,494,515,124,174,174,124,165,165,165,165],"floor_reached":25,"language":"KOR","playtime":945,"items_purged":["Doubt"],"score":424,"play_id":"8b1a88ab-c0b1-4827-abb5-8a1a30ba97ed","local_time":"20210215225520","is_ascension_mode":true,"campfire_choices":[{"data":"Noxious Fumes","floor":7,"key":"SMITH"},{"floor":11,"key":"REST"},{"floor":15,"key":"REST"},{"floor":24,"key":"REST"}],"circlet_count":0,"master_deck":["AscendersBane","Strike_G+1","Strike_G+1","Strike_G+1","Strike_G+1","Strike_G+1","Defend_G+1","Defend_G+1","Defend_G+1","Defend_G+1","Defend_G+1","Survivor","Neutralize","Sucker Punch","Leg Sweep+1","Distraction","Noxious Fumes+1","Slice","Bane","Deadly Poison","Cloak And Dagger","Poisoned Stab","Burst","Backflip","Dagger Spray"],"relics":["Ring of the Serpent","NeowsBlessing","CeramicFish","Blood Vial","Anchor","FossilizedHelix","Darkstone Periapt"],"acts_visited":["Exordium","TheCity"],"potions_floor_usage":[8,14,18,23,23],"damage_taken":[{"damage":0,"enemies":"Cultist","floor":1,"turns":1},{"damage":0,"enemies":"2 Louse","floor":2,"turns":1},{"damage":0,"enemies":"Jaw Worm","floor":3,"turns":1},{"damage":11,"enemies":"Lagavulin","floor":8,"turns":9},{"damage":0,"enemies":"2 Fungi Beasts","floor":10,"turns":4},{"damage":15,"enemies":"Gremlin Gang","floor":12,"turns":4},{"damage":28,"enemies":"Exordium Thugs","floor":13,"turns":5},{"damage":17,"enemies":"Gremlin Nob","floor":14,"turns":4},{"damage":29,"enemies":"The Guardian","floor":16,"turns":11},{"damage":13,"enemies":"3 Byrds","floor":18,"turns":6},{"damage":35,"enemies":"Gremlin Leader","floor":23,"turns":7},{"damage":47,"enemies":"Slavers","floor":25,"turns":3}],"seed_played":"3266558112711044799","potions_obtained":[{"floor":2,"key":"PowerPotion"},{"floor":8,"key":"DuplicationPotion"},{"floor":10,"key":"SkillPotion"},{"floor":16,"key":"LiquidMemories"},{"floor":18,"key":"SteroidPotion"}],"is_trial":false,"path_per_floor":["M","M","M","$","?","?","R","E","T","M","R","M","M","E","R","B",null,"M","$","?","?","?","E","R","E"],"character_chosen":"THE_SILENT","items_purchased":["Noxious Fumes","FossilizedHelix"],"campfire_rested":3,"item_purchase_floors":[4,19],"current_hp_per_floor":[59,59,59,59,59,59,59,48,48,50,66,51,25,10,29,2,50,39,39,39,39,39,6,25,0,0],"gold":165,"neow_bonus":"THREE_ENEMY_KILL","is_daily":false,"chose_seed":false,"campfire_upgraded":1,"win_rate":0.0,"timestamp":1613397320,"path_taken":["M","?","M","?","?","?","R","E","T","M","R","M","M","E","R","BOSS","M","$","?","?","?","E","R","E"],"items_purchased_type":["Card","Relic"],"build_version":"2020-12-22","purchased_purges":1,"victory":false,"max_hp_per_floor":[66,66,66,66,66,66,66,66,66,66,66,66,66,66,66,66,66,66,66,66,66,66,66,66,66,66],"card_choices":[{"not_picked":["Quick Slash","Dagger Throw"],"picked":"Sucker Punch","floor":1},{"not_picked":["PiercingWail","Dagger Spray"],"picked":"Leg Sweep","floor":2},{"not_picked":["Outmaneuver","Bane"],"picked":"Distraction","floor":3},{"not_picked":["Accuracy","Unload"],"picked":"Slice","floor":8},{"not_picked":["Cloak And Dagger","Dagger Spray"],"picked":"Bane","floor":10},{"not_picked":["Crippling Poison","Eviscerate"],"picked":"Deadly Poison","floor":12},{"not_picked":["Prepared","Backflip"],"picked":"Cloak And Dagger","floor":13},{"not_picked":["Well Laid Plans","Eviscerate"],"picked":"Poisoned Stab","floor":14},{"not_picked":["Night Terror","Storm of Steel"],"picked":"Burst","floor":16},{"not_picked":["Outmaneuver","Caltrops"],"picked":"Backflip","floor":18},{"not_picked":["Predator","Backflip"],"picked":"Dagger Spray","floor":23}],"player_experience":1979609,"relics_obtained":[{"floor":8,"key":"CeramicFish"},{"floor":9,"key":"Blood Vial"},{"floor":14,"key":"Anchor"},{"floor":23,"key":"Darkstone Periapt"}],"event_choices":[{"damage_healed":0,"gold_gain":0,"player_choice":"Ignored","damage_taken":0,"max_hp_gain":0,"max_hp_loss":0,"event_name":"Shining Light","floor":5,"gold_loss":0},{"damage_healed":0,"gold_gain":150,"player_choice":"AGREE","damage_taken":0,"max_hp_gain":0,"max_hp_loss":0,"event_name":"Liars Game","floor":6,"gold_loss":0,"cards_obtained":["Doubt"]},{"damage_healed":0,"gold_gain":50,"player_choice":"Stole From Cult","damage_taken":0,"max_hp_gain":0,"max_hp_loss":0,"event_name":"Nest","floor":20,"gold_loss":0},{"damage_healed":0,"gold_gain":0,"player_choice":"Simplicity","damage_taken":0,"max_hp_gain":0,"max_hp_loss":0,"event_name":"Back to Basics","floor":21,"gold_loss":0,"cards_upgraded":["Strike_G","Strike_G","Strike_G","Strike_G","Strike_G","Defend_G","Defend_G","Defend_G","Defend_G","Defend_G"]},{"damage_healed":0,"gold_gain":0,"player_choice":"Upgrade","damage_taken":0,"max_hp_gain":0,"max_hp_loss":0,"event_name":"Designer","floor":22,"gold_loss":50,"cards_upgraded":["Leg Sweep"]}],"is_beta":false,"boss_relics":[{"not_picked":["Busted Crown","Coffee Dripper"],"picked":"Ring of the Serpent"}],"items_purged_floors":[19],"is_endless":false,"potions_floor_spawned":[2,8,10,12,16,18],"killed_by":"Slavers","ascension_level":17}}