{"host":"8t5dkgm85abdp22d","time":1613372386,"event":{"mods":["Act Like it!","BaseMod","Colored Powertips","Gensokyo","Hallownest","Lobotomy","LobotomyExtend","Luminous","Marisa£®ÏF”Í°°ƒß¿Ì…≥£©","Minty Spire (QoL Compilation)","Prisma Mod","Reimu£®≤©¿ˆ¡È√Œ£©","Reliquary","Ryuuou¡˙Õı","SIMod","StSLib","The Bug Knight","TheWitcher","UnlockEverythingMod","Waifu the Spire","Yakumo Yukari mod","°æ“≈ŒÔø®≈∆°øREMEMod"],"gold_per_floor":[132,145,75,85,104,136,152,178,252,271,271,271,207,218,218,314,314,108,120,120,120,120,120,0,14,59,159,159,190,202,202,202],"floor_reached":31,"language":"ZHS","playtime":1623,"items_purged":[],"score":484,"play_id":"cd03f5fa-8729-414f-ab10-d12dffcd1526","local_time":"20210215145946","is_ascension_mode":true,"campfire_choices":[{"data":"Observe_purple_2","floor":12.0,"key":"SMITH"},{"data":"Bait_HighSpeedFlying_purple","floor":15.0,"key":"SMITH"},{"data":"1","floor":23,"key":"LIFT"},{"data":"2","floor":28,"key":"LIFT"}],"circlet_count":0,"master_deck":["BlueStar","Apo_SoulSlash","Apo_Charge","Apo_Charge","Apo_Charge","Apo_Charge","Apo_Beam","Apo_Beam","Apo_Beam","Apo_Execute","Apo_Slash","Apo_Slash","Apo_SoulSlash","MeltingLove"],"relics":["Boundary_crack","Memoryfragments_purpleEX","REME_ComplimentaryCards","CogitoBucket","RabbitCall","LetterFromLob","Bottled Flame","Ice Cream","MagicBullet_r","Girya","Philosopher\u0027s Stone","SwordSharpenedByTears_r","BackwardClock","ApostleMask","Gensokyo:FoxMask","reliquary:Knoch","Pocketwatch","reliquary:OuijaBoard","HollowMod:QueensCombRelic","SoundOfStar_r","AdjustmentMirror"],"acts_visited":["Exordium","Gensokyo:Gensokyo"],"potions_floor_usage":[30,30,30,30,30],"damage_taken":[{"damage":0.0,"enemies":"Gensokyo:Python","floor":1.0,"turns":2.0},{"damage":2.0,"enemies":"Gensokyo:Gryphon","floor":2.0,"turns":3.0},{"damage":1.0,"enemies":"Gensokyo:2_Kodama","floor":4.0,"turns":3.0},{"damage":5.0,"enemies":"Gensokyo:VengefulSpirit","floor":5.0,"turns":5.0},{"damage":20.0,"enemies":"Gensokyo:Aya","floor":6.0,"turns":8.0},{"damage":12.0,"enemies":"Gensokyo:Gryphon_and_Rabbit","floor":7.0,"turns":12.0},{"damage":18.0,"enemies":"Gensokyo:Cirno","floor":8.0,"turns":7.0},{"damage":0.0,"enemies":"Gensokyo:2_Rabbits","floor":10.0,"turns":3.0},{"damage":25.0,"enemies":"Gensokyo:Aya","floor":13.0,"turns":14.0},{"damage":2.0,"enemies":"Gensokyo:Python_and_Kodama","floor":14.0,"turns":2.0},{"damage":6.0,"enemies":"Gensokyo:Reimu","floor":16.0,"turns":7.0},{"damage":70.0,"enemies":"Gensokyo:2_Gloops","floor":18.0,"turns":5.0},{"damage":21.0,"enemies":"Gensokyo:CosmicMonolith","floor":19.0,"turns":2.0},{"damage":0,"enemies":"Gensokyo:Swordslinger","floor":25,"turns":1},{"damage":0,"enemies":"Gensokyo:Swordslinger","floor":27,"turns":2},{"damage":27,"enemies":"Gensokyo:Reisen","floor":29,"turns":3},{"damage":32,"enemies":"Gensokyo:Mirror_and_Dog","floor":30,"turns":5},{"damage":16,"enemies":"Gensokyo:Wraith","floor":31,"turns":1}],"seed_played":"1374241777891088411","potions_obtained":[{"floor":4.0,"key":"Energy Potion"},{"floor":6.0,"key":"Energy Potion"},{"floor":10.0,"key":"Regen Potion"},{"floor":13.0,"key":"PowerPotion"},{"floor":27,"key":"EntropicBrew"}],"is_trial":false,"path_per_floor":["M","M","?","M","M","E","M","E","T","M","M","R","E","M","R","B",null,"M","M","?","M","$","R","?","M","T","?","R","E","M","M"],"character_chosen":"Youkari","items_purchased":[],"campfire_rested":0,"item_purchase_floors":[],"current_hp_per_floor":[70,69,69,70,67,51,44,29,29,30,51,51,55,55,55,58,69,61,56,56,37,37,37,37,37,37,37,37,48,16,0,0],"gold":202,"neow_bonus":"","is_daily":false,"chose_seed":false,"campfire_upgraded":2,"win_rate":0.0,"timestamp":1613372386,"path_taken":["M","M","?","M","M","E","M","E","T","M","M","R","E","M","R","BOSS","M","?","?","M","$","R","?","M","T","?","R","E","?","M"],"items_purchased_type":[],"build_version":"2020-12-22","purchased_purges":0,"victory":false,"max_hp_per_floor":[70,70,70,70,70,70,70,70,70,70,72,72,72,72,72,72,72,72,72,72,72,72,72,72,72,72,72,72,48,48,48,48],"card_choices":[{"not_picked":["MHz","Freischutz","UniverseFragment"],"picked":"Singing Bowl","floor":1.0},{"not_picked":["Boundary_LightAndDark_purple","SharpContractionReality_purple","MNeedle_purple"],"picked":"SKIP","floor":1.0},{"not_picked":["WhitesApple","OldLady","LittlePrince"],"picked":"Singing Bowl","floor":2.0},{"not_picked":["FieryBird","PunishingBird"],"picked":"OSAHOGD","floor":2.0},{"not_picked":["SfantasyHide_purple","SharpContractionReality_purple","Theboundaryofcreation_purpleEX"],"picked":"SKIP","floor":2.0},{"not_picked":["MeatLantern","SilentOrchestra","Scorched"],"picked":"Singing Bowl","floor":4.0},{"not_picked":["SharpContractionReality_purple","StretchesForeverDream_purple","AdvanceAttack_purple"],"picked":"SKIP","floor":4.0},{"not_picked":["CherryBlossoms","Freischutz","CrumblingArmor"],"picked":"Singing Bowl","floor":5.0},{"not_picked":["NakedNest","UniverseFragment"],"picked":"DespairKnight","floor":5.0},{"not_picked":["Erosivefilter_purple","StateDuplicate_purple","Yakumo_Ran_purple"],"picked":"SKIP","floor":5.0},{"not_picked":["Scorched","HeroicMonk","SingingMachine"],"picked":"Singing Bowl","floor":6.0},{"not_picked":["PositiveMatter_Antimatter_Universe_purple","WatchEChange_purple"],"picked":"D_absorption_purple","floor":6.0},{"not_picked":["CherryBlossoms","LittlePrince","NakedNest"],"picked":"Singing Bowl","floor":7.0},{"not_picked":["Fantasy_PerpetualMotionMachine_purple","Worldmountain_purple","Line_surface_state_purple"],"picked":"SKIP","floor":7.0},{"not_picked":["SpiderBud","Scorched","FairyFestival"],"picked":"Singing Bowl","floor":8.0},{"not_picked":["Scorched","ShyLook"],"picked":"Freischutz","floor":8.0},{"not_picked":["Shallow_ocean_purpleEX","Boundary_DreamRealityDamnation_purple"],"picked":"Know_ledgeAbilityRealm_purple","floor":8.0},{"not_picked":["FairyFestival","BeautyBeast","Murderer"],"picked":"Singing Bowl","floor":10.0},{"not_picked":["BigBadWolf","HeroicMonk"],"picked":"PunishingBird","floor":10.0},{"not_picked":["Worldmountain_purple","Nest_LightFlightworm_purple"],"picked":"AdvanceAttack_purple","floor":10.0},{"not_picked":["BeautyBeast","Scorched","WhitesApple"],"picked":"Singing Bowl","floor":13.0},{"not_picked":["CrumblingArmor","MeatLantern"],"picked":"WallGazer","floor":13.0},{"not_picked":["OmniscientAndOmnipotent_Monster_purple","MonsterNeedle_purple"],"picked":"Bait_HighSpeedFlying_purple","floor":13.0},{"not_picked":["Murderer","DreamingCurrent","CrumblingArmor"],"picked":"Singing Bowl","floor":14.0},{"not_picked":["StateErode_purple","Boundary_DynamicStaticEquilibrium_purple"],"picked":"WangLiang_LineAndCurveDreams_purple","floor":14.0},{"not_picked":["Scarecrow","ShyLook"],"picked":"NothingThere","floor":16.0},{"not_picked":["Theboundaryofcreation_purpleEX","Know_ledgeAbilityRealm_purple"],"picked":"Boundary_LifeAndDeath_purple","floor":16.0},{"not_picked":["LittleHelper","ShyLook","BeautyBeast"],"picked":"Singing Bowl","floor":18.0},{"not_picked":["NakedNest","BeautyBeast"],"picked":"BlueStar","floor":18.0},{"not_picked":["Line_surface_state_purple+1","PurpleNeedle_purple","SharpContractionReality_purple"],"picked":"SKIP","floor":18.0},{"not_picked":["Murderer","Variant","Mercenary"],"picked":"Singing Bowl","floor":19.0},{"not_picked":["Murderer","Mercenary"],"picked":"WhiteNight","floor":19.0},{"not_picked":["DimensionStaggered_purple+1","ExistenceContinue_purple"],"picked":"Fancifulhole_purple","floor":19.0},{"not_picked":["RedShoes","BeautyBeast","Scorched"],"picked":"Singing Bowl","floor":25},{"not_picked":["SharpContractionReality_purple+1","MeetDecomposer_purple","Worldmountain_purple"],"picked":"SKIP","floor":25},{"not_picked":["MHz","Alriune","GreedKing"],"picked":"Singing Bowl","floor":27},{"not_picked":["FairyFestival","LittleHelper"],"picked":"MeltingLove","floor":29},{"not_picked":["RuleDissolution_purple","SharpContractionReality_purple","Fantasy_PerpetualMotionMachine_purple+1"],"picked":"SKIP","floor":29},{"not_picked":["OldLady","QueenBee","PunishingBird"],"picked":"Singing Bowl","floor":30},{"not_picked":["Shallow_ocean_purpleEX","Umbrella_purple+1","Mirror_FormAndEmptin_purple"],"picked":"SKIP","floor":30}],"player_experience":166839,"relics_obtained":[{"floor":1.0,"key":"LetterFromLob"},{"floor":6.0,"key":"Bottled Flame"},{"floor":8.0,"key":"Ice Cream"},{"floor":13.0,"key":"Girya"},{"floor":26,"key":"reliquary:Knoch"},{"floor":27,"key":"Pocketwatch"},{"floor":27,"key":"reliquary:OuijaBoard"},{"floor":29,"key":"HollowMod:QueensCombRelic"}],"event_choices":[],"is_beta":false,"boss_relics":[{"not_picked":["Tiny House","Seventeenyearold_girl_Forever"],"picked":"Philosopher\u0027s Stone"}],"items_purged_floors":[],"is_endless":false,"potions_floor_spawned":[4,6,10,13,27,29],"killed_by":"Gensokyo:Wraith","ascension_level":5}}