{"host":"kw4o7b3ro2ktmmbe","time":1613358466,"event":{"mods":["100% Spire Juice","BaseMod","Bossed Relics","Energized Spire","Evolution","Minty Spire (QoL Compilation)","StSLib"],"gold_per_floor":[115,115,115,128,23,23,23,23],"floor_reached":7,"language":"ENG","playtime":411,"items_purged":[],"score":62,"play_id":"9b2f76f1-e621-471a-9757-aad2c3a6fc29","local_time":"20210215160746","is_ascension_mode":true,"campfire_choices":[{"data":"Moonworks:CloudOfSeagulls","floor":6,"key":"SMITH"}],"circlet_count":0,"master_deck":["AscendersBane","Moonworks:Strike","Moonworks:Strike","Moonworks:Strike","Moonworks:Strike+1","Moonworks:Defend","Moonworks:Defend+1","Moonworks:Defend","Moonworks:Defend","Moonworks:Ambush","Moonworks:LongDistanceShot","Moonworks:JonathanRush","Moonworks:CloudOfSeagulls+1","Moonworks:MixPhenomenon"],"relics":["Moonworks:Homemark","EVO:Axolotl","energizedSpire:StickyHand"],"acts_visited":["Exordium"],"potions_floor_usage":[],"damage_taken":[{"damage":7.0,"enemies":"Jaw Worm","floor":1.0,"turns":3.0},{"damage":0,"enemies":"Small Slimes","floor":4,"turns":2},{"damage":1,"enemies":"Cultist","floor":5,"turns":4},{"damage":40,"enemies":"Lagavulin","floor":7,"turns":7}],"seed_played":"-4375862608413376348","potions_obtained":[],"is_trial":false,"path_per_floor":["M","?","?","M","M","R","E"],"character_chosen":"THE_STARBREAKER","items_purchased":[],"campfire_rested":0,"item_purchase_floors":[],"current_hp_per_floor":[47,35,35,35,34,34,0,0],"gold":23,"neow_bonus":"BOSS_RELIC","is_daily":false,"chose_seed":false,"campfire_upgraded":1,"win_rate":0.0,"timestamp":1613358466,"path_taken":["M","?","?","?","M","R","E"],"items_purchased_type":[],"build_version":"2020-12-22","purchased_purges":0,"victory":false,"max_hp_per_floor":[60,60,60,60,60,60,60,60],"card_choices":[{"not_picked":["Moonworks:Assault","Moonworks:DeployBits","Moonworks:JonathanRush"],"picked":"SKIP","floor":1.0},{"not_picked":["Moonworks:Assault","Moonworks:NicePresent","Moonworks:Bloodlust"],"picked":"SKIP","floor":4},{"not_picked":["Moonworks:JonathanRush","Moonworks:MixPhenomenon"],"picked":"Moonworks:CloudOfSeagulls","floor":5}],"player_experience":1934577,"relics_obtained":[],"event_choices":[{"damage_healed":0.0,"max_hp_gain":0.0,"max_hp_loss":0.0,"gold_gain":0.0,"event_name":"Shining Light","player_choice":"Entered Light","floor":2.0,"gold_loss":0.0,"damage_taken":12.0,"cards_upgraded":["Moonworks:Strike","Moonworks:Defend"]},{"damage_healed":0,"gold_gain":0,"player_choice":"Ignored","damage_taken":0,"max_hp_gain":0,"max_hp_loss":0,"event_name":"Transmorgrifier","floor":3,"gold_loss":0}],"is_beta":false,"boss_relics":[],"items_purged_floors":[],"is_endless":false,"potions_floor_spawned":[],"killed_by":"Lagavulin","ascension_level":10}}