{"host":"bpnwh7vpv9k3tssc","time":1613426127,"event":{"mods":["BaseMod","Colored Map","Colored Powertips","Curses Come First","Highlight Path","Minty Spire (QoL Compilation)","Quick Restart","Random Character Button","Relic Sorter","StSLib"],"gold_per_floor":[117,117,132,63,63,96,96,129,129,152,152,152,168,212,212,332,332,345,369,388,20,20,20],"floor_reached":22,"language":"ENG","playtime":878,"items_purged":["SashWhip"],"score":252,"play_id":"0a9f00ca-4930-4a96-9d8d-d9e6c9df6cbf","local_time":"20210215225527","is_ascension_mode":true,"campfire_choices":[{"data":"ReachHeaven","floor":7,"key":"SMITH"},{"floor":12,"key":"REST"},{"data":"Eruption","floor":15,"key":"SMITH"}],"circlet_count":0,"master_deck":["Eruption+1","Vigilance+1","FlyingSleeves","ReachHeaven+1","Ragnarok","Evaluate","Vengeance","InnerPeace","FollowUp","LessonLearned","Prostrate","SashWhip","Study","Wallop","Fasting2+1","Sanctity+1","Perseverance+1","ClearTheMind+1","Prostrate+1","Prostrate+1"],"relics":["PureWater","NeowsBlessing","Golden Idol","Bottled Flame","Potion Belt","Sundial","Omamori","Pandora\u0027s Box","Toxic Egg 2"],"acts_visited":["Exordium","TheCity"],"potions_floor_usage":[8,16,18,20],"damage_taken":[{"damage":0,"enemies":"Jaw Worm","floor":1,"turns":1},{"damage":0,"enemies":"Cultist","floor":3,"turns":1},{"damage":0,"enemies":"3 Sentries","floor":6,"turns":1},{"damage":7,"enemies":"Lagavulin","floor":8,"turns":5},{"damage":2,"enemies":"2 Louse","floor":10,"turns":2},{"damage":7,"enemies":"Large Slime","floor":13,"turns":3},{"damage":6,"enemies":"Gremlin Nob","floor":14,"turns":3},{"damage":20,"enemies":"The Guardian","floor":16,"turns":6},{"damage":21,"enemies":"2 Thieves","floor":18,"turns":4},{"damage":5,"enemies":"Chosen","floor":19,"turns":4},{"damage":13,"enemies":"Shelled Parasite and Fungi","floor":20,"turns":4},{"damage":46,"enemies":"Cultist and Chosen","floor":22,"turns":6}],"seed_played":"-3694958495560402713","potions_obtained":[{"floor":3,"key":"ColorlessPotion"},{"floor":6,"key":"FearPotion"},{"floor":8,"key":"BlessingOfTheForge"},{"floor":14,"key":"Weak Potion"}],"is_trial":false,"path_per_floor":["M","?","M","$","?","E","R","E","T","M","?","R","M","E","R","B",null,"M","M","M","$","M"],"character_chosen":"WATCHER","items_purchased":["Ragnarok","Toxic Egg 2","Prostrate+1"],"campfire_rested":1,"item_purchase_floors":[4,21,21],"current_hp_per_floor":[72,72,72,72,54,54,54,47,47,45,31,52,45,39,39,19,72,51,46,33,33,0,0],"gold":20,"neow_bonus":"THREE_ENEMY_KILL","is_daily":false,"chose_seed":false,"campfire_upgraded":2,"win_rate":0.0,"timestamp":1613426127,"path_taken":["M","?","?","?","?","E","R","E","T","M","?","R","M","E","R","BOSS","M","M","M","$","M"],"items_purchased_type":["Card","Relic","Card"],"build_version":"2020-12-22","purchased_purges":1,"victory":false,"max_hp_per_floor":[72,72,72,72,72,72,72,72,72,72,72,72,72,72,72,72,72,72,72,72,72,72,72],"card_choices":[{"not_picked":["Consecrate","Indignation"],"picked":"FlyingSleeves","floor":1},{"not_picked":["Crescendo","CrushJoints"],"picked":"ReachHeaven","floor":3},{"not_picked":["Nirvana","FlyingSleeves"],"picked":"Evaluate","floor":6},{"not_picked":["JustLucky","Protect"],"picked":"Vengeance","floor":8},{"not_picked":["Judgement","Halt","Tantrum"],"picked":"SKIP","floor":10},{"not_picked":["PathToVictory","Protect"],"picked":"InnerPeace","floor":13},{"not_picked":["Vengeance","Fasting2"],"picked":"FollowUp","floor":14},{"not_picked":["Judgement","MasterReality"],"picked":"LessonLearned","floor":16},{"not_picked":["Consecrate","FlyingSleeves"],"picked":"Perseverance+1","floor":18},{"not_picked":["MentalFortress","CrushJoints"],"picked":"ClearTheMind+1","floor":19},{"not_picked":["FlyingSleeves","MentalFortress+1"],"picked":"Prostrate+1","floor":20}],"player_experience":410919,"relics_obtained":[{"floor":6,"key":"Bottled Flame"},{"floor":8,"key":"Potion Belt"},{"floor":9,"key":"Sundial"},{"floor":14,"key":"Omamori"}],"event_choices":[{"cards_removed":["Strike_P"],"damage_healed":0,"gold_gain":0,"player_choice":"Card Removal","damage_taken":0,"max_hp_gain":0,"max_hp_loss":0,"event_name":"Wheel of Change","floor":2,"gold_loss":0},{"damage_healed":0,"gold_gain":0,"player_choice":"Take Damage","damage_taken":18,"relics_obtained":["Golden Idol"],"max_hp_gain":0,"max_hp_loss":0,"event_name":"Golden Idol","floor":5,"gold_loss":0},{"damage_healed":0,"gold_gain":0,"player_choice":"Entered Light","damage_taken":14,"max_hp_gain":0,"max_hp_loss":0,"event_name":"Shining Light","floor":11,"gold_loss":0,"cards_upgraded":["Vigilance","Defend_P"]}],"is_beta":false,"boss_relics":[{"not_picked":["Runic Pyramid","SacredBark"],"picked":"Pandora\u0027s Box"}],"items_purged_floors":[21],"is_endless":false,"potions_floor_spawned":[3,6,8,14],"killed_by":"Cultist and Chosen","ascension_level":2}}