{"host":"epc8efk9vrywpcsw","time":1613406778,"event":{"mods":["BaseMod","Minty Spire (QoL Compilation)","Relic Stats","StSLib"],"gold_per_floor":[115,115,190,33,33,66,66,77,159,191,205,225,28,40,40,40,40],"floor_reached":16,"language":"ENG","playtime":280,"items_purged":[],"score":270,"play_id":"25eb6df6-2fbb-4faf-94cc-2cc4ae193a70","local_time":"20210215173258","is_ascension_mode":true,"campfire_choices":[{"data":"Neutralize","floor":7,"key":"SMITH"},{"data":"Cloak And Dagger","floor":15,"key":"SMITH"}],"circlet_count":0,"master_deck":["AscendersBane","Strike_G","Strike_G","Strike_G","Strike_G+1","Strike_G","Defend_G","Defend_G+1","Defend_G","Defend_G","Defend_G","Survivor","Neutralize+1","Backstab","Accuracy","Escape Plan","Blade Dance","Slice","Cloak And Dagger+1","Slice","PiercingWail"],"relics":["Ring of the Snake","NeowsBlessing","Membership Card","Tough Bandages","MealTicket","Gremlin Horn","Lizard Tail","Unceasing Top"],"acts_visited":["Exordium"],"potions_floor_usage":[10,10,10],"damage_taken":[{"damage":0,"enemies":"Small Slimes","floor":1,"turns":1},{"damage":0,"enemies":"Lagavulin","floor":6,"turns":1},{"damage":0,"enemies":"Jaw Worm","floor":8,"turns":1},{"damage":2,"enemies":"3 Sentries","floor":10,"turns":9},{"damage":0,"enemies":"2 Louse","floor":11,"turns":2},{"damage":1,"enemies":"Blue Slaver","floor":12,"turns":3},{"damage":2,"enemies":"Exordium Thugs","floor":14,"turns":3},{"damage":0,"enemies":"The Guardian","floor":16,"turns":4}],"seed_played":"-5075258264067641611","potions_obtained":[{"floor":1,"key":"EntropicBrew"},{"floor":6,"key":"CunningPotion"}],"is_trial":false,"path_per_floor":["M","?","?","$","?","E","R","M","T","E","M","M","$","M","R","B"],"character_chosen":"THE_SILENT","items_purchased":["Membership Card","Unceasing Top","Slice"],"campfire_rested":0,"item_purchase_floors":[4,13,13],"current_hp_per_floor":[59,39,28,28,10,10,10,10,10,8,8,7,22,20,20,20,20],"gold":40,"neow_bonus":"THREE_ENEMY_KILL","is_daily":false,"chose_seed":false,"campfire_upgraded":2,"win_rate":0.0,"timestamp":1613406778,"path_taken":["M","?","?","$","?","E","R","M","T","E","M","?","$","M","R","BOSS"],"items_purchased_type":["Relic","Relic","Card"],"build_version":"2020-12-22","purchased_purges":0,"victory":false,"max_hp_per_floor":[66,66,66,66,66,66,66,66,66,66,66,66,66,66,66,66,66],"relic_stats":{"Tough Bandages":[12],"Lizard Tail":0,"Gremlin Horn":[4,4],"counters":[8,24],"MealTicket":15,"obtain_stats":[{"Tough Bandages":5,"Lizard Tail":10,"NeowsBlessing":0,"Gremlin Horn":9,"MealTicket":6,"Membership Card":4,"Unceasing Top":13,"Ring of the Snake":0},{"Tough Bandages":1,"Lizard Tail":4,"NeowsBlessing":0,"Gremlin Horn":3,"MealTicket":2,"Membership Card":1,"Unceasing Top":6,"Ring of the Snake":0},{"Tough Bandages":1,"Lizard Tail":12,"NeowsBlessing":0,"Gremlin Horn":3,"MealTicket":2,"Membership Card":1,"Unceasing Top":17,"Ring of the Snake":0}],"Unceasing Top":[1],"Ring of the Snake":[16]},"card_choices":[{"not_picked":["Distraction","Blade Dance"],"picked":"Backstab","floor":1},{"not_picked":["Riddle With Holes","Infinite Blades"],"picked":"Accuracy","floor":6},{"not_picked":["Dagger Spray","Distraction"],"picked":"Escape Plan","floor":8},{"not_picked":["Prepared","Underhanded Strike"],"picked":"Blade Dance","floor":10},{"not_picked":["Backflip","Catalyst"],"picked":"Slice","floor":11},{"not_picked":["Acrobatics","Deflect"],"picked":"Cloak And Dagger","floor":12},{"not_picked":["Outmaneuver","Riddle With Holes"],"picked":"PiercingWail","floor":14}],"player_experience":535137,"relics_obtained":[{"floor":6,"key":"MealTicket"},{"floor":9,"key":"Gremlin Horn"},{"floor":10,"key":"Lizard Tail"}],"event_choices":[{"damage_healed":0,"gold_gain":0,"player_choice":"Entered Light","damage_taken":20,"max_hp_gain":0,"max_hp_loss":0,"event_name":"Shining Light","floor":2,"gold_loss":0,"cards_upgraded":["Strike_G","Defend_G"]},{"damage_healed":0,"gold_gain":75,"player_choice":"Gather Gold","damage_taken":11,"max_hp_gain":0,"max_hp_loss":0,"event_name":"World of Goop","floor":3,"gold_loss":0},{"damage_healed":0,"gold_gain":0,"player_choice":"Success","damage_taken":18,"relics_obtained":["Tough Bandages"],"max_hp_gain":0,"max_hp_loss":0,"event_name":"Scrap Ooze","floor":5,"gold_loss":0}],"is_beta":false,"boss_relics":[],"items_purged_floors":[],"is_endless":false,"potions_floor_spawned":[1,6],"killed_by":"The Guardian","ascension_level":20}}