{"host":"8rqsnaeml9gxb0kp","time":1613381244,"event":{"mods":["AchievementEnabler","BaseMod","Colored Powertips","Dark Map","Minty Spire (QoL Compilation)","Rare Cards Sparkle","Relic Stats","StSLib","slay the spire mod where everything is the same but ironclad has a cowboy hat"],"gold_per_floor":[115,131,142,58,75,75,0,0,0,0,13,28,47,74,74,151,151,168,140,0,18,18,18,18,18,67,67,85,85,2,2,2,2,2],"floor_reached":33,"language":"ENG","playtime":1124,"items_purged":[],"score":482,"play_id":"eae61411-3e74-4ad0-90e9-abcec78943e4","local_time":"20210215012724","is_ascension_mode":true,"campfire_choices":[{"data":"Searing Blow","floor":6.0,"key":"SMITH"},{"data":"Searing Blow+1","floor":8.0,"key":"SMITH"},{"data":"Searing Blow+3","floor":15.0,"key":"SMITH"},{"data":"Searing Blow+4","floor":23.0,"key":"SMITH"},{"data":"Berserk","floor":24.0,"key":"SMITH"},{"data":"Searing Blow+5","floor":27.0,"key":"SMITH"},{"data":"Searing Blow+6","floor":29,"key":"SMITH"},{"data":"Searing Blow+7","floor":32,"key":"SMITH"}],"circlet_count":0,"master_deck":["AscendersBane","Strike_R","Strike_R","Strike_R","Strike_R","Defend_R","Defend_R","Defend_R","Defend_R","Bash","Searing Blow+8","Reaper","Flame Barrier","Clothesline","Shrug It Off","Berserk+1","Shrug It Off","Anger","Reaper"],"relics":["Coffee Dripper","Ornamental Fan","WingedGreaves","Velvet Choker","Art of War","Enchiridion"],"acts_visited":["Exordium","TheCity"],"potions_floor_usage":[28],"damage_taken":[{"damage":10.0,"enemies":"Small Slimes","floor":1.0,"turns":3.0},{"damage":0.0,"enemies":"2 Louse","floor":2.0,"turns":3.0},{"damage":7.0,"enemies":"Jaw Worm","floor":3.0,"turns":3.0},{"damage":6.0,"enemies":"Exordium Thugs","floor":5.0,"turns":3.0},{"damage":4.0,"enemies":"3 Louse","floor":11.0,"turns":3.0},{"damage":13.0,"enemies":"Blue Slaver","floor":12.0,"turns":3.0},{"damage":0.0,"enemies":"Red Slaver","floor":13.0,"turns":1.0},{"damage":30.0,"enemies":"3 Sentries","floor":14.0,"turns":11.0},{"damage":30.0,"enemies":"The Guardian","floor":16.0,"turns":13.0},{"damage":20.0,"enemies":"Chosen","floor":18.0,"turns":6.0},{"damage":12.0,"enemies":"2 Thieves","floor":19.0,"turns":4.0},{"damage":28.0,"enemies":"3 Cultists","floor":21.0,"turns":6.0},{"damage":29,"enemies":"Cultist and Chosen","floor":28,"turns":6},{"damage":37,"enemies":"Champ","floor":33,"turns":10}],"seed_played":"-2645294050884254059","potions_obtained":[{"floor":2.0,"key":"BlessingOfTheForge"},{"floor":3.0,"key":"SneckoOil"},{"floor":12.0,"key":"SpeedPotion"},{"floor":16.0,"key":"BloodPotion"},{"floor":18.0,"key":"ColorlessPotion"},{"floor":21.0,"key":"Regen Potion"},{"floor":28,"key":"SpeedPotion"}],"is_trial":false,"path_per_floor":["M","M","M","$","M","R","?","R","T","?","M","M","M","E","R","B",null,"M","M","?","M","?","R","R","?","T","R","M","R","$","?","R","B"],"character_chosen":"IRONCLAD","items_purchased":["Reaper","Reaper"],"campfire_rested":0,"item_purchase_floors":[4,30],"current_hp_per_floor":[58,58,51,51,57,57,57,57,57,57,57,50,50,32,32,6,58,53,51,51,35,50,50,50,50,50,50,46,46,46,25,25,0,0],"gold":2,"neow_bonus":"BOSS_RELIC","is_daily":false,"chose_seed":false,"campfire_upgraded":8,"win_rate":0.0,"timestamp":1613381244,"path_taken":["M","M","M","$","M","R","?","R","T","?","?","M","M","E","R","BOSS","M","M","?","M","?","R","R","?","T","R","M","R","$","?","R","BOSS"],"items_purchased_type":["Card","Card"],"build_version":"2020-12-22","purchased_purges":0,"victory":false,"max_hp_per_floor":[75,75,75,75,75,75,75,75,75,75,75,75,75,75,75,75,75,75,75,75,75,75,75,75,75,75,75,75,75,75,75,75,75,75],"relic_stats":{"counters":[14,75],"Ornamental Fan":[64],"Art of War":[0],"obtain_stats":[{"Ornamental Fan":9,"Velvet Choker":17,"Enchiridion":31,"WingedGreaves":14,"Coffee Dripper":0,"Art of War":26,"Burning Blood":0},{"Ornamental Fan":4,"Velvet Choker":9,"Enchiridion":13,"WingedGreaves":8,"Coffee Dripper":0,"Art of War":12,"Burning Blood":0},{"Ornamental Fan":12,"Velvet Choker":43,"Enchiridion":65,"WingedGreaves":30,"Coffee Dripper":0,"Art of War":59,"Burning Blood":0}]},"card_choices":[{"not_picked":["Clash","Sentinel","Seeing Red"],"picked":"SKIP","floor":1.0},{"not_picked":["Armaments","Iron Wave"],"picked":"Searing Blow","floor":2.0},{"not_picked":["Heavy Blade","Sword Boomerang","Anger"],"picked":"SKIP","floor":3.0},{"not_picked":["Rage","Iron Wave"],"picked":"Flame Barrier","floor":5.0},{"not_picked":["Sentinel","Sword Boomerang","Shrug It Off"],"picked":"SKIP","floor":11.0},{"not_picked":["Warcry","Thunderclap"],"picked":"Clothesline","floor":12.0},{"not_picked":["Uppercut","Second Wind"],"picked":"Shrug It Off","floor":13.0},{"not_picked":["Iron Wave","Rupture","Heavy Blade"],"picked":"SKIP","floor":14.0},{"not_picked":["Immolate","Exhume"],"picked":"Berserk","floor":16.0},{"not_picked":["Perfected Strike","Dropkick"],"picked":"Shrug It Off","floor":18.0},{"not_picked":["Clothesline+1","Perfected Strike"],"picked":"Anger","floor":19.0},{"not_picked":["Clash","Heavy Blade+1","Perfected Strike"],"picked":"SKIP","floor":21.0},{"not_picked":["Perfected Strike","Rupture","Shockwave"],"picked":"SKIP","floor":28}],"player_experience":245896,"relics_obtained":[{"floor":9.0,"key":"Ornamental Fan"},{"floor":14.0,"key":"WingedGreaves"},{"floor":26.0,"key":"Art of War"},{"floor":31,"key":"Enchiridion"}],"event_choices":[{"cards_removed":["Strike_R"],"damage_healed":0.0,"max_hp_gain":0.0,"max_hp_loss":0.0,"gold_gain":0.0,"event_name":"The Cleric","player_choice":"Card Removal","floor":7.0,"gold_loss":75.0,"damage_taken":0.0},{"damage_healed":0.0,"max_hp_gain":0.0,"max_hp_loss":0.0,"gold_gain":0.0,"event_name":"Living Wall","player_choice":"Grow","floor":10.0,"gold_loss":0.0,"damage_taken":0.0,"cards_upgraded":["Searing Blow"]},{"damage_healed":0.0,"max_hp_gain":0.0,"max_hp_loss":0.0,"gold_gain":0.0,"event_name":"Masked Bandits","player_choice":"Paid Fearfully","floor":20.0,"gold_loss":140.0,"damage_taken":0.0},{"damage_healed":15.0,"max_hp_gain":0.0,"max_hp_loss":0.0,"gold_gain":0.0,"event_name":"The Library","player_choice":"Heal","floor":22.0,"gold_loss":0.0,"damage_taken":0.0},{"damage_healed":0.0,"max_hp_gain":0.0,"max_hp_loss":0.0,"gold_gain":0.0,"event_name":"Ghosts","player_choice":"Ignored","floor":25.0,"gold_loss":0.0,"damage_taken":0.0},{"damage_healed":0,"gold_gain":0,"player_choice":"Obtained Book","damage_taken":21,"max_hp_gain":0,"max_hp_loss":0,"event_name":"Cursed Tome","floor":31,"gold_loss":0}],"is_beta":false,"boss_relics":[{"not_picked":["Pandora\u0027s Box","Ectoplasm"],"picked":"Velvet Choker"}],"items_purged_floors":[],"is_endless":false,"potions_floor_spawned":[2,3,12,16,18,21,28],"killed_by":"Champ","ascension_level":19}}