{"host":"syfsfjmzue8y1a6l","time":1613372537,"event":{"mods":["AchievementEnabler","BaseMod","Colored Map","DeckTracker","Minty Spire (QoL Compilation)","SuperFastMode"],"gold_per_floor":[109,125,137,147,147,160,174,174,174],"floor_reached":8,"language":"KOR","playtime":542,"items_purged":[],"score":52,"play_id":"d7f6b005-40ba-4743-bc4f-4a5cc94999fc","local_time":"20210215160217","is_ascension_mode":false,"campfire_choices":[],"circlet_count":0,"master_deck":["Strike_B","Strike_B","Strike_B","Strike_B","Defend_B","Defend_B","Defend_B","Zap","Dualcast","Genetic Algorithm","Redo","Capacitor","Chill","Barrage"],"relics":["Philosopher\u0027s Stone"],"acts_visited":["Exordium"],"potions_floor_usage":[8],"damage_taken":[{"damage":5,"enemies":"Jaw Worm","floor":1,"turns":4},{"damage":0,"enemies":"2 Louse","floor":2,"turns":4},{"damage":1,"enemies":"Small Slimes","floor":3,"turns":4},{"damage":14,"enemies":"2 Fungi Beasts","floor":4,"turns":4},{"damage":18,"enemies":"3 Louse","floor":6,"turns":4},{"damage":9,"enemies":"Gremlin Gang","floor":7,"turns":6},{"damage":36,"enemies":"Lagavulin","floor":8,"turns":7}],"seed_played":"1540627070905311137","potions_obtained":[{"floor":1,"key":"FearPotion"},{"floor":4,"key":"PotionOfCapacity"}],"is_trial":false,"path_per_floor":["M","M","M","M","?","M","M","E"],"character_chosen":"DEFECT","items_purchased":[],"campfire_rested":0,"item_purchase_floors":[],"current_hp_per_floor":[70,70,69,55,48,30,21,0,0],"gold":174,"neow_bonus":"BOSS_RELIC","is_daily":false,"chose_seed":false,"campfire_upgraded":0,"win_rate":0.0,"timestamp":1613372537,"path_taken":["M","M","M","M","?","M","M","E"],"items_purchased_type":[],"build_version":"2020-12-22","purchased_purges":0,"victory":false,"max_hp_per_floor":[75,75,75,75,75,75,75,75,75],"card_choices":[{"not_picked":["Force Field","Coolheaded"],"picked":"Genetic Algorithm","floor":1},{"not_picked":["Hello World","Rip and Tear"],"picked":"Redo","floor":2},{"not_picked":["Steam","Amplify"],"picked":"Capacitor","floor":3},{"not_picked":["Rebound","Cold Snap"],"picked":"Chill","floor":4},{"not_picked":["Blizzard","Capacitor","Redo"],"picked":"SKIP","floor":6},{"not_picked":["Conserve Battery","Streamline"],"picked":"Barrage","floor":7}],"player_experience":53307,"relics_obtained":[],"event_choices":[{"cards_removed":["Defend_B"],"damage_healed":0,"gold_gain":0,"player_choice":"Card Removal","damage_taken":7,"max_hp_gain":0,"max_hp_loss":0,"event_name":"Golden Wing","floor":5,"gold_loss":0}],"is_beta":false,"boss_relics":[],"items_purged_floors":[],"is_endless":false,"potions_floor_spawned":[1,4],"killed_by":"Lagavulin","ascension_level":0}}