{"host":"i6gykeymkyt82gt2","time":1613371314,"event":{"mods":["AchievementEnabler","BaseMod","Colored Map","Colored Powertips","Custom Start","Highlight Path","Minty Spire (QoL Compilation)","Relic Stats","StSLib"],"gold_per_floor":[114,132,132,38,38,67,87,116,116,145,158,158,192,204,204,304,304,321,74,344,55,55,83,83,83,107,107,117,135,149,149,149,245,245,256,6,16,26,26,26],"floor_reached":39,"language":"ENG","playtime":1970,"items_purged":["Strike_R","Strike_R"],"score":527,"play_id":"47bbe13c-b2d7-4abd-bef7-96381d0a8330","local_time":"20210215014154","is_ascension_mode":true,"campfire_choices":[{"data":"Heavy Blade","floor":12,"key":"SMITH"},{"data":"Inflame","floor":15,"key":"SMITH"},{"data":"Barricade","floor":24,"key":"SMITH"},{"data":"Entrench","floor":27,"key":"SMITH"},{"floor":32,"key":"REST"}],"circlet_count":0,"master_deck":["Strike_R","Strike_R","Strike_R","Defend_R","Defend_R","Defend_R","Defend_R","Bash+1","Inflame","Pommel Strike","Immolate","Inflame+1","Heavy Blade+1","Barricade+1","Body Slam+1","Discovery","Evolve","Flame Barrier","Entrench+1","Metallicize","Metallicize","Writhe","True Grit","Juggernaut","True Grit+1"],"relics":["Burning Blood","NeowsBlessing","InkBottle","Ice Cream","WingedGreaves","Mercury Hourglass","Unceasing Top","HornCleat","Mark of Pain","Orichalcum","Singing Bowl","Blood Vial","GremlinMask","Philosopher\u0027s Stone","Bottled Tornado"],"acts_visited":["Exordium","TheCity","TheBeyond"],"potions_floor_usage":[10,18,23,23,29,30,33,38],"damage_taken":[{"damage":0,"enemies":"Cultist","floor":1,"turns":1},{"damage":0,"enemies":"Small Slimes","floor":2,"turns":1},{"damage":0,"enemies":"Gremlin Nob","floor":6,"turns":1},{"damage":2,"enemies":"Jaw Worm","floor":7,"turns":2},{"damage":18,"enemies":"Lagavulin","floor":8,"turns":4},{"damage":12,"enemies":"3 Sentries","floor":10,"turns":3},{"damage":0,"enemies":"2 Fungi Beasts","floor":11,"turns":2},{"damage":3,"enemies":"Lagavulin","floor":13,"turns":5},{"damage":0,"enemies":"Exordium Thugs","floor":14,"turns":2},{"damage":48,"enemies":"The Guardian","floor":16,"turns":9},{"damage":12,"enemies":"Shell Parasite","floor":18,"turns":4},{"damage":33,"enemies":"Slavers","floor":23,"turns":5},{"damage":12,"enemies":"3 Byrds","floor":28,"turns":4},{"damage":19,"enemies":"3 Cultists","floor":29,"turns":5},{"damage":0,"enemies":"Centurion and Healer","floor":30,"turns":6},{"damage":41,"enemies":"Collector","floor":33,"turns":10},{"damage":0,"enemies":"3 Shapes","floor":35,"turns":6},{"damage":29,"enemies":"3 Darklings","floor":37,"turns":5},{"damage":31,"enemies":"Jaw Worm Horde","floor":38,"turns":4},{"damage":69,"enemies":"Transient","floor":39,"turns":4}],"seed_played":"-2229165704486441447","potions_obtained":[{"floor":7,"key":"Fire Potion"},{"floor":8,"key":"BloodPotion"},{"floor":14,"key":"EssenceOfSteel"},{"floor":16,"key":"EssenceOfSteel"},{"floor":23,"key":"FearPotion"},{"floor":28,"key":"ColorlessPotion"},{"floor":30,"key":"CultistPotion"},{"floor":37,"key":"AttackPotion"}],"is_trial":false,"path_per_floor":["M","M","?","$","T","E","M","E","T","E","M","R","E","M","R","B",null,"M","$","?","$","?","E","R","?","T","R","M","M","M","?","R","B",null,"M","$","M","M","M"],"character_chosen":"IRONCLAD","items_purchased":["Inflame","Pommel Strike","Discovery","Evolve","Flame Barrier","Entrench","Metallicize","Bottled Tornado"],"campfire_rested":1,"item_purchase_floors":[4,4,19,19,21,21,21,36],"current_hp_per_floor":[80,80,80,80,80,80,80,68,68,62,68,68,71,77,77,35,80,74,74,47,47,47,36,36,36,36,36,34,23,33,33,58,25,84,86,86,63,42,0,0],"gold":26,"neow_bonus":"THREE_ENEMY_KILL","is_daily":false,"chose_seed":false,"campfire_upgraded":4,"win_rate":0.0,"timestamp":1613371314,"path_taken":["M","?","?","?","?","E","M","E","T","E","M","R","E","M","R","BOSS","M","$","?","$","?","E","R","?","T","R","?","M","M","?","R","BOSS","M","$","?","M","M"],"items_purchased_type":["Card","Card","Card","Card","Card","Card","Card","Relic"],"build_version":"2020-12-22","purchased_purges":2,"victory":false,"max_hp_per_floor":[80,80,80,80,80,80,80,80,80,80,80,80,80,80,80,80,80,80,80,80,80,80,80,80,80,80,80,82,82,84,84,84,84,84,86,86,86,88,88,88],"relic_stats":{"Blood Vial":12,"Singing Bowl":8,"counters":[20,83],"Orichalcum":[30],"obtain_stats":[{"Ice Cream":6,"NeowsBlessing":0,"Singing Bowl":25,"GremlinMask":31,"Orichalcum":23,"Bottled Tornado":36,"Burning Blood":0,"Mercury Hourglass":9,"Blood Vial":26,"HornCleat":13,"Philosopher\u0027s Stone":34,"WingedGreaves":8,"Mark of Pain":17,"InkBottle":5,"Unceasing Top":10},{"Ice Cream":3,"NeowsBlessing":0,"Singing Bowl":12,"GremlinMask":15,"Orichalcum":12,"Bottled Tornado":17,"Burning Blood":0,"Mercury Hourglass":5,"Blood Vial":12,"HornCleat":8,"Philosopher\u0027s Stone":16,"WingedGreaves":5,"Mark of Pain":10,"InkBottle":2,"Unceasing Top":6},{"Ice Cream":3,"NeowsBlessing":0,"Singing Bowl":39,"GremlinMask":54,"Orichalcum":39,"Bottled Tornado":70,"Burning Blood":0,"Mercury Hourglass":9,"Blood Vial":39,"HornCleat":19,"Philosopher\u0027s Stone":64,"WingedGreaves":9,"Mark of Pain":30,"InkBottle":2,"Unceasing Top":12}],"Burning Blood":86,"InkBottle":[19],"Unceasing Top":[2],"Mercury Hourglass":[336]},"card_choices":[{"not_picked":["Flex","Sword Boomerang","Sever Soul"],"picked":"SKIP","floor":1},{"not_picked":["Pummel","Heavy Blade","Rupture"],"picked":"SKIP","floor":2},{"not_picked":["Clothesline","Rupture"],"picked":"Immolate","floor":6},{"not_picked":["Anger","Second Wind"],"picked":"Inflame","floor":7},{"not_picked":["Battle Trance","Dropkick","Second Wind"],"picked":"SKIP","floor":8},{"not_picked":["Anger","Disarm"],"picked":"Heavy Blade","floor":10},{"not_picked":["Bloodletting","Pommel Strike","Bludgeon"],"picked":"SKIP","floor":11},{"not_picked":["Thunderclap","Entrench","Perfected Strike"],"picked":"SKIP","floor":13},{"not_picked":["Second Wind","Headbutt","Bloodletting"],"picked":"SKIP","floor":14},{"not_picked":["Double Tap","Fiend Fire"],"picked":"Barricade","floor":16},{"not_picked":["Warcry+1","Flex"],"picked":"Body Slam+1","floor":18},{"not_picked":["Intimidate","Warcry"],"picked":"Metallicize","floor":23},{"not_picked":["Pummel","Burning Pact","Thunderclap+1"],"picked":"Singing Bowl","floor":28},{"not_picked":["Spot Weakness+1","Clothesline"],"picked":"True Grit","floor":29},{"not_picked":["Shockwave","Reckless Charge","Anger"],"picked":"Singing Bowl","floor":30},{"not_picked":["Feed","Immolate"],"picked":"Juggernaut","floor":33},{"not_picked":["Havoc+1","Flex+1","Clothesline"],"picked":"Singing Bowl","floor":35},{"not_picked":["Dual Wield+1","Havoc"],"picked":"True Grit+1","floor":37},{"not_picked":["Twin Strike+1","Anger","Pommel Strike+1"],"picked":"Singing Bowl","floor":38}],"player_experience":560900,"relics_obtained":[{"floor":5,"key":"InkBottle"},{"floor":6,"key":"Ice Cream"},{"floor":8,"key":"WingedGreaves"},{"floor":9,"key":"Mercury Hourglass"},{"floor":10,"key":"Unceasing Top"},{"floor":13,"key":"HornCleat"},{"floor":23,"key":"Orichalcum"},{"floor":26,"key":"Blood Vial"}],"event_choices":[{"damage_healed":0,"gold_gain":0,"player_choice":"Upgraded","damage_taken":0,"max_hp_gain":0,"max_hp_loss":0,"event_name":"Upgrade Shrine","floor":3,"gold_loss":0,"cards_upgraded":["Bash"]},{"damage_healed":0,"gold_gain":270,"player_choice":"GOLD GOLD GOLD ","damage_taken":27,"max_hp_gain":0,"max_hp_loss":0,"event_name":"Knowing Skull","floor":20,"potions_obtained":[],"gold_loss":0,"cards_obtained":[]},{"damage_healed":0,"gold_gain":0,"player_choice":"Opened","damage_taken":0,"relics_obtained":["Singing Bowl"],"max_hp_gain":0,"max_hp_loss":0,"event_name":"The Mausoleum","floor":25,"gold_loss":0,"cards_obtained":["Writhe"]},{"damage_healed":0,"gold_gain":0,"player_choice":"Trade","damage_taken":0,"relics_obtained":["GremlinMask"],"max_hp_gain":0,"max_hp_loss":0,"event_name":"FaceTrader","floor":31,"gold_loss":0}],"is_beta":false,"boss_relics":[{"not_picked":["Empty Cage","Fusion Hammer"],"picked":"Mark of Pain"},{"not_picked":["Astrolabe","Velvet Choker"],"picked":"Philosopher\u0027s Stone"}],"items_purged_floors":[19,21],"is_endless":false,"potions_floor_spawned":[7,8,14,16,23,28,30,37],"killed_by":"Transient","ascension_level":2}}