{"host":"mnpd8gh7cwxsn5kh","time":1613424579,"event":{"mods":["BaseMod","Bestiary","Block Reminder","Colored Map","Colored Powertips","Highlight Path","Minty Spire (QoL Compilation)","Relic Sorter","Relic Stats"],"gold_per_floor":[99,20,20,20,20,20,20,20,20,20,20,0,0,0,0,0,0,0,0,0,0,0,0,0,0,0,0,0,0,0,0,0,0,0,0,0,0,0,0,0,0,0,0,0,0,0,0,0,0,0],"floor_reached":51,"language":"ENG","playtime":4637,"items_purged":[],"score":1483,"play_id":"52de3f8f-3d4b-4920-8570-86c7abff3c9a","local_time":"20210215222939","is_ascension_mode":true,"campfire_choices":[{"data":"Bash","floor":6.0,"key":"SMITH"},{"floor":11.0,"key":"REST"},{"data":"Double Tap","floor":15.0,"key":"SMITH"},{"data":"Feed","floor":23.0,"key":"SMITH"},{"floor":25.0,"key":"REST"},{"data":"Uppercut","floor":27.0,"key":"SMITH"},{"floor":32.0,"key":"REST"},{"data":"Spot Weakness","floor":41,"key":"SMITH"},{"data":"Seeing Red","floor":44,"key":"SMITH"},{"floor":49,"key":"REST"}],"circlet_count":0,"master_deck":["AscendersBane","Strike_R","Strike_R","Defend_R","Defend_R+1","Defend_R","Defend_R+1","Bash+1","Iron Wave+1","Ghostly Armor","Sword Boomerang+1","Headbutt","Double Tap+1","Ghostly Armor","Shrug It Off","Feed+1","Spot Weakness+1","Uppercut+1","Armaments+1","Twin Strike+1","Seeing Red+1","Reaper","Disarm"],"relics":["Ectoplasm","Blood Vial","Nunchaku","Anchor","Runic Pyramid","Nilry\u0027s Codex","Matryoshka","Singing Bowl","Mercury Hourglass","Juzu Bracelet","SacredBark","Eternal Feather","Smiling Mask","InkBottle","War Paint","Incense Burner","Happy Flower"],"acts_visited":["TheCity","TheBeyond"],"potions_floor_usage":[37,39,42,50,50],"damage_taken":[{"damage":8.0,"enemies":"Small Slimes","floor":1.0,"turns":4.0},{"damage":7.0,"enemies":"Jaw Worm","floor":4.0,"turns":2.0},{"damage":20.0,"enemies":"3 Sentries","floor":7.0,"turns":13.0},{"damage":0.0,"enemies":"2 Louse","floor":8.0,"turns":2.0},{"damage":0.0,"enemies":"Looter","floor":12.0,"turns":2.0},{"damage":15.0,"enemies":"Gremlin Nob","floor":13.0,"turns":4.0},{"damage":0.0,"enemies":"2 Fungi Beasts","floor":14.0,"turns":3.0},{"damage":21.0,"enemies":"Hexaghost","floor":16.0,"turns":10.0},{"damage":0.0,"enemies":"Chosen","floor":18.0,"turns":5.0},{"damage":5.0,"enemies":"Spheric Guardian","floor":21.0,"turns":8.0},{"damage":17.0,"enemies":"Book of Stabbing","floor":24.0,"turns":5.0},{"damage":0.0,"enemies":"Gremlin Leader","floor":28.0,"turns":4.0},{"damage":0.0,"enemies":"Shelled Parasite and Fungi","floor":30.0,"turns":2.0},{"damage":34.0,"enemies":"Collector","floor":33.0,"turns":7.0},{"damage":1.0,"enemies":"3 Shapes","floor":35.0,"turns":6.0},{"damage":0.0,"enemies":"Orb Walker","floor":36.0,"turns":4.0},{"damage":13,"enemies":"Jaw Worm Horde","floor":37,"turns":3},{"damage":54,"enemies":"Maw","floor":39,"turns":10},{"damage":23,"enemies":"Nemesis","floor":40,"turns":9},{"damage":46,"enemies":"Giant Head","floor":42,"turns":7},{"damage":60,"enemies":"2 Orb Walkers","floor":46,"turns":5},{"damage":93,"enemies":"Reptomancer","floor":48,"turns":10},{"damage":25,"enemies":"Time Eater","floor":50,"turns":6}],"seed_played":"-3823222733767267006","potions_obtained":[{"floor":4.0,"key":"SpeedPotion"},{"floor":12.0,"key":"Weak Potion"},{"floor":13.0,"key":"Explosive Potion"},{"floor":28.0,"key":"AttackPotion"},{"floor":30.0,"key":"DuplicationPotion"},{"floor":33.0,"key":"Explosive Potion"},{"floor":37,"key":"SkillPotion"},{"floor":39,"key":"Strength Potion"},{"floor":46,"key":"FearPotion"},{"floor":48,"key":"Strength Potion"}],"is_trial":false,"path_per_floor":["M","$","?","M","?","R","E","M","T","?","R","M","E","M","R","B",null,"M","?","?","M","$","R","E","R","T","R","E","?","M","?","R","B",null,"M","M","M","?","M","E","R","E","T","R","?","?","?","E","R","B",null],"character_chosen":"IRONCLAD","items_purchased":["Ghostly Armor"],"campfire_rested":4,"item_purchase_floors":[2],"current_hp_per_floor":[60,60,60,53,53,53,33,35,35,12,34,36,23,25,25,6,58,63,63,42,42,42,42,27,51,51,51,57,57,61,36,63,35,81,90,110,97,97,60,69,84,114,114,122,122,89,89,18,67,61],"gold":0,"neow_bonus":"BOSS_RELIC","is_daily":false,"chose_seed":false,"campfire_upgraded":6,"win_rate":0.0,"timestamp":1613424579,"path_taken":["M","$","?","M","?","R","E","M","T","?","R","M","E","?","R","BOSS","M","?","?","M","$","R","E","R","T","R","E","?","M","?","R","BOSS","M","M","M","?","M","E","R","E","T","R","?","?","?","E","R","BOSS"],"items_purchased_type":["Card"],"build_version":"2020-12-22","purchased_purges":0,"victory":true,"max_hp_per_floor":[75,75,75,75,75,75,75,75,75,75,75,75,75,75,75,75,75,78,78,78,81,81,81,81,81,81,81,85,85,87,92,92,96,96,104,110,110,104,110,116,116,122,122,122,122,124,124,126,126,130],"relic_stats":{"Singing Bowl":14,"Happy Flower":[2],"counters":[23,131],"Eternal Feather":35,"Juzu Bracelet":2,"War Paint":["Defend_R","Defend_R"],"Smiling Mask":0,"Mercury Hourglass":[301],"Blood Vial":36,"Nunchaku":[22],"Ectoplasm":656,"obtain_stats":[{"Singing Bowl":26,"Happy Flower":48,"Nilry\u0027s Codex":20,"SacredBark":34,"Eternal Feather":40,"Juzu Bracelet":28,"Incense Burner":46,"War Paint":43,"Smiling Mask":42,"Burning Blood":0,"Mercury Hourglass":26,"Blood Vial":7,"Nunchaku":9,"Anchor":13,"Matryoshka":24,"Ectoplasm":0,"InkBottle":43,"Runic Pyramid":17},{"Singing Bowl":11,"Happy Flower":22,"Nilry\u0027s Codex":9,"SacredBark":14,"Eternal Feather":19,"Juzu Bracelet":12,"Incense Burner":21,"War Paint":20,"Smiling Mask":20,"Burning Blood":0,"Mercury Hourglass":11,"Blood Vial":3,"Nunchaku":4,"Anchor":6,"Matryoshka":11,"Ectoplasm":0,"InkBottle":20,"Runic Pyramid":8},{"Singing Bowl":58,"Happy Flower":125,"Nilry\u0027s Codex":45,"SacredBark":71,"Eternal Feather":103,"Juzu Bracelet":62,"Incense Burner":115,"War Paint":110,"Smiling Mask":110,"Burning Blood":0,"Mercury Hourglass":58,"Blood Vial":19,"Nunchaku":21,"Anchor":27,"Matryoshka":58,"Ectoplasm":0,"InkBottle":110,"Runic Pyramid":40}],"InkBottle":[7]},"card_choices":[{"not_picked":["Anger","True Grit"],"picked":"Iron Wave","floor":1.0},{"not_picked":["Dual Wield","Wild Strike","Havoc"],"picked":"SKIP","floor":4.0},{"not_picked":["Thunderclap","Wild Strike"],"picked":"Headbutt","floor":7.0},{"not_picked":["Sword Boomerang","Dropkick","Fire Breathing"],"picked":"SKIP","floor":8.0},{"not_picked":["Perfected Strike","Anger"],"picked":"Double Tap","floor":12.0},{"not_picked":["Perfected Strike","Power Through"],"picked":"Ghostly Armor","floor":13.0},{"not_picked":["True Grit","Armaments"],"picked":"Shrug It Off","floor":14.0},{"not_picked":["Impervious","Juggernaut"],"picked":"Feed","floor":16.0},{"not_picked":["Evolve","Uppercut"],"picked":"Spot Weakness","floor":18.0},{"not_picked":["Bloodletting+1","Warcry"],"picked":"Armaments+1","floor":21.0},{"not_picked":["Armaments","Searing Blow","Battle Trance"],"picked":"SKIP","floor":24.0},{"not_picked":["Shockwave","Thunderclap"],"picked":"Twin Strike+1","floor":28.0},{"not_picked":["Fire Breathing","Clothesline","Sword Boomerang"],"picked":"Singing Bowl","floor":30.0},{"not_picked":["Barricade","Juggernaut"],"picked":"Reaper","floor":33.0},{"not_picked":["Wild Strike","Perfected Strike"],"picked":"Disarm","floor":35.0},{"not_picked":["Perfected Strike+1","Wild Strike","Clothesline"],"picked":"Singing Bowl","floor":36.0},{"not_picked":["Whirlwind","Wild Strike"],"picked":"Cleave+1","floor":37},{"not_picked":["Warcry+1","Havoc","Brutality"],"picked":"Singing Bowl","floor":39},{"not_picked":["Anger","Pummel","Dropkick+1"],"picked":"Singing Bowl","floor":40},{"not_picked":["Anger","Perfected Strike+1","Pommel Strike+1"],"picked":"Singing Bowl","floor":42},{"not_picked":["Clash+1","Power Through+1","True Grit"],"picked":"Singing Bowl","floor":46},{"not_picked":["True Grit","Evolve","Wild Strike+1"],"picked":"Singing Bowl","floor":48}],"player_experience":562447,"relics_obtained":[{"floor":7.0,"key":"Blood Vial"},{"floor":9.0,"key":"Nunchaku"},{"floor":13.0,"key":"Anchor"},{"floor":20.0,"key":"Nilry\u0027s Codex"},{"floor":24.0,"key":"Matryoshka"},{"floor":26.0,"key":"Singing Bowl"},{"floor":26.0,"key":"Mercury Hourglass"},{"floor":28.0,"key":"Juzu Bracelet"},{"floor":40,"key":"Eternal Feather"},{"floor":42,"key":"Smiling Mask"},{"floor":43,"key":"InkBottle"},{"floor":43,"key":"War Paint"},{"floor":46,"key":"Incense Burner"},{"floor":48,"key":"Happy Flower"}],"event_choices":[{"damage_healed":0.0,"max_hp_gain":0.0,"max_hp_loss":0.0,"gold_gain":0.0,"cards_transformed":["Strike_R"],"event_name":"Living Wall","player_choice":"Change","floor":3.0,"gold_loss":0.0,"damage_taken":0.0,"cards_obtained":["Sword Boomerang"]},{"damage_healed":0.0,"max_hp_gain":0.0,"max_hp_loss":0.0,"gold_gain":0.0,"event_name":"Golden Idol","player_choice":"Ignored","floor":5.0,"gold_loss":0.0,"damage_taken":0.0},{"damage_healed":0.0,"max_hp_gain":0.0,"max_hp_loss":0.0,"gold_gain":0.0,"event_name":"Shining Light","player_choice":"Entered Light","floor":10.0,"gold_loss":0.0,"damage_taken":23.0,"cards_upgraded":["Iron Wave","Sword Boomerang"]},{"damage_healed":0.0,"max_hp_gain":0.0,"max_hp_loss":0.0,"gold_gain":0.0,"event_name":"The Library","player_choice":"Read","floor":19.0,"gold_loss":0.0,"damage_taken":0.0,"cards_obtained":["Uppercut"]},{"damage_healed":0.0,"max_hp_gain":0.0,"max_hp_loss":0.0,"gold_gain":0.0,"event_name":"Cursed Tome","player_choice":"Obtained Book","floor":20.0,"gold_loss":0.0,"damage_taken":21.0},{"damage_healed":0.0,"max_hp_gain":0.0,"max_hp_loss":0.0,"gold_gain":0.0,"cards_transformed":["Strike_R"],"event_name":"Transmorgrifier","player_choice":"Transformed","floor":29.0,"gold_loss":0.0,"damage_taken":0.0,"cards_obtained":["Seeing Red"]},{"damage_healed":0.0,"max_hp_gain":5.0,"max_hp_loss":0.0,"gold_gain":0.0,"event_name":"Forgotten Altar","player_choice":"Shed Blood","floor":31.0,"gold_loss":0.0,"damage_taken":30.0},{"damage_healed":0,"gold_gain":0,"player_choice":"Max HP","damage_taken":0,"max_hp_gain":0,"max_hp_loss":6,"event_name":"Winding Halls","floor":38,"gold_loss":0},{"cards_removed":["Strike_R"],"damage_healed":0,"gold_gain":0,"player_choice":"Purged","damage_taken":0,"max_hp_gain":0,"max_hp_loss":0,"event_name":"Purifier","floor":45,"gold_loss":0},{"damage_healed":0,"gold_gain":0,"player_choice":"Fight","damage_taken":0,"max_hp_gain":0,"max_hp_loss":0,"event_name":"Mysterious Sphere","floor":46,"gold_loss":0},{"cards_removed":["Cleave"],"damage_healed":0,"gold_gain":0,"player_choice":"Removed Attack","damage_taken":0,"max_hp_gain":0,"max_hp_loss":0,"event_name":"Falling","floor":47,"gold_loss":0}],"is_beta":false,"boss_relics":[{"not_picked":["Cursed Key","Tiny House"],"picked":"Runic Pyramid"},{"not_picked":["Mark of Pain","Runic Cube"],"picked":"SacredBark"}],"items_purged_floors":[],"is_endless":false,"potions_floor_spawned":[4,12,13,28,30,33,37,39,46,48],"ascension_level":18}}