{"host":"1ooxfz79hmpvpehx","time":1613424595,"event":{"mods":["BaseMod","Better Altar","Better Match","Better Note","Better Sensory Stone","Better Skull","Better Third Choice","Infinite Spire","Marked Mod","Minty Spire (QoL Compilation)","Quick Restart","RNG Fix","Replay The Spire","StSLib","SuperFastMode"],"gold_per_floor":[109,120,136,136,61,61,96,96,121,121,151,166,166],"floor_reached":12,"language":"ENG","playtime":267,"items_purged":["Strike_B"],"score":82,"play_id":"e792896a-0270-49b5-b220-946e14724f83","local_time":"20210215182955","is_ascension_mode":true,"campfire_choices":[{"data":"Aggregate","floor":6.0,"key":"SMITH"},{"data":"Heatsinks","floor":10.0,"key":"SMITH"}],"circlet_count":0,"master_deck":["Strike_B","Strike_B","Strike_B","Defend_B","Defend_B","Defend_B","Defend_B","Zap","Dualcast","Echo Form","Aggregate+1","Tempest","White Noise","Heatsinks+1","BootSequence"],"relics":["Cracked Core","Golden Idol","Replay:Bandana"],"acts_visited":["Exordium"],"potions_floor_usage":[12],"damage_taken":[{"damage":3.0,"enemies":"Jaw Worm","floor":1.0,"turns":5.0},{"damage":0.0,"enemies":"Small Slimes","floor":2.0,"turns":4.0},{"damage":1.0,"enemies":"2 Louse","floor":3.0,"turns":2.0},{"damage":16.0,"enemies":"Lagavulin","floor":7.0,"turns":6.0},{"damage":4.0,"enemies":"Blue Slaver","floor":11.0,"turns":4.0},{"damage":38,"enemies":"Gremlin Nob","floor":12,"turns":3}],"seed_played":"162708348942858229","potions_obtained":[{"floor":1.0,"key":"Energy Potion"},{"floor":3.0,"key":"Strength Potion"},{"floor":8.0,"key":"BlessingOfTheForge"},{"floor":8.0,"key":"Energy Potion"}],"is_trial":false,"path_per_floor":["M","M","M","?","$","R","E","?","T","R","M","E"],"character_chosen":"DEFECT","items_purchased":[],"campfire_rested":0,"item_purchase_floors":[],"current_hp_per_floor":[51,51,50,32,32,32,16,16,16,16,12,0,0],"gold":166,"neow_bonus":"THREE_RARE_CARDS","is_daily":false,"chose_seed":false,"campfire_upgraded":2,"win_rate":0.0,"timestamp":1613424595,"path_taken":["M","M","?","?","$","R","E","?","T","R","M","E"],"items_purchased_type":[],"build_version":"2020-12-22","purchased_purges":1,"victory":false,"max_hp_per_floor":[75,75,75,75,75,75,75,75,75,75,75,75,75],"card_choices":[{"not_picked":["Amplify","ReplayRNGCard"],"picked":"Echo Form","floor":0.0},{"not_picked":["Panic Button","Hello World"],"picked":"Aggregate","floor":1.0},{"not_picked":["Core Surge","Rebound"],"picked":"Tempest","floor":2.0},{"not_picked":["Steam","Stack"],"picked":"White Noise","floor":3.0},{"not_picked":["Steam","Rip and Tear"],"picked":"Heatsinks","floor":7.0},{"not_picked":["Chill","Steam"],"picked":"BootSequence","floor":11.0}],"player_experience":31007,"relics_obtained":[{"floor":7.0,"key":"Replay:Bandana"}],"event_choices":[{"damage_healed":0.0,"max_hp_gain":0.0,"max_hp_loss":0.0,"gold_gain":0.0,"event_name":"Golden Idol","player_choice":"Take Damage","floor":4.0,"gold_loss":0.0,"damage_taken":18.0,"relics_obtained":["Golden Idol"]},{"damage_healed":0.0,"max_hp_gain":0.0,"max_hp_loss":0.0,"gold_gain":0.0,"event_name":"Lab","player_choice":"Got Potions","floor":8.0,"gold_loss":0.0,"damage_taken":0.0}],"is_beta":false,"boss_relics":[],"items_purged_floors":[5],"is_endless":false,"potions_floor_spawned":[1,3],"killed_by":"Gremlin Nob","ascension_level":1}}