{"host":"phniwng9zo19jwdb","time":1613410247,"event":{"mods":["AchievementEnabler","BaseMod","Colored Powertips","Dark Map","Faster Ascension Climbing","GifTheSpireLib","Minty Spire (QoL Compilation)","Permanent Neow","Rare Cards Sparkle","Relic Filter Mod","StSLib","Weighted Paths"],"gold_per_floor":[131,189,189,189,254,336,3,3,74,109,197,255,180,215,215,289,289,302,302,313,313,46,46,46],"floor_reached":23,"language":"ENG","playtime":971,"items_purged":[],"score":414,"play_id":"29c79f9e-b255-4735-bb84-aa6007ed5ce5","local_time":"20210215183047","is_ascension_mode":true,"campfire_choices":[{"floor":8,"key":"REST"},{"floor":15,"key":"REST"}],"circlet_count":0,"master_deck":["AscendersBane","Strike_G","Strike_G","Strike_G","Defend_G","Defend_G","Defend_G","Defend_G","Defend_G","Survivor","Neutralize","HandOfGreed+1","Infinite Blades","Backflip","Escape Plan","Noxious Fumes","Die Die Die","Night Terror+1","Escape Plan","Prepared","Catalyst","Corpse Explosion","Writhe","Infinite Blades","Bandage Up"],"relics":["Ring of the Snake","Regal Pillow","Bag of Preparation","InkBottle","Gremlin Horn","Juzu Bracelet","Art of War","Black Star","Shovel","Medical Kit"],"acts_visited":["Exordium","TheCity"],"potions_floor_usage":[11,12,23,23],"damage_taken":[{"damage":0.0,"enemies":"Jaw Worm","floor":1.0,"turns":5.0},{"damage":0.0,"enemies":"2 Louse","floor":2.0,"turns":4.0},{"damage":9.0,"enemies":"Small Slimes","floor":5.0,"turns":7.0},{"damage":11.0,"enemies":"3 Sentries","floor":6.0,"turns":14.0},{"damage":31,"enemies":"Gremlin Nob","floor":10,"turns":4},{"damage":11,"enemies":"3 Sentries","floor":11,"turns":8},{"damage":16,"enemies":"Lagavulin","floor":12,"turns":9},{"damage":0,"enemies":"Exordium Wildlife","floor":14,"turns":1},{"damage":2,"enemies":"The Guardian","floor":16,"turns":12},{"damage":16,"enemies":"Spheric Guardian","floor":18,"turns":4},{"damage":21,"enemies":"2 Thieves","floor":20,"turns":4},{"damage":0,"enemies":"Gremlin Leader","floor":23,"turns":4}],"seed_played":"514282998267706986","potions_obtained":[{"floor":2.0,"key":"BlessingOfTheForge"},{"floor":6.0,"key":"Regen Potion"},{"floor":11,"key":"SkillPotion"},{"floor":12,"key":"SteroidPotion"},{"floor":20,"key":"ColorlessPotion"}],"is_trial":false,"path_per_floor":["M","M","?","?","M","E","$","R","T","E","?","E","?","M","R","B",null,"M","?","M","?","$","E"],"character_chosen":"THE_SILENT","items_purchased":["Die Die Die","Bag of Preparation","Medical Kit","Bandage Up"],"campfire_rested":2,"item_purchase_floors":[7,7,22,22],"current_hp_per_floor":[44,44,37,37,28,17,17,51,51,20,24,8,8,8,42,40,60,44,44,23,23,23,27,27],"gold":46,"neow_bonus":"RANDOM_COLORLESS_2","is_daily":false,"chose_seed":false,"campfire_upgraded":0,"win_rate":0.0,"timestamp":1613410247,"path_taken":["M","M","?","?","M","E","$","R","T","E","?","E","?","M","R","BOSS","M","?","M","?","$","E"],"items_purchased_type":["Card","Relic","Relic","Card"],"build_version":"2020-12-22","purchased_purges":0,"victory":false,"max_hp_per_floor":[66,66,66,66,66,66,66,66,66,66,66,66,66,66,66,66,66,66,66,66,66,66,66,66],"card_choices":[{"not_picked":["Secret Technique","Apotheosis"],"picked":"HandOfGreed","floor":0.0},{"not_picked":["Slice","Dagger Spray"],"picked":"Infinite Blades","floor":1.0},{"not_picked":["Deflect","Caltrops"],"picked":"Backflip","floor":2.0},{"not_picked":["Catalyst","Underhanded Strike"],"picked":"Escape Plan","floor":5.0},{"not_picked":["Well Laid Plans","Blade Dance"],"picked":"Noxious Fumes","floor":6.0},{"not_picked":["Bane","Dodge and Roll"],"picked":"Night Terror","floor":10},{"not_picked":["Blur","Underhanded Strike"],"picked":"Escape Plan","floor":11},{"not_picked":["All Out Attack","Night Terror"],"picked":"Prepared","floor":12},{"not_picked":["Finisher","Dodge and Roll"],"picked":"Catalyst","floor":14},{"not_picked":["Doppelganger","Die Die Die"],"picked":"Corpse Explosion","floor":16},{"not_picked":["Bane","Bouncing Flask+1","Finisher"],"picked":"SKIP","floor":18},{"not_picked":["Dodge and Roll","Dagger Spray+1"],"picked":"Infinite Blades","floor":20}],"player_experience":137802,"relics_obtained":[{"floor":6.0,"key":"Regal Pillow"},{"floor":9,"key":"InkBottle"},{"floor":10,"key":"Gremlin Horn"},{"floor":11,"key":"Juzu Bracelet"},{"floor":12,"key":"Art of War"}],"event_choices":[{"cards_removed":["Strike_G"],"damage_healed":0.0,"max_hp_gain":0.0,"max_hp_loss":0.0,"gold_gain":0.0,"event_name":"Golden Wing","player_choice":"Card Removal","floor":3.0,"gold_loss":0.0,"damage_taken":7.0},{"damage_healed":0.0,"max_hp_gain":0.0,"max_hp_loss":0.0,"gold_gain":0.0,"event_name":"Living Wall","player_choice":"Grow","floor":4.0,"gold_loss":0.0,"damage_taken":0.0,"cards_upgraded":["HandOfGreed"]},{"damage_healed":0,"gold_gain":0,"player_choice":"Searched \u00271\u0027 times","damage_taken":0,"max_hp_gain":0,"max_hp_loss":0,"event_name":"Dead Adventurer","floor":11,"gold_loss":0},{"cards_removed":["Strike_G"],"damage_healed":0,"gold_gain":0,"player_choice":"Card Removal","damage_taken":0,"max_hp_gain":0,"max_hp_loss":0,"event_name":"The Cleric","floor":13,"gold_loss":75},{"damage_healed":0,"gold_gain":0,"player_choice":"Opened","damage_taken":0,"relics_obtained":["Shovel"],"max_hp_gain":0,"max_hp_loss":0,"event_name":"The Mausoleum","floor":19,"gold_loss":0,"cards_obtained":["Writhe"]},{"damage_healed":0,"gold_gain":0,"player_choice":"Upgraded","damage_taken":0,"max_hp_gain":0,"max_hp_loss":0,"event_name":"Upgrade Shrine","floor":21,"gold_loss":0,"cards_upgraded":["Night Terror"]}],"is_beta":false,"boss_relics":[{"not_picked":["Calling Bell","Snecko Eye"],"picked":"Black Star"}],"items_purged_floors":[],"is_endless":false,"potions_floor_spawned":[2,6,11,12,20],"killed_by":"Gremlin Leader","ascension_level":20}}