{"host":"yml0ux6c8lqydjlc","time":1613422369,"event":{"mods":["Aspiration","BaseMod","Conspire","Downfall","Hermit","Jedi Mod","Minty Spire (QoL Compilation)","Robot Space Explorer","StSLib"],"gold_per_floor":[114,114,130,55,67,67,100,100,100,117,117,127,127,139,139,235,235,254,254,10,10,22,33,33,46,46,66,66,66,77,91,91,195,195,208,83,98,98,98],"floor_reached":38,"language":"ENG","playtime":2798,"items_purged":["Strike_R","Strike_R","Strike_R"],"score":370,"play_id":"01d3645a-039c-4830-844e-515cae71d499","local_time":"20210215155249","is_ascension_mode":false,"campfire_choices":[{"data":"conspire:Charge","floor":6,"key":"SMITH"},{"data":"Hemokinesis","floor":8,"key":"SMITH"},{"data":"Clash","floor":13,"key":"SMITH"},{"data":"Rage","floor":15,"key":"SMITH"},{"data":"Searing Blow+1","floor":24,"key":"SMITH"},{"floor":29,"key":"REST"},{"floor":32,"key":"REST"}],"circlet_count":0,"master_deck":["Strike_R","Strike_R","Defend_R","Defend_R","Defend_R","Defend_R","Bash","Hemokinesis+1","Pommel Strike","conspire:Charge+1","Clash+1","Rage+1","Reaper","Searing Blow+2","Intimidate","Headbutt","Armaments+1","Thunderclap+1","Impervious","CurseOfTheBell","Armaments+1"],"relics":["Burning Blood","Boot","Shuriken","conspire:DecoderRing","MutagenicStrength","jedi:shrinkray","Torii","Calling Bell","conspire:Boomerang","HornCleat","Centennial Puzzle"],"acts_visited":["Exordium","TheCity","TheBeyond"],"potions_floor_usage":[23,31,33,33],"damage_taken":[{"damage":10,"enemies":"Jaw Worm","floor":1,"turns":6},{"damage":4,"enemies":"conspire:RoseBush","floor":3,"turns":3},{"damage":7,"enemies":"Small Slimes","floor":5,"turns":3},{"damage":18,"enemies":"conspire:MimicChest","floor":7,"turns":8},{"damage":10,"enemies":"Red Slaver","floor":10,"turns":3},{"damage":3,"enemies":"3 Louse","floor":12,"turns":2},{"damage":14,"enemies":"conspire:2 RoseBushes","floor":14,"turns":2},{"damage":24,"enemies":"Slime Boss","floor":16,"turns":6},{"damage":2,"enemies":"Shell Parasite","floor":18,"turns":3},{"damage":13,"enemies":"Chosen","floor":22,"turns":5},{"damage":30,"enemies":"conspire:HollyBat","floor":23,"turns":7},{"damage":40,"enemies":"Sentry and Sphere","floor":25,"turns":6},{"damage":11,"enemies":"Snake Plant","floor":27,"turns":4},{"damage":23,"enemies":"Centurion and Healer","floor":30,"turns":5},{"damage":12,"enemies":"Shelled Parasite and Fungi","floor":31,"turns":6},{"damage":59,"enemies":"Automaton","floor":33,"turns":10},{"damage":32,"enemies":"3 Darklings","floor":35,"turns":5},{"damage":30,"enemies":"3 Shapes","floor":37,"turns":5},{"damage":59,"enemies":"Transient","floor":38,"turns":4}],"seed_played":"-8682825851706263464","potions_obtained":[{"floor":1,"key":"Dexterity Potion"},{"floor":10,"key":"champ:CounterPotion"},{"floor":18,"key":"jedi:StrikingPotion"},{"floor":22,"key":"Regen Potion"},{"floor":23,"key":"Weak Potion"}],"is_trial":false,"path_per_floor":["M","?","M","$","M","R","?","R","T","M","?","M","R","M","R","B",null,"M","?","$","?","M","M","R","M","T","M","?","R","M","M","R","B",null,"M","$","M","M"],"character_chosen":"IRONCLAD","items_purchased":["jedi:shrinkray"],"campfire_rested":2,"item_purchase_floors":[20],"current_hp_per_floor":[76,81,83,83,82,82,70,70,70,66,66,69,69,61,61,43,85,85,85,85,85,80,61,61,34,34,34,34,59,52,51,76,29,85,60,60,36,0,0],"gold":98,"neow_bonus":"RANDOM_COMMON_RELIC","is_daily":false,"chose_seed":false,"campfire_upgraded":5,"win_rate":0.0,"timestamp":1613422369,"path_taken":["M","?","M","$","M","R","?","R","T","?","?","M","R","M","R","BOSS","M","?","$","?","M","M","R","M","T","M","?","R","M","M","R","BOSS","M","$","M","M"],"items_purchased_type":["Relic"],"build_version":"2020-12-22","purchased_purges":3,"victory":false,"max_hp_per_floor":[80,85,85,85,85,85,85,85,85,85,85,85,85,85,85,85,85,85,85,85,85,85,85,85,85,85,85,85,85,85,85,85,85,85,85,85,85,85,85],"card_choices":[{"not_picked":["Disarm","Wild Strike"],"picked":"Hemokinesis","floor":1},{"not_picked":["Reckless Charge","Shrug It Off"],"picked":"Pommel Strike","floor":3},{"not_picked":["Rage","Anger"],"picked":"conspire:Charge","floor":5},{"not_picked":["Body Slam","jedi:suffering","Feel No Pain"],"picked":"SKIP","floor":10},{"not_picked":["jedi:collectorstrike","Perfected Strike"],"picked":"Clash","floor":12},{"not_picked":["True Grit","Twin Strike"],"picked":"Rage","floor":14},{"not_picked":["Fiend Fire","Impervious"],"picked":"Reaper","floor":16},{"not_picked":["Combust","Carnage"],"picked":"Searing Blow+1","floor":18},{"not_picked":["Body Slam","Feel No Pain+1","Searing Blow"],"picked":"SKIP","floor":22},{"not_picked":["Headbutt","Twin Strike+1"],"picked":"Intimidate","floor":23},{"not_picked":["Anger","jedi:controlledanger"],"picked":"Headbutt","floor":25},{"not_picked":["jedi:MakeshiftSword","jedi:fear+1"],"picked":"Armaments+1","floor":27},{"not_picked":["Second Wind","Entrench","Clothesline"],"picked":"SKIP","floor":30},{"not_picked":["Metallicize","Reckless Charge"],"picked":"Thunderclap+1","floor":31},{"not_picked":["jedi:bloodyhammer","Immolate"],"picked":"Impervious","floor":33},{"not_picked":["True Grit","Anger+1"],"picked":"Armaments+1","floor":35},{"not_picked":["Cleave","Combust+1","Dark Embrace"],"picked":"SKIP","floor":37}],"player_experience":93264,"relics_obtained":[{"floor":7,"key":"Shuriken"},{"floor":9,"key":"conspire:DecoderRing"},{"floor":26,"key":"Torii"},{"floor":34,"key":"conspire:Boomerang"},{"floor":34,"key":"HornCleat"},{"floor":34,"key":"Centennial Puzzle"}],"event_choices":[{"damage_healed":0,"gold_gain":0,"player_choice":"Donut","damage_taken":0,"max_hp_gain":5,"max_hp_loss":0,"event_name":"Big Fish","floor":2,"gold_loss":0},{"damage_healed":0,"gold_gain":0,"player_choice":"Disagree","damage_taken":0,"max_hp_gain":0,"max_hp_loss":0,"event_name":"conspire:LoneGhost","floor":11,"gold_loss":0},{"damage_healed":0,"gold_gain":0,"player_choice":"Inject Mutagens","damage_taken":0,"relics_obtained":["MutagenicStrength"],"max_hp_gain":0,"max_hp_loss":0,"event_name":"Drug Dealer","floor":19,"gold_loss":0},{"damage_healed":0,"gold_gain":0,"player_choice":"Ignored","damage_taken":0,"max_hp_gain":0,"max_hp_loss":0,"event_name":"Ghosts","floor":21,"gold_loss":0}],"is_beta":false,"boss_relics":[{"not_picked":["jedi:battlestandard","Cursed Key","aspiration:SilentSkillbook"]},{"not_picked":["conspire:SeveredTorchhead","Mark of Pain"],"picked":"Calling Bell"}],"items_purged_floors":[4,20,36],"is_endless":false,"potions_floor_spawned":[1,10,14,18,22,23],"killed_by":"Transient","ascension_level":0}}