{"host":"6z6y4ky8uzsz1dpj","time":1613418495,"event":{"mods":["AchievementEnabler","BaseMod","BetterRewards","Challenge The Spire","Colored Map","Hubris","Minty Spire (QoL Compilation)","Quick Restart","Relic Stats","Replay The Spire","StSLib"],"gold_per_floor":[115,115,115,115,89,116,116,141,167,194,205,225,240,275,275,374,374,374,374,374,374,374,374,374,117,117,117,117,117,117,117,117,117,117,117,117,117,117,0,0,0,0,0,0,0,0,0,0,0,0],"floor_reached":51,"language":"ENG","playtime":5610,"items_purged":["Strike_G","Strike_G"],"score":1383,"play_id":"93c664f9-221b-429e-82d7-4a6583aa4de8","local_time":"20210215144815","is_ascension_mode":true,"campfire_choices":[{"data":"Cloak And Dagger","floor":7,"key":"SMITH"},{"floor":15,"key":"REST"},{"data":"Blade Dance","floor":29,"key":"SMITH"},{"floor":32,"key":"REST"},{"data":"1","floor":49,"key":"LIFT"}],"circlet_count":0,"master_deck":["AscendersBane","Strike_G","Strike_G","Defend_G","Defend_G","Defend_G","Defend_G","Defend_G","Survivor","Neutralize","Cloak And Dagger+1","Master of Strategy","Underhanded Strike","Blade Dance+1","Dodge and Roll","Hidden Blade","Hidden Blade","Corpse Explosion","Backflip+1","Blade Dance","ReplayTheSpireMod:Scrap Shanks","Calculated Gamble","Cloak And Dagger+1","Cloak And Dagger+1","Tools of the Trade","CurseOfTheBell","Blade Dance+1","JustLucky","Expertise+1","CutThroughFate","Prepared+1","Blade Dance+1","ReplayTheSpireMod:Scrap Shanks+1"],"relics":["Ring of the Snake","Basket Of Snakes","hubris:Towel","ReplayTheSpireMod:Ninjato","Boot","Anchor","Pet Ghost","TungstenRod","Ectoplasm","ReplayTheSpireMod:TigerMarble","hubris:SlimyHat","Replay:Bottled Steam","Toxic Egg 2","Calling Bell","Nunchaku","Counterbalance","hubris:DisguiseKit","Red Mask","Mummified Hand","Girya","Bag of Preparation","hubris:GlazedTorus"],"acts_visited":["Exordium","TheCity","TheBeyond"],"potions_floor_usage":[10,23,24],"damage_taken":[{"damage":0,"enemies":"Jaw Worm","floor":1,"turns":4},{"damage":21,"enemies":"Gremlin Nob","floor":6,"turns":4},{"damage":8,"enemies":"Replay:BlueRogue","floor":10,"turns":4},{"damage":0,"enemies":"Cultist","floor":11,"turns":2},{"damage":0,"enemies":"2 Louse","floor":12,"turns":2},{"damage":0,"enemies":"Exordium Thugs","floor":13,"turns":3},{"damage":16,"enemies":"Gremlin Nob","floor":14,"turns":3},{"damage":7,"enemies":"Hexaghost","floor":16,"turns":6},{"damage":5,"enemies":"Spheric Guardian","floor":18,"turns":4},{"damage":0,"enemies":"Shell Parasite","floor":19,"turns":5},{"damage":0,"enemies":"Snake Plant","floor":21,"turns":3},{"damage":4,"enemies":"Centurion and Healer","floor":22,"turns":3},{"damage":23,"enemies":"Gremlin Leader","floor":23,"turns":5},{"damage":0,"enemies":"Shelled Parasite and Fungi","floor":24,"turns":3},{"damage":0,"enemies":"Snake Plant","floor":27,"turns":3},{"damage":0,"enemies":"Replay:Snechameleon","floor":28,"turns":2},{"damage":4,"enemies":"Sentry and Sphere","floor":31,"turns":3},{"damage":14,"enemies":"Automaton","floor":33,"turns":3},{"damage":3,"enemies":"3 Shapes","floor":35,"turns":4},{"damage":0,"enemies":"Orb Walker","floor":36,"turns":1},{"damage":5,"enemies":"Nemesis","floor":40,"turns":3},{"damage":0,"enemies":"Sphere and 2 Shapes","floor":41,"turns":2},{"damage":0,"enemies":"Transient","floor":42,"turns":4},{"damage":0,"enemies":"R_Hoarder","floor":44,"turns":2},{"damage":0,"enemies":"Maw","floor":45,"turns":2},{"damage":0,"enemies":"Jaw Worm Horde","floor":46,"turns":1},{"damage":0,"enemies":"Giant Head","floor":47,"turns":3},{"damage":6,"enemies":"4 Shapes","floor":48,"turns":3},{"damage":0,"enemies":"Replay:Hell Engine","floor":50,"turns":2}],"seed_played":"4286432126159153340","potions_obtained":[{"floor":1,"key":"SneckoOil"},{"floor":6,"key":"Doom Potion"},{"floor":14,"key":"SmokeBomb"},{"floor":23,"key":"SkillPotion"},{"floor":24,"key":"Ancient Potion"},{"floor":44,"key":"DistilledChaos"}],"is_trial":false,"path_per_floor":["M","?","$","?","$","E","R","T","T","E","M","M","M","E","R","B",null,"M","M","?","M","M","E","M","$","T","M","E","R","?","M","R","B",null,"M","M","$","?","?","E","M","M","T","E","M","M","E","M","R","B",null],"character_chosen":"THE_SILENT","items_purchased":["Cloak And Dagger","Master of Strategy","Blade Dance","hubris:SlimyHat"],"campfire_rested":2,"item_purchase_floors":[0,0,5,25],"current_hp_per_floor":[63,63,63,63,63,42,42,42,42,34,34,34,34,18,39,32,61,56,56,56,56,52,29,29,29,29,29,29,29,29,25,46,32,61,58,58,58,58,58,53,53,53,53,53,53,53,53,47,47,47],"gold":0,"neow_bonus":"","is_daily":false,"chose_seed":false,"campfire_upgraded":2,"win_rate":0.0,"timestamp":1613418495,"path_taken":["M","?","?","?","$","E","R","?","T","E","?","M","?","E","R","BOSS","M","M","?","M","M","E","?","$","T","M","E","R","?","M","R","BOSS","M","M","$","?","?","E","M","M","T","E","M","M","E","M","R","BOSS"],"items_purchased_type":["Card","Card","Card","Relic"],"build_version":"2020-12-22","purchased_purges":2,"victory":true,"max_hp_per_floor":[70,70,70,70,70,70,70,70,70,70,70,70,70,70,70,70,70,70,70,70,70,70,70,70,70,70,70,70,70,70,70,70,70,70,70,70,70,66,66,66,66,66,66,66,66,66,66,66,66,66],"relic_stats":{"Nunchaku":[32],"counters":[71,332],"Mummified Hand":[15],"Ectoplasm":442,"Bag of Preparation":[34],"Boot":[589],"obtain_stats":[{"Lantern":28,"Tiny House":17,"Calipers":0,"Gremlin Horn":23,"hubris:VirtuousBlindfold":17,"Bag of Preparation":25,"hubris:SlimyHat":25,"Boot":8,"Pet Ghost":7,"Tough Bandages":41,"Nunchaku":34,"HornCleat":38,"Mummified Hand":40,"Iron Hammer":9,"Red Mask":39,"Kunai":43,"Toxic Egg 2":28,"Ring of the Snake":0,"Replay:Bottled Steam":26,"hubris:GlazedTorus":47,"Gremlin Food":8,"hubris:DisguiseKit":34,"Girya":43,"ReplayTheSpireMod:Ninjato":6,"Counterbalance":0,"Quantum Egg":31,"Guide Book":36,"Basket Of Snakes":0,"Oddly Smooth Stone":25,"hubris:SphereOfDissonance":48,"hubris:Towel":21,"Frozen Egg 2":28,"Orichalcum":29,"MawBank":26,"Akabeko":24,"Calling Bell":34,"SlaversCollar":34,"CaptainsWheel":0,"Anchor":9,"ReplayTheSpireMod:Shallot":26,"hubris:PeanutButter":28,"Ectoplasm":17,"ReplayTheSpireMod:TigerMarble":23,"Membership Card":0,"hubris:Potato":14,"hubris:OldNail":10,"TungstenRod":14},{"Lantern":14,"Tiny House":8,"Calipers":16,"Gremlin Horn":12,"hubris:VirtuousBlindfold":25,"Bag of Preparation":30,"hubris:SlimyHat":56,"Boot":44,"Pet Ghost":4,"Tough Bandages":39,"Nunchaku":60,"HornCleat":37,"Mummified Hand":63,"Iron Hammer":4,"Red Mask":62,"Kunai":39,"Toxic Egg 2":58,"Ring of the Snake":0,"Replay:Bottled Steam":56,"hubris:GlazedTorus":69,"Gremlin Food":21,"hubris:DisguiseKit":60,"Girya":65,"ReplayTheSpireMod:Ninjato":44,"Counterbalance":16,"Quantum Egg":34,"Guide Book":36,"Basket Of Snakes":42,"Oddly Smooth Stone":13,"hubris:SphereOfDissonance":41,"hubris:Towel":11,"Frozen Egg 2":31,"Orichalcum":32,"MawBank":30,"Akabeko":29,"Calling Bell":60,"SlaversCollar":35,"CaptainsWheel":0,"Anchor":44,"ReplayTheSpireMod:Shallot":13,"hubris:PeanutButter":31,"Ectoplasm":50,"ReplayTheSpireMod:TigerMarble":55,"Membership Card":16,"hubris:Potato":7,"hubris:OldNail":22,"TungstenRod":49},{"Lantern":76,"Tiny House":42,"Calipers":85,"Gremlin Horn":65,"hubris:VirtuousBlindfold":140,"Bag of Preparation":168,"hubris:SlimyHat":294,"Boot":251,"Pet Ghost":17,"Tough Bandages":223,"Nunchaku":305,"HornCleat":211,"Mummified Hand":313,"Iron Hammer":17,"Red Mask":310,"Kunai":223,"Toxic Egg 2":299,"Ring of the Snake":0,"Replay:Bottled Steam":294,"hubris:GlazedTorus":327,"Gremlin Food":113,"hubris:DisguiseKit":305,"Girya":319,"ReplayTheSpireMod:Ninjato":251,"Counterbalance":85,"Quantum Egg":190,"Guide Book":206,"Basket Of Snakes":243,"Oddly Smooth Stone":70,"hubris:SphereOfDissonance":235,"hubris:Towel":56,"Frozen Egg 2":173,"Orichalcum":179,"MawBank":168,"Akabeko":162,"Calling Bell":305,"SlaversCollar":201,"CaptainsWheel":0,"Anchor":251,"ReplayTheSpireMod:Shallot":70,"hubris:PeanutButter":173,"Ectoplasm":271,"ReplayTheSpireMod:TigerMarble":291,"Membership Card":85,"hubris:Potato":31,"hubris:OldNail":121,"TungstenRod":265}],"TungstenRod":19,"Ring of the Snake":[142]},"card_choices":[{"not_picked":["Quick Slash","Dagger Throw","hubris:SlightOfHand"],"picked":"SKIP","floor":1},{"not_picked":["Distraction","Terror"],"picked":"Dodge and Roll","floor":6},{"not_picked":["PiercingWail","Well Laid Plans","Outmaneuver"],"picked":"SKIP","floor":10},{"not_picked":["Skewer","Bullet Time","Bouncing Flask"],"picked":"SKIP","floor":11},{"not_picked":["Deflect","Reflex"],"picked":"Hidden Blade","floor":12},{"not_picked":["Poisoned Stab","PiercingWail"],"picked":"Hidden Blade","floor":13},{"not_picked":["Bane","hubris:Counter","Blur"],"picked":"SKIP","floor":14},{"not_picked":["Atom Bomb","Unload"],"picked":"Corpse Explosion","floor":16},{"not_picked":["Dagger Throw","Riddle With Holes"],"picked":"Backflip+1","floor":18},{"not_picked":["Bane","Dodge and Roll"],"picked":"Blade Dance","floor":19},{"not_picked":["ReplayTheSpireMod:The Works","Sucker Punch+1","Acrobatics"],"picked":"SKIP","floor":21},{"not_picked":["Quick Slash","Flying Knee","Backflip"],"picked":"SKIP","floor":22},{"not_picked":["Dagger Throw","Acrobatics+1","Outmaneuver"],"picked":"SKIP","floor":23},{"not_picked":["Deflect","Hidden Blade"],"picked":"ReplayTheSpireMod:Scrap Shanks","floor":24},{"not_picked":["Heel Hook","ReplayTheSpireMod:The Works"],"picked":"Calculated Gamble","floor":27},{"not_picked":["Storm of Steel+1","Escape Plan+1"],"picked":"Cloak And Dagger+1","floor":28},{"not_picked":["Underhanded Strike","Skewer","Acrobatics+1"],"picked":"SKIP","floor":31},{"not_picked":["After Image","Unload"],"picked":"Tools of the Trade","floor":33},{"not_picked":["Flying Knee","Poisoned Stab+1","Slice","SandsOfTime"],"picked":"SKIP","floor":35},{"not_picked":["Underhanded Strike","Slice+1","Protect"],"picked":"Blade Dance+1","floor":36},{"not_picked":["Draining Mist+1","Quick Slash","Bane"],"picked":"JustLucky","floor":40},{"not_picked":["Masterful Stab+1","Dodge and Roll+1","DevaForm"],"picked":"Expertise+1","floor":41},{"not_picked":["Choke","Malaise+1","Bouncing Flask+1"],"picked":"CutThroughFate","floor":42},{"not_picked":["Quick Slash+1","Outmaneuver+1","Dagger Spray","EmptyBody"],"picked":"SKIP","floor":44},{"not_picked":["Bane+1","ReplayTheSpireMod:Speed Training+1","Evaluate"],"picked":"Prepared+1","floor":45},{"not_picked":["Eviscerate+1","Malaise+1","Slice+1","FlurryOfBlows"],"picked":"SKIP","floor":46},{"not_picked":["Outmaneuver+1","Underhanded Strike","CarveReality"],"picked":"Blade Dance+1","floor":47},{"not_picked":["hubris:Sniper+1","Outmaneuver+1","Replay:Anticipation"],"picked":"ReplayTheSpireMod:Scrap Shanks+1","floor":48}],"player_experience":618308,"relics_obtained":[{"floor":6,"key":"ReplayTheSpireMod:Ninjato"},{"floor":8,"key":"Boot"},{"floor":9,"key":"Anchor"},{"floor":10,"key":"Pet Ghost"},{"floor":14,"key":"TungstenRod"},{"floor":23,"key":"ReplayTheSpireMod:TigerMarble"},{"floor":26,"key":"Replay:Bottled Steam"},{"floor":28,"key":"Toxic Egg 2"},{"floor":34,"key":"Nunchaku"},{"floor":34,"key":"Counterbalance"},{"floor":34,"key":"hubris:DisguiseKit"},{"floor":40,"key":"Mummified Hand"},{"floor":43,"key":"Girya"},{"floor":44,"key":"Bag of Preparation"},{"floor":47,"key":"hubris:GlazedTorus"}],"event_choices":[{"damage_healed":0,"gold_gain":0,"cards_transformed":["Strike_G"],"player_choice":"Transformed","damage_taken":0,"max_hp_gain":0,"max_hp_loss":0,"event_name":"Transmorgrifier","floor":2,"gold_loss":0,"cards_obtained":["Underhanded Strike"]},{"damage_healed":0,"gold_gain":0,"player_choice":"Bought 0 Potions","damage_taken":0,"max_hp_gain":0,"max_hp_loss":0,"event_name":"The Woman in Blue","floor":20,"gold_loss":0},{"damage_healed":0,"gold_gain":0,"player_choice":"Max HP","damage_taken":0,"max_hp_gain":0,"max_hp_loss":4,"event_name":"Winding Halls","floor":38,"gold_loss":0},{"damage_healed":0,"gold_gain":0,"player_choice":"Paid","damage_taken":0,"relics_obtained":["Red Mask"],"max_hp_gain":0,"max_hp_loss":0,"event_name":"Tomb of Lord Red Mask","floor":39,"gold_loss":117}],"is_beta":false,"boss_relics":[{"not_picked":["Runic Pyramid","Ring of Chaos"],"picked":"Ectoplasm"},{"not_picked":["Runic Dome","hubris:BlackHole"],"picked":"Calling Bell"}],"items_purged_floors":[0,25],"is_endless":false,"potions_floor_spawned":[1,6,14,21,23,24,28,33,44,46,47,48],"ascension_level":11}}