{"host":"hemqwg9ve6welna9","time":1613368827,"event":{"mods":["AchievementEnabler","BaseMod","Bestiary","Better Match","Better Third Choice","BetterRewards","Dio Mod","Downfall","Highlight Path","Minty Spire (QoL Compilation)","Permanent Neow","Potionbrewer","Quick Restart","Rare Cards Sparkle","Relic Stats","SOS???????","StSLib","SuperFastMode","Td1madao Mod","The Bug Knight","The Disciple","The Forsaken","The Senshi","The Wild Card"],"gold_per_floor":[132,132,157,194,194,194,229,131,131,166,166,166,220,185,185,324,324,355,376,423,423,462,462,462,353,401,401,465,502,502,304,304,304,304],"floor_reached":33,"language":"ENG","playtime":2400,"items_purged":["Regret"],"score":365,"play_id":"7e82c809-a163-4339-9cc4-4e13a4d40d7e","local_time":"20210215000027","is_ascension_mode":false,"campfire_choices":[{"data":"Straight","floor":6,"key":"SMITH"},{"data":"Swordmaster","floor":15,"key":"SMITH"},{"data":"Whiteorb","floor":23,"key":"SMITH"},{"data":"Trickster","floor":27,"key":"SMITH"},{"data":"Darkslayer","floor":32,"key":"SMITH"}],"circlet_count":0,"master_deck":["Attack_a","Attack_a","Attack_b","Shoot","Shoot","Provocation+1","Defend_Dante","Defend_Dante","Defend_Dante","Defend_Dante","Redorb+1","Chargeshoot","Lucifer","Straight+1","Millionstab","LucifercomboA","Chargeshoot","Swordmaster+1","Pandora","Trickster+1","Gunstinger","Whiteorb+1","Chargeshoot2","LucifercomboD","downfall:Bewildered","Royaldefend","Darkslayer+1","Gilgamesh","Dash1"],"relics":["SSS","Combocheck","FossilizedHelix","Lantern","Ornamental Fan","bronze:MakeshiftBattery","sneckomod:BabySnecko","Oddly Smooth Stone","TungstenRod","SsserpentHead","theSenshi:SailorFukuRelic"],"acts_visited":["Exordium","TheCity"],"potions_floor_usage":[7,7,7,7,16,19,19,19,19,22,28,33,33,33],"damage_taken":[{"damage":7,"enemies":"Jaw Worm","floor":1,"turns":5},{"damage":8,"enemies":"Cultist","floor":3,"turns":5},{"damage":0,"enemies":"Small Slimes","floor":4,"turns":2},{"damage":3,"enemies":"Lagavulin","floor":7,"turns":3},{"damage":0,"enemies":"Exordium Thugs","floor":10,"turns":2},{"damage":0,"enemies":"Red Slaver","floor":13,"turns":3},{"damage":0,"enemies":"Slime Boss","floor":16,"turns":5},{"damage":0,"enemies":"Chosen","floor":18,"turns":3},{"damage":0,"enemies":"Cultist and Chosen","floor":19,"turns":4},{"damage":9,"enemies":"Shelled Parasite and Fungi","floor":20,"turns":2},{"damage":7,"enemies":"Snake Plant","floor":22,"turns":4},{"damage":0,"enemies":"Book of Stabbing","floor":28,"turns":3},{"damage":0,"enemies":"Snecko","floor":29,"turns":2},{"damage":71,"enemies":"Automaton","floor":33,"turns":6}],"seed_played":"2187418197894225214","potions_obtained":[{"floor":2,"key":"Strength Potion"},{"floor":2,"key":"DistilledChaos"},{"floor":2,"key":"EntropicBrew"},{"floor":3,"key":"potionbrewer:SplittingPotion"},{"floor":7,"key":"potionbrewer:ToxicPotion"},{"floor":13,"key":"Energy Potion"},{"floor":16,"key":"Explosive Potion"},{"floor":19,"key":"SkillPotion"},{"floor":28,"key":"AttackPotion"},{"floor":29,"key":"hexamod:SoulburnPotion"}],"is_trial":false,"path_per_floor":["M","?","M","M","?","R","E","$","T","M","?","?","M","$","R","B",null,"M","M","M","?","M","R","?","$","T","R","E","M","?","$","R","B"],"character_chosen":"DANTE","items_purchased":["LucifercomboA","Pandora","Royaldefend","DuplicationPotion","theSenshi:SailorFukuRelic","Dash1"],"campfire_rested":0,"item_purchase_floors":[8,14,25,25,31,31],"current_hp_per_floor":[73,73,65,65,65,65,62,62,62,62,62,62,62,62,62,62,80,80,80,71,71,64,64,64,64,64,64,64,64,64,64,64,0,0],"gold":304,"neow_bonus":"UPGRADE_CARD","is_daily":false,"chose_seed":false,"campfire_upgraded":5,"win_rate":0.0,"timestamp":1613368827,"path_taken":["M","?","?","M","?","R","E","?","T","?","?","?","M","$","R","BOSS","M","M","?","?","M","R","?","?","T","R","E","M","?","$","R","BOSS"],"items_purchased_type":["Card","Card","Card","Potion","Relic","Card"],"build_version":"2020-12-22","purchased_purges":1,"victory":false,"max_hp_per_floor":[80,80,80,80,80,80,80,80,80,80,80,80,80,80,80,80,80,80,80,80,80,80,80,80,80,80,80,80,80,80,80,80,80,80],"relic_stats":{"SsserpentHead":0,"counters":[14,49],"Ornamental Fan":[100],"obtain_stats":[{"sneckomod:BabySnecko":24,"SsserpentHead":30,"SSS":0,"Lantern":7,"Ornamental Fan":9,"Oddly Smooth Stone":26,"theSenshi:SailorFukuRelic":31,"FossilizedHelix":5,"bronze:MakeshiftBattery":17,"TungstenRod":28,"Combocheck":0},{"sneckomod:BabySnecko":11,"SsserpentHead":13,"SSS":0,"Lantern":4,"Ornamental Fan":4,"Oddly Smooth Stone":11,"theSenshi:SailorFukuRelic":13,"FossilizedHelix":3,"bronze:MakeshiftBattery":7,"TungstenRod":12,"Combocheck":0},{"sneckomod:BabySnecko":38,"SsserpentHead":43,"SSS":0,"Lantern":15,"Ornamental Fan":15,"Oddly Smooth Stone":38,"theSenshi:SailorFukuRelic":43,"FossilizedHelix":12,"bronze:MakeshiftBattery":25,"TungstenRod":41,"Combocheck":0}],"TungstenRod":3},"card_choices":[{"not_picked":["Rebellion","Lucifer"],"picked":"Chargeshoot","floor":1},{"not_picked":["Gilgamesh","SSScard"],"picked":"Lucifer","floor":3},{"not_picked":["Hightime","Chargeshoot2"],"picked":"Straight","floor":4},{"not_picked":["Airtrick","Doubleshoot"],"picked":"Millionstab","floor":7},{"not_picked":["Shock","Doubleshoot"],"picked":"Chargeshoot","floor":10},{"not_picked":["Unrisingdragon","Millionstab"],"picked":"Swordmaster","floor":13},{"not_picked":["Goldorb","Blueorb"],"picked":"Trickster","floor":16},{"not_picked":["LucifercomboD","Straight"],"picked":"Gunstinger","floor":18},{"not_picked":["DevilstarS+1","Royaldefend"],"picked":"Whiteorb","floor":19},{"not_picked":["Fullhouse+1","Millionkick"],"picked":"Chargeshoot2","floor":20},{"not_picked":["Pandora","CoyoteA"],"picked":"LucifercomboD","floor":22},{"not_picked":["BeastUppercut","VitalstarM"],"picked":"Darkslayer","floor":28},{"not_picked":["Millionkick","BeastUppercut"],"picked":"Gilgamesh","floor":29}],"player_experience":4927,"relics_obtained":[{"floor":7,"key":"Lantern"},{"floor":9,"key":"Ornamental Fan"},{"floor":26,"key":"Oddly Smooth Stone"},{"floor":28,"key":"TungstenRod"}],"event_choices":[{"damage_healed":0,"gold_gain":0,"player_choice":"Got Potions","damage_taken":0,"max_hp_gain":0,"max_hp_loss":0,"event_name":"Lab","floor":2,"gold_loss":0},{"damage_healed":0,"gold_gain":0,"player_choice":"Box","damage_taken":0,"relics_obtained":["FossilizedHelix"],"max_hp_gain":0,"max_hp_loss":0,"event_name":"Big Fish","floor":5,"gold_loss":0,"cards_obtained":["Regret"]},{"damage_healed":0,"gold_gain":0,"player_choice":"Upgraded","damage_taken":0,"max_hp_gain":0,"max_hp_loss":0,"event_name":"Upgrade Shrine","floor":12,"gold_loss":0,"cards_upgraded":["Provocation"]},{"damage_healed":0,"gold_gain":0,"player_choice":"Simplicity","damage_taken":0,"max_hp_gain":0,"max_hp_loss":0,"event_name":"betterThird:BetterWriting","floor":21,"gold_loss":0},{"damage_healed":0,"gold_gain":0,"player_choice":"Trade","damage_taken":0,"relics_obtained":["SsserpentHead"],"max_hp_gain":0,"max_hp_loss":0,"event_name":"FaceTrader","floor":30,"gold_loss":0}],"is_beta":false,"boss_relics":[{"not_picked":["Empty Cage","Philosopher\u0027s Stone"],"picked":"bronze:MakeshiftBattery"}],"items_purged_floors":[8],"is_endless":false,"potions_floor_spawned":[3,7,13,16,19,28,29],"killed_by":"Automaton","ascension_level":0}}