{"host":"dcj2yvrgcvh5dl2s","time":1613378216,"event":{"mods":["BaseMod","Bestiary","Better Note","Block Reminder","Colored Powertips","Curses Come First","DeckTracker","Displayed Cursed Tome","Minty Spire (QoL Compilation)","Quick Restart","Rare Cards Sparkle","Relic Stats","StSLib"],"gold_per_floor":[111,35,35,35,35,35,55,55,130,162,162,187,201,232,232,232,232],"floor_reached":16,"language":"ENG","playtime":604,"items_purged":[],"score":183,"play_id":"7aed3d6c-9ba1-495b-b8f1-0ef473f1e7e3","local_time":"20210215183656","is_ascension_mode":true,"campfire_choices":[{"floor":6,"key":"REST"},{"data":"Cloak And Dagger","floor":11,"key":"SMITH"},{"floor":15,"key":"REST"}],"circlet_count":0,"master_deck":["Strike_G","Strike_G","Strike_G","Strike_G","Defend_G","Defend_G","Defend_G","Defend_G","Defend_G","Survivor","Neutralize+1","Predator","Catalyst","Cloak And Dagger+1","Escape Plan","PiercingWail","Footwork","PiercingWail","Noxious Fumes"],"relics":["Ring of the Snake","NeowsBlessing","Art of War","The Courier","Bottled Flame","Akabeko","HornCleat","Dream Catcher"],"acts_visited":["Exordium"],"potions_floor_usage":[12,16,16],"damage_taken":[{"damage":0,"enemies":"Jaw Worm","floor":1,"turns":1},{"damage":0,"enemies":"2 Louse","floor":7,"turns":1},{"damage":0,"enemies":"Lagavulin","floor":10,"turns":1},{"damage":19,"enemies":"3 Sentries","floor":12,"turns":9},{"damage":0,"enemies":"Cultist","floor":13,"turns":2},{"damage":18,"enemies":"Gremlin Nob","floor":14,"turns":4},{"damage":51,"enemies":"Slime Boss","floor":16,"turns":5}],"seed_played":"1449788345314812100","potions_obtained":[{"floor":1,"key":"AttackPotion"},{"floor":10,"key":"ColorlessPotion"},{"floor":13,"key":"SkillPotion"},{"floor":14,"key":"GamblersBrew"}],"is_trial":false,"path_per_floor":["M","$","?","?","?","R","M","T","T","E","R","E","M","E","R","B"],"character_chosen":"THE_SILENT","items_purchased":["Catalyst"],"campfire_rested":2,"item_purchase_floors":[2],"current_hp_per_floor":[63,63,63,56,38,59,59,59,59,59,59,40,40,22,43,0,0],"gold":232,"neow_bonus":"THREE_ENEMY_KILL","is_daily":false,"chose_seed":false,"campfire_upgraded":1,"win_rate":0.0,"timestamp":1613378216,"path_taken":["M","$","?","?","?","R","M","?","T","E","R","E","M","E","R","BOSS"],"items_purchased_type":["Card"],"build_version":"2020-12-22","purchased_purges":0,"victory":false,"max_hp_per_floor":[70,70,70,70,70,70,70,70,70,70,70,70,70,70,70,70,70],"relic_stats":{"Dream Catcher":1,"counters":[7,23],"Art of War":[0],"obtain_stats":[{"Bottled Flame":9,"Dream Catcher":14,"HornCleat":12,"NeowsBlessing":0,"The Courier":8,"Art of War":5,"Akabeko":10,"Ring of the Snake":0},{"Bottled Flame":2,"Dream Catcher":6,"HornCleat":4,"NeowsBlessing":0,"The Courier":2,"Art of War":1,"Akabeko":3,"Ring of the Snake":0},{"Bottled Flame":2,"Dream Catcher":18,"HornCleat":12,"NeowsBlessing":0,"The Courier":2,"Art of War":1,"Akabeko":3,"Ring of the Snake":0}],"Ring of the Snake":[14]},"card_choices":[{"not_picked":["Prepared","Dodge and Roll"],"picked":"Predator","floor":1},{"not_picked":["Poisoned Stab","Expertise"],"picked":"Cloak And Dagger","floor":7},{"not_picked":["All Out Attack","Deflect"],"picked":"Escape Plan","floor":10},{"not_picked":["Dagger Spray","Prepared"],"picked":"PiercingWail","floor":12},{"not_picked":["Cloak And Dagger","Underhanded Strike"],"picked":"Footwork","floor":13},{"not_picked":["Dagger Spray","Venomology"],"picked":"PiercingWail","floor":14},{"not_picked":["Outmaneuver","Caltrops"],"picked":"Noxious Fumes","floor":15}],"player_experience":2414451,"relics_obtained":[{"floor":8,"key":"The Courier"},{"floor":9,"key":"Bottled Flame"},{"floor":10,"key":"Akabeko"},{"floor":12,"key":"HornCleat"},{"floor":14,"key":"Dream Catcher"}],"event_choices":[{"damage_healed":0,"gold_gain":0,"player_choice":"Grow","damage_taken":0,"max_hp_gain":0,"max_hp_loss":0,"event_name":"Living Wall","floor":3,"gold_loss":0,"cards_upgraded":["Neutralize"]},{"cards_removed":["Strike_G"],"damage_healed":0,"gold_gain":0,"player_choice":"Card Removal","damage_taken":7,"max_hp_gain":0,"max_hp_loss":0,"event_name":"Golden Wing","floor":4,"gold_loss":0},{"damage_healed":0,"gold_gain":0,"player_choice":"Success","damage_taken":18,"relics_obtained":["Art of War"],"max_hp_gain":0,"max_hp_loss":0,"event_name":"Scrap Ooze","floor":5,"gold_loss":0}],"is_beta":false,"boss_relics":[],"items_purged_floors":[],"is_endless":false,"potions_floor_spawned":[1,10,13,14],"killed_by":"Slime Boss","ascension_level":6}}