{"host":"kiehjq3lc4w5t4uc","time":1613399101,"event":{"mods":["AchievementEnabler","BaseMod","BetterRewards","Colored Map","Colored Powertips","DeckTracker","Good Game Mod","Infinite Spire","Keyboard Shortcuts","Minty Spire (QoL Compilation)","Permanent Neow","Quick Restart","Rare Cards Sparkle","Relic Stats","StSLib","SuperFastMode"],"gold_per_floor":[143,143,143,143,17,17,17,26,26,120,175,245,308,356,356,489,489,544,613,484,454,515,556,583,701,725,775,863,913,913,1024,1024,1186,1186,1186,723,827,985],"floor_reached":39,"language":"KOR","playtime":2188,"items_purged":["Defend_G","Defend_G","Strike_G+1"],"score":1549,"play_id":"dc4fb708-e650-42b1-bce4-cb8bb1af32c8","local_time":"20210215232501","is_ascension_mode":true,"campfire_choices":[{"data":"HandOfGreed","floor":6.0,"key":"SMITH"},{"data":"Envenom","floor":15.0,"key":"SMITH"},{"data":"1","floor":30,"key":"LIFT"},{"data":"Catalyst","floor":32,"key":"SMITH"},{"data":"Tactician","floor":35,"key":"SMITH"}],"circlet_count":0,"master_deck":["Strike_G+1","Defend_G","Survivor","Neutralize","HandOfGreed+1","Finesse","Crippling Poison","Deflect","Terror","Underhanded Strike","Envenom+1","Catalyst+1","Prepared","Escape Plan","Skewer","Poisoned Stab","Bullet Time","Tactician+1","Die Die Die","Finesse","Backflip+1","Underhanded Strike+1","infinitespire:Collect+1","Burst+1","Glass Knife+1","Dodge and Roll+1","Necronomicurse","Blur","Calculated Gamble"],"relics":["SsserpentHead","Bag of Preparation","PureWater","Juzu Bracelet","Coffee Dripper","HoveringKite","Ring of the Snake","Astrolabe","The Courier","Membership Card","Girya","Bronze Scales","Tiny House","Enchiridion","Necronomicon","Du-Vu Doll","Lantern","Champion Belt","Strange Spoon","infinitespire:Bottled Soul","Cauldron","Inserter","Sozu","NlothsMask","TungstenRod","Regal Pillow","Smiling Mask","Burning Blood","Thread and Needle","Charon\u0027s Ashes","infinitespire:EvilPickle","Eternal Feather","infinitespire:Chaos","FaceOfCleric","Bottled Lightning","Busted Crown","Mummified Hand","infinitespire:Beetle Shell","HandDrill","Ancient Tea Set","Paper Crane","infinitespire:CheckeredPen"],"acts_visited":["Exordium","TheCity","TheEnding"],"potions_floor_usage":[31,38,38],"damage_taken":[{"damage":0.0,"enemies":"2 Louse","floor":1.0,"turns":2.0},{"damage":1.0,"enemies":"3 Sentries","floor":10.0,"turns":5.0},{"damage":0.0,"enemies":"Jaw Worm","floor":11.0,"turns":2.0},{"damage":0.0,"enemies":"Lagavulin","floor":12.0,"turns":4.0},{"damage":0.0,"enemies":"Small Slimes","floor":13.0,"turns":1.0},{"damage":0.0,"enemies":"Exordium Thugs","floor":14.0,"turns":3.0},{"damage":9.0,"enemies":"Hexaghost","floor":16.0,"turns":6.0},{"damage":0.0,"enemies":"2 Thieves","floor":18.0,"turns":1.0},{"damage":0.0,"enemies":"Masked Bandits","floor":19.0,"turns":3.0},{"damage":0.0,"enemies":"Spheric Guardian","floor":22.0,"turns":2.0},{"damage":0.0,"enemies":"Snake Plant","floor":23.0,"turns":1.0},{"damage":0.0,"enemies":"Cultist and Chosen","floor":28.0,"turns":2.0},{"damage":3,"enemies":"Nightmare","floor":31,"turns":4},{"damage":0,"enemies":"Collector","floor":33,"turns":4},{"damage":5,"enemies":"Shield and Spear","floor":37,"turns":4},{"damage":26,"enemies":"The Heart","floor":38,"turns":5}],"seed_played":"951412266734896232","potions_obtained":[{"floor":1.0,"key":"SpeedPotion"},{"floor":12.0,"key":"SteroidPotion"},{"floor":16.0,"key":"EssenceOfSteel"},{"floor":19.0,"key":"infinitespire:BlackPotion"},{"floor":25.0,"key":"CunningPotion"},{"floor":25.0,"key":"CultistPotion"}],"is_trial":false,"path_per_floor":["M","?","?","?","$","R","$","?","T","E","M","E","M","M","R","B",null,"M","?","$","?","M","M","T","AVR","T","?","M","?","R","NM","R","B",null,"R","$","E","B",null],"character_chosen":"THE_SILENT","items_purchased":["Snake Skull","infinitespire:Eraser","Bag of Preparation","Pear","Akabeko","Shuriken","Vajra","Bag of Marbles","Finesse","Crippling Poison","Deflect","The Specimen","TwistedFunnel","Finesse","Calculated Gamble","Mummified Hand","infinitespire:Beetle Shell","HandDrill","Ancient Tea Set","Paper Crane"],"campfire_rested":0,"item_purchase_floors":[0,0,0,0,0,0,0,0,0,0,0,5,20,20,36,36,36,36,36,36],"current_hp_per_floor":[73,73,66,50,50,50,50,50,50,49,49,49,49,49,49,40,70,70,70,70,70,70,80,80,85,85,85,86,86,86,87,87,88,88,88,88,89,70],"gold":985,"neow_bonus":"","is_daily":false,"chose_seed":false,"campfire_upgraded":4,"win_rate":0.0,"timestamp":1613399101,"path_taken":["M","?","?","?","?","R","$","?","T","E","M","E","M","M","R","BOSS","M","?","$","?","?","M","?","AVR","T","?","M","?","R","NM","R","BOSS","R","$","E","BOSS"],"items_purchased_type":["Relic","Relic","Relic","Relic","Relic","Relic","Relic","Relic","Card","Card","Card","Relic","Relic","Card","Card","Relic","Relic","Relic","Relic","Relic"],"build_version":"2020-12-22","purchased_purges":3,"victory":true,"max_hp_per_floor":[80,80,80,80,80,80,80,80,80,80,80,80,80,80,80,80,80,80,80,80,80,80,80,80,85,85,85,86,86,86,87,87,88,88,88,88,89,90],"relic_stats":{"Regal Pillow":0,"Inserter":[9],"counters":[52,224],"Astrolabe":["Burst","Glass Knife","Dodge and Roll"],"HoveringKite":[9],"Eternal Feather":0,"Charon\u0027s Ashes":[60],"Bag of Preparation":[44],"Juzu Bracelet":4,"Smiling Mask":-10,"Burning Blood":114,"Sozu":3,"SsserpentHead":100,"Strange Spoon":[83],"Busted Crown":56,"FaceOfCleric":5,"Mummified Hand":[29],"Bronze Scales":[380],"Necronomicon":[12],"HandDrill":[24],"Champion Belt":[146],"obtain_stats":[{"Ice Cream":37,"TwistedFunnel":20,"Mark of the Bloom":46,"Calipers":0,"Tiny House":25,"CeramicFish":24,"Vajra":0,"HoveringKite":25,"infinitespire:Cubic Diamond":2,"Whetstone":6,"Ginger":0,"Old Coin":47,"Blood Vial":42,"Sozu":25,"Lizard Tail":0,"Centennial Puzzle":54,"FaceOfCleric":27,"MealTicket":29,"Prayer Wheel":0,"Fusion Hammer":34,"HandDrill":37,"Necronomicon":25,"Girya":25,"Pear":0,"Astrolabe":25,"Oddly Smooth Stone":0,"Tingsha":6,"Eternal Feather":25,"Pen Nib":53,"Charon\u0027s Ashes":25,"infinitespire:Beetle Shell":36,"Letter Opener":24,"infinitespire:Magic Flask":0,"War Paint":40,"Paper Crane":36,"Akabeko":0,"Du-Vu Doll":40,"infinitespire:EvilPickle":25,"Shuriken":24,"Bronze Scales":27,"Black Star":0,"infinitespire:PuzzleCube":12,"Meat on the Bone":0,"NlothsMask":25,"Lantern":6,"Regal Pillow":25,"Torii":0,"Enchiridion":25,"StoneCalendar":0,"Snake Skull":47,"Incense Burner":0,"Bag of Preparation":42,"Juzu Bracelet":25,"Smiling Mask":25,"Ancient Tea Set":36,"Burning Blood":25,"ClockworkSouvenir":53,"SsserpentHead":25,"Tough Bandages":0,"Dream Catcher":37,"Nunchaku":54,"Mummified Hand":0,"infinitespire:Bottled Soul":25,"Gambling Chip":0,"Red Mask":19,"infinitespire:Eraser":0,"infinitespire:Chaos":25,"Ring of the Snake":0,"Runic Pyramid":17,"Inserter":25,"The Specimen":5,"infinitespire:EmptyRelic":25,"Thread and Needle":53,"PreservedInsect":9,"infinitespire:Joker Card":0,"The Courier":25,"Omamori":43,"infinitespire:CheckeredPen":37,"Orichalcum":8,"Medical Kit":53,"Mercury Hourglass":27,"Strange Spoon":25,"Cauldron":25,"REME:ComplimentaryCards":0,"CaptainsWheel":29,"infinitespire:DarkRift":2,"Busted Crown":17,"Turnip":9,"Art of War":31,"Bag of Marbles":0,"Coffee Dripper":25,"Membership Card":0,"Champion Belt":25,"Bottled Lightning":31,"PureWater":25,"TungstenRod":22},{"Ice Cream":26,"TwistedFunnel":45,"Mark of the Bloom":31,"Calipers":36,"Tiny House":47,"CeramicFish":47,"Vajra":36,"HoveringKite":47,"infinitespire:Cubic Diamond":37,"Whetstone":4,"Ginger":36,"Old Coin":32,"Blood Vial":30,"Sozu":47,"Lizard Tail":5,"Centennial Puzzle":35,"FaceOfCleric":47,"MealTicket":22,"Prayer Wheel":36,"Fusion Hammer":24,"HandDrill":26,"Necronomicon":47,"Girya":47,"Pear":36,"Astrolabe":47,"Oddly Smooth Stone":5,"Tingsha":10,"Eternal Feather":47,"Pen Nib":34,"Charon\u0027s Ashes":47,"infinitespire:Beetle Shell":50,"Letter Opener":18,"infinitespire:Magic Flask":36,"War Paint":29,"Paper Crane":50,"Akabeko":36,"Du-Vu Doll":29,"infinitespire:EvilPickle":47,"Shuriken":18,"Bronze Scales":20,"Black Star":5,"infinitespire:PuzzleCube":40,"Meat on the Bone":5,"NlothsMask":47,"Lantern":10,"Regal Pillow":47,"Torii":5,"Enchiridion":47,"StoneCalendar":5,"Snake Skull":32,"Incense Burner":0,"Bag of Preparation":30,"Juzu Bracelet":47,"Smiling Mask":47,"Ancient Tea Set":50,"Burning Blood":47,"ClockworkSouvenir":34,"SsserpentHead":47,"Tough Bandages":0,"Dream Catcher":26,"Nunchaku":35,"Mummified Hand":0,"infinitespire:Bottled Soul":47,"Gambling Chip":36,"Red Mask":45,"infinitespire:Eraser":36,"infinitespire:Chaos":47,"Ring of the Snake":0,"Runic Pyramid":43,"Inserter":47,"The Specimen":37,"infinitespire:EmptyRelic":47,"Thread and Needle":34,"PreservedInsect":5,"infinitespire:Joker Card":36,"The Courier":47,"Omamori":30,"infinitespire:CheckeredPen":51,"Orichalcum":5,"Medical Kit":34,"Mercury Hourglass":20,"Strange Spoon":47,"Cauldron":47,"REME:ComplimentaryCards":0,"CaptainsWheel":22,"infinitespire:DarkRift":37,"Busted Crown":14,"Turnip":11,"Art of War":23,"Bag of Marbles":36,"Coffee Dripper":47,"Membership Card":5,"Champion Belt":47,"Bottled Lightning":49,"PureWater":47,"TungstenRod":17},{"Ice Cream":132,"TwistedFunnel":202,"Mark of the Bloom":149,"Calipers":175,"Tiny House":205,"CeramicFish":205,"Vajra":175,"HoveringKite":205,"infinitespire:Cubic Diamond":177,"Whetstone":23,"Ginger":175,"Old Coin":152,"Blood Vial":147,"Sozu":205,"Lizard Tail":30,"Centennial Puzzle":167,"FaceOfCleric":205,"MealTicket":111,"Prayer Wheel":175,"Fusion Hammer":126,"HandDrill":132,"Necronomicon":205,"Girya":205,"Pear":175,"Astrolabe":205,"Oddly Smooth Stone":30,"Tingsha":53,"Eternal Feather":205,"Pen Nib":163,"Charon\u0027s Ashes":205,"infinitespire:Beetle Shell":215,"Letter Opener":91,"infinitespire:Magic Flask":175,"War Paint":142,"Paper Crane":215,"Akabeko":175,"Du-Vu Doll":142,"infinitespire:EvilPickle":205,"Shuriken":91,"Bronze Scales":103,"Black Star":30,"infinitespire:PuzzleCube":188,"Meat on the Bone":30,"NlothsMask":205,"Lantern":53,"Regal Pillow":205,"Torii":30,"Enchiridion":205,"StoneCalendar":30,"Snake Skull":152,"Incense Burner":0,"Bag of Preparation":147,"Juzu Bracelet":205,"Smiling Mask":205,"Ancient Tea Set":215,"Burning Blood":205,"ClockworkSouvenir":163,"SsserpentHead":205,"Tough Bandages":0,"Dream Catcher":132,"Nunchaku":167,"Mummified Hand":0,"infinitespire:Bottled Soul":205,"Gambling Chip":175,"Red Mask":202,"infinitespire:Eraser":175,"infinitespire:Chaos":205,"Ring of the Snake":0,"Runic Pyramid":198,"Inserter":205,"The Specimen":177,"infinitespire:EmptyRelic":205,"Thread and Needle":163,"PreservedInsect":30,"infinitespire:Joker Card":175,"The Courier":205,"Omamori":147,"infinitespire:CheckeredPen":219,"Orichalcum":30,"Medical Kit":163,"Mercury Hourglass":103,"Strange Spoon":205,"Cauldron":205,"REME:ComplimentaryCards":0,"CaptainsWheel":111,"infinitespire:DarkRift":177,"Busted Crown":71,"Turnip":57,"Art of War":117,"Bag of Marbles":175,"Coffee Dripper":205,"Membership Card":30,"Champion Belt":205,"Bottled Lightning":211,"PureWater":205,"TungstenRod":84}],"TungstenRod":19,"Ring of the Snake":[79]},"card_choices":[{"not_picked":["Dagger Spray","Dodge and Roll"],"picked":"Terror","floor":1.0},{"not_picked":["Dagger Spray","Underhanded Strike","Quick Slash"],"picked":"SKIP","floor":1.0},{"not_picked":["Underhanded Strike","Dagger Throw"],"picked":"Envenom","floor":10.0},{"not_picked":["Blade Dance","Underhanded Strike"],"picked":"Catalyst","floor":11.0},{"not_picked":["Blade Dance","Setup","Deadly Poison"],"picked":"SKIP","floor":11.0},{"not_picked":["Endless Agony","PiercingWail"],"picked":"Prepared","floor":12.0},{"not_picked":["Bane","Cloak And Dagger"],"picked":"Escape Plan","floor":13.0},{"not_picked":["Deflect","PiercingWail"],"picked":"Skewer","floor":13.0},{"not_picked":["Endless Agony","Expertise"],"picked":"Poisoned Stab","floor":14.0},{"not_picked":["Heel Hook","Dodge and Roll","Accuracy"],"picked":"SKIP","floor":14.0},{"not_picked":["Phantasmal Killer","Burst"],"picked":"Bullet Time","floor":16.0},{"not_picked":["Poisoned Stab","PiercingWail"],"picked":"Tactician","floor":18.0},{"not_picked":["Setup","Deadly Poison","Choke+1"],"picked":"SKIP","floor":18.0},{"not_picked":["Dagger Throw","Dodge and Roll"],"picked":"Die Die Die","floor":19.0},{"not_picked":["Sucker Punch","Dodge and Roll+1"],"picked":"Backflip+1","floor":22.0},{"not_picked":["Masterful Stab","Dagger Throw"],"picked":"Underhanded Strike+1","floor":22.0},{"not_picked":["Masterful Stab","Riddle With Holes","Underhanded Strike"],"picked":"SKIP","floor":23.0},{"not_picked":["Infinite Blades","Prepared+1","Eviscerate"],"picked":"SKIP","floor":23.0},{"not_picked":["Eviscerate","Deflect","Flying Knee"],"picked":"SKIP","floor":28},{"not_picked":["Bane","Flying Knee","Doppelganger"],"picked":"SKIP","floor":31},{"not_picked":["Blur+1"],"picked":"SKIP","floor":37}],"player_experience":179895,"relics_obtained":[{"floor":9.0,"key":"Lantern"},{"floor":10.0,"key":"PreservedInsect"},{"floor":12.0,"key":"infinitespire:PuzzleCube"},{"floor":19.0,"key":"Red Mask"},{"floor":24.0,"key":"CeramicFish"},{"floor":31,"key":"Bottled Lightning"},{"floor":37,"key":"infinitespire:CheckeredPen"}],"event_choices":[{"cards_removed":["Defend_G"],"damage_healed":0.0,"max_hp_gain":0.0,"max_hp_loss":0.0,"gold_gain":0.0,"event_name":"Golden Wing","player_choice":"Card Removal","floor":3.0,"gold_loss":0.0,"damage_taken":7.0},{"damage_healed":0.0,"max_hp_gain":0.0,"max_hp_loss":0.0,"gold_gain":0.0,"event_name":"Shining Light","player_choice":"Entered Light","floor":4.0,"gold_loss":0.0,"damage_taken":16.0,"cards_upgraded":["Strike_G","Strike_G"]},{"damage_healed":0.0,"max_hp_gain":0.0,"max_hp_loss":0.0,"gold_gain":0.0,"cards_transformed":["Strike_G"],"event_name":"Living Wall","player_choice":"Change","floor":8.0,"gold_loss":0.0,"damage_taken":0.0,"cards_obtained":["Underhanded Strike"]},{"damage_healed":0.0,"max_hp_gain":0.0,"max_hp_loss":0.0,"gold_gain":0.0,"event_name":"Masked Bandits","player_choice":"Fought Bandits","floor":19.0,"gold_loss":0.0,"damage_taken":0.0},{"damage_healed":0.0,"max_hp_gain":0.0,"max_hp_loss":0.0,"gold_gain":0.0,"event_name":"The Woman in Blue","player_choice":"Bought 2 Potions","floor":21.0,"gold_loss":0.0,"damage_taken":0.0},{"damage_healed":0.0,"max_hp_gain":0.0,"max_hp_loss":0.0,"gold_gain":0.0,"event_name":"FaceTrader","player_choice":"Trade","floor":27.0,"gold_loss":0.0,"damage_taken":0.0,"relics_obtained":["FaceOfCleric"]},{"damage_healed":0,"gold_gain":0,"player_choice":"Read","damage_taken":0,"max_hp_gain":0,"max_hp_loss":0,"event_name":"The Library","floor":29,"gold_loss":0,"cards_obtained":["Blur"]}],"is_beta":false,"boss_relics":[{"not_picked":["SlaversCollar","HoveringKite"],"picked":"Runic Pyramid"},{"not_picked":["Snecko Eye","Pandora\u0027s Box"],"picked":"Busted Crown"}],"items_purged_floors":[20,25,36],"is_endless":true,"potions_floor_spawned":[1,12,16,18,19,33,37,38],"ascension_level":7}}