{"host":"npxtnt8cx4pm3si6","time":1613359383,"event":{"mods":["BaseMod","Downfall","Hubris","Infinite Spire","Minty Spire (QoL Compilation)","Replay The Spire","StSLib"],"gold_per_floor":[99,99,99,199,199,226,226,239,139,149,149,164,180,209,222,320,320,320,335,335,351,362,362,362,373,404,404,404,404],"floor_reached":27,"language":"ENG","playtime":2383,"items_purged":["Guardian:Strike_Guardian"],"score":281,"play_id":"2f6dd13a-20f9-4179-b48d-c0a09917172b","local_time":"20210214202303","is_ascension_mode":true,"campfire_choices":[{"floor":1,"key":"RECALL"},{"data":"Guardian:DecasProtection","floor":9,"key":"SMITH"}],"circlet_count":0,"master_deck":["Guardian:Strike_Guardian","Guardian:Strike_Guardian","Guardian:Strike_Guardian","Guardian:Defend_Guardian","Guardian:Defend_Guardian","Guardian:Defend_Guardian","Guardian:Defend_Guardian","Guardian:CurlUp+1","Guardian:TwinSlam","Guardian:Clone","Guardian:PiercingHide","Guardian:DecasProtection+1","Guardian:Recover","Guardian:BronzeOrb","Guardian:FierceBash","Guardian:TemporalShield+1","Guardian:Gem_Green","Guardian:Orbwalk","Guardian:BronzeOrb"],"relics":["Guardian:ModeShifter","downfall:HeartsMalice","Replay:Rubber Ducky","Mirror","downfall:HeartBlessingRed","infinitespire:Lychee Nut","SlaversCollar","Guardian:PickAxe","hubris:DisguiseKit","Omamori"],"acts_visited":["Exordium","TheCity"],"potions_floor_usage":[12,26,27,27],"damage_taken":[{"damage":0,"enemies":"Cultist","floor":2,"turns":1},{"damage":0,"enemies":"Small Slimes","floor":5,"turns":1},{"damage":0,"enemies":"Lagavulin","floor":6,"turns":1},{"damage":6,"enemies":"Jaw Worm","floor":8,"turns":4},{"damage":2,"enemies":"Blue Slaver","floor":10,"turns":4},{"damage":1,"enemies":"Gremlin Gang","floor":12,"turns":4},{"damage":0,"enemies":"downfall:LooterAlt","floor":13,"turns":5},{"damage":3,"enemies":"Replay:BlueRogue","floor":14,"turns":9},{"damage":0,"enemies":"Red Slaver","floor":15,"turns":4},{"damage":29,"enemies":"IC_STATUS_ARCHETYPE","floor":16,"turns":12},{"damage":10,"enemies":"downfall:LooterAlt2","floor":19,"turns":6},{"damage":5,"enemies":"Chosen","floor":21,"turns":5},{"damage":10,"enemies":"Snecko","floor":22,"turns":6},{"damage":18,"enemies":"Sentry and Sphere","floor":25,"turns":11},{"damage":30,"enemies":"Book of Stabbing","floor":26,"turns":7},{"damage":17,"enemies":"Cultist and Chosen","floor":27,"turns":8}],"seed_played":"-3870774613043611484","potions_obtained":[{"floor":6,"key":"sneckomod:MuddlingPotion"},{"floor":8,"key":"Milkshake"},{"floor":10,"key":"Adrenaline Potion"},{"floor":14,"key":"SteroidPotion"},{"floor":16,"key":"AttackPotion"},{"floor":21,"key":"Venom Potion"},{"floor":22,"key":"Energy Potion"},{"floor":26,"key":"AttackPotion"}],"is_trial":false,"path_per_floor":["R","M","?","?","M","E","T","M","R","M","?","M","M","E","M","B",null,"R","M","AVR","M","M","T","T","M","E","M"],"character_chosen":"GUARDIAN","items_purchased":[],"campfire_rested":0,"item_purchase_floors":[],"current_hp_per_floor":[80,80,80,80,80,80,80,74,74,72,72,71,71,60,60,32,60,60,53,53,54,50,50,50,38,14,3,3,3],"gold":404,"neow_bonus":"THREE_ENEMY_KILL","is_daily":false,"chose_seed":false,"campfire_upgraded":1,"win_rate":0.0,"timestamp":1613359383,"path_taken":["R","M","?","?","M","E","T","?","R","M","?","M","M","E","M","BOSS","R","M","AVR","M","M","?","T","M","E","M"],"items_purchased_type":[],"build_version":"2020-12-22","purchased_purges":1,"victory":false,"max_hp_per_floor":[80,80,80,80,80,80,80,80,80,80,80,80,80,60,60,60,60,60,60,60,60,60,60,60,60,60,60,60,60],"card_choices":[{"not_picked":["Guardian:PiercingHide","Guardian:Orbwalk"],"picked":"Guardian:Gem_Red","floor":2},{"not_picked":["Guardian:WalkerClaw","Guardian:GemFire"],"picked":"Guardian:Clone","floor":5},{"not_picked":["Guardian:TemporalShield","Guardian:PrimingBeam"],"picked":"Guardian:PiercingHide","floor":6},{"not_picked":["Guardian:TemporalShield","Guardian:GuardianWhirl"],"picked":"Guardian:DecasProtection","floor":8},{"not_picked":["Guardian:GemFire","Guardian:BronzeArmor","Guardian:DecasProtection"],"picked":"SKIP","floor":10},{"not_picked":["Guardian:Repulse","Guardian:Emergency"],"picked":"Guardian:Recover","floor":12},{"not_picked":["Guardian:Reroute","Guardian:Gem_Crimson"],"picked":"Guardian:BronzeOrb","floor":13},{"not_picked":["Guardian:PiercingHide","Guardian:Harden"],"picked":"Guardian:Gem_Yellow","floor":14},{"not_picked":["Guardian:CrystalBeam","Guardian:PrimingBeam"],"picked":"Guardian:Gem_Yellow","floor":15},{"not_picked":["Guardian:FastForward","Guardian:Gem_Orange"],"picked":"Guardian:FierceBash","floor":16},{"not_picked":["Guardian:Incinerate+1","Guardian:VentSteam+1"],"picked":"Guardian:TemporalShield+1","floor":19},{"not_picked":["Guardian:TemporalStrike","Guardian:PiercingHide","Guardian:ChargeCore"],"picked":"SKIP","floor":21},{"not_picked":["Guardian:RollAttack","Guardian:PrimingBeam"],"picked":"Guardian:Gem_Green","floor":22},{"not_picked":["Guardian:GuardianWhirl+1","Guardian:Planning","bronze:Deprecate"],"picked":"Guardian:Orbwalk","floor":25},{"not_picked":["Guardian:HyperBeam_Guardian","Guardian:Gem_Crimson","bronze:BronzeArmor"],"picked":"Guardian:BronzeOrb","floor":26}],"player_experience":229686,"relics_obtained":[{"floor":6,"key":"Replay:Rubber Ducky"},{"floor":7,"key":"Mirror"},{"floor":14,"key":"infinitespire:Lychee Nut"},{"floor":24,"key":"hubris:DisguiseKit"},{"floor":26,"key":"Omamori"}],"event_choices":[],"is_beta":false,"boss_relics":[{"not_picked":["hubris:VirtuousBlindfold","hubris:Stopwatch"],"picked":"SlaversCollar"}],"items_purged_floors":[20],"is_endless":false,"potions_floor_spawned":[6,8,10,14,16,21,22,26],"killed_by":"Cultist and Chosen","ascension_level":1}}