{"host":"Tonhão","time":1613403919,"event":{"mods":["Aspiration","BaseMod","Better Third Choice","Conspire","Downfall","Friendly Minions","Halation","Hermit","Highlight Path","Hubris","Infinite Spire","Jedi Mod","Minty Spire (QoL Compilation)","Relic Sorter","Reliquary","Replay The Spire","Spicy Shops","StSLib","The Animator","The Construct","The Cursed","The Jester","The Senshi","The Servant 0.9.4"],"gold_per_floor":[149,161,178,196,296,369,392,405,405,405,422,438,438,30,45,148,148,148,167,267,267,12,29,29,29,29,49,49,49,49,60,72,169,169,169,169,185,195,209,209,236,236,252,279,291,304,330,348,359,359],"floor_reached":51,"language":"ENG","playtime":3953,"items_purged":["champ:Defend","champ:Defend"],"score":955,"play_id":"dabedf73-2356-4031-8bf1-74489cc91c54","local_time":"20210215124519","is_ascension_mode":false,"campfire_choices":[{"data":"champ:Taunt","floor":1,"key":"SMITH"},{"floor":9,"key":"REST"},{"data":"champ:ShieldSlam","floor":13,"key":"SMITH"},{"floor":18,"key":"RECALL"},{"floor":40,"key":"REST"}],"circlet_count":0,"master_deck":["champ:Defend+1","champ:Defend","champ:Execute","champ:Taunt+1","champ:FocusedBerserking","champ:IronFortress","champ:Backstep","champ:VampiricStrike","champ:FaceSlap","champ:FanOfKnives","champ:ShieldSlam+1","champ:GladiatorForm","expansioncontent:DashGenerateEvil","champ:Improvising","champ:RisingSlash","Slimebound:Tackle+1","Slimebound:Tackle+1","Slimebound:Tackle+1","champ:SwordThrow","champ:EnGarde+1","infinitespire:Starlight","ReplayTheSpireMod:Chaos Vortex","infinitespire:Gouge","champ:EnragedBash","champ:Improvising","infinitespire:SevenWalls","champ:Endure","infinitespire:Gouge","infinitespire:SevenWalls","champ:Encircle+1","champ:StanceDance+1"],"relics":["Tiny House","Champion Belt","conspire:DeflatedDodgeball","champ:FightingForDummies","champ:GladiatorsBookOfMartialProwess","Strange Spoon","Fusion Hammer","champ:BlackKnightHelmet","infinitespire:ShieldingShard","Mummified Hand","hubris:GlazedTorus","aspiration:RitualStick","halation:EternalFortune","hexamod:CandleOfCauterizing","Ring of Searing","Replay:Rubber Ducky","Black Star","downfall:HeartBlessingRed","champ:SignatureFinisher","Strawberry","champ:DuelingGlove","infinitespire:Satchel","reliquary:TuningFork","ReplayTheSpireMod:Ninjato","Replay:WaspNest"],"acts_visited":["Exordium","TheCity","TheBeyond"],"potions_floor_usage":[5,5,8,20,22,33,33,38,38,44,46,50],"damage_taken":[{"damage":36,"enemies":"Jaw Worm","floor":2,"turns":4},{"damage":10,"enemies":"2 Louse","floor":3,"turns":3},{"damage":17,"enemies":"conspire:RoseBush","floor":4,"turns":4},{"damage":49,"enemies":"conspire:RoseBush","floor":5,"turns":6},{"damage":19,"enemies":"Large Slime","floor":8,"turns":5},{"damage":21,"enemies":"Exordium Wildlife","floor":11,"turns":5},{"damage":10,"enemies":"Blue Slaver","floor":12,"turns":3},{"damage":10,"enemies":"downfall:FleeingMerchant","floor":14,"turns":4},{"damage":2,"enemies":"Exordium Thugs","floor":15,"turns":3},{"damage":119,"enemies":"DF_ARCHETYPE_STREAMLINE","floor":16,"turns":16},{"damage":10,"enemies":"3 Byrds","floor":19,"turns":5},{"damage":51,"enemies":"3 Byrds","floor":20,"turns":7},{"damage":23,"enemies":"downfall:FleeingMerchant","floor":22,"turns":4},{"damage":12,"enemies":"Shell Parasite","floor":23,"turns":4},{"damage":40,"enemies":"Snake Plant","floor":27,"turns":3},{"damage":0,"enemies":"Snecko","floor":31,"turns":2},{"damage":2,"enemies":"3 Cultists","floor":32,"turns":2},{"damage":12,"enemies":"SI_MIRROR_ARCHETYPE","floor":33,"turns":3},{"damage":13,"enemies":"infinitespire:Three Voidlings","floor":35,"turns":3},{"damage":132,"enemies":"Nightmare_Alpha","floor":35,"turns":11},{"damage":3,"enemies":"3 Shapes","floor":37,"turns":3},{"damage":0,"enemies":"3 Darklings","floor":38,"turns":2},{"damage":0,"enemies":"Jaw Worm Horde","floor":39,"turns":2},{"damage":9,"enemies":"Transient","floor":43,"turns":5},{"damage":14,"enemies":"Giant Head","floor":44,"turns":4},{"damage":24,"enemies":"Maw","floor":45,"turns":4},{"damage":9,"enemies":"Jaw Worm Horde","floor":46,"turns":2},{"damage":29,"enemies":"R_Hoarder","floor":47,"turns":3},{"damage":34,"enemies":"Transient","floor":48,"turns":5},{"damage":0,"enemies":"Writhing Mass","floor":49,"turns":2},{"damage":39,"enemies":"WA_ARCHETYPE_DIVINITY","floor":50,"turns":4}],"seed_played":"-3093813917899049456","potions_obtained":[{"floor":0,"key":"Venom Potion"},{"floor":4,"key":"Flashbang"},{"floor":5,"key":"Weak Potion"},{"floor":15,"key":"FairyPotion"},{"floor":16,"key":"Venom Potion"},{"floor":19,"key":"jedi:mysterypotion"},{"floor":20,"key":"Strength Potion"},{"floor":27,"key":"PowerPotion"},{"floor":32,"key":"Weak Potion"},{"floor":33,"key":"sneckomod:MuddlingPotion"},{"floor":37,"key":"GamblersBrew"},{"floor":44,"key":"SteroidPotion"},{"floor":48,"key":"Weak Potion"}],"is_trial":false,"path_per_floor":["R","M","M","M","?","T","T","M","R","?","M","M","R","$","M","B",null,"R","M","?","?","$","M","T","?","?","M","T","?","AVR","M","M","B",null,"R","?","M","M","M","R","T","AVR","M","E","M","M","E","M","M","B",null],"character_chosen":"THE_CHAMP","items_purchased":["expansioncontent:DashGenerateEvil","Strange Spoon","Mummified Hand"],"campfire_rested":2,"item_purchase_floors":[14,14,22],"current_hp_per_floor":[95,89,89,87,68,68,68,64,92,92,86,86,86,86,84,60,95,95,95,64,64,56,59,59,40,43,13,13,13,13,13,26,39,98,10,10,16,16,16,45,52,52,68,77,83,89,98,109,109,110],"gold":359,"neow_bonus":"BOSS_RELIC","is_daily":false,"chose_seed":false,"campfire_upgraded":2,"win_rate":0.0,"timestamp":1613403919,"path_taken":["R","M","M","M","?","?","T","M","R","?","M","?","R","$","M","BOSS","R","M","?","?","?","?","T","?","?","?","?","?","AVR","M","M","BOSS","R","?","M","M","M","R","T","AVR","M","E","M","M","E","?","M","BOSS"],"items_purchased_type":["Card","Relic","Relic"],"build_version":"2020-11-17","purchased_purges":2,"victory":true,"max_hp_per_floor":[95,95,95,95,95,95,95,95,95,95,95,95,95,95,95,95,95,95,95,95,95,95,95,95,95,98,98,98,98,98,98,98,98,98,98,98,98,98,98,98,105,105,105,108,108,108,111,111,111,111],"card_choices":[{"not_picked":["champ:Parry","champ:CrownThrow"],"picked":"champ:FocusedBerserking","floor":0},{"not_picked":["champ:SwordSigil","champ:EnGarde"],"picked":"champ:IronFortress","floor":2},{"not_picked":["champ:Circumvent","champ:DefensiveShout"],"picked":"champ:Backstep","floor":3},{"not_picked":["champ:FlashCut","champ:IronFortress"],"picked":"champ:VampiricStrike","floor":4},{"not_picked":["champ:PreemptiveStrike","champ:RecklessLeap"],"picked":"champ:FaceSlap","floor":5},{"not_picked":["champ:PreemptiveStrike","champ:Circumvent"],"picked":"champ:FanOfKnives","floor":8},{"not_picked":["champ:Parry","champ:BringItOn"],"picked":"champ:ShieldSlam","floor":11},{"not_picked":["champ:FanOfKnives","champ:SetATrap","champ:FlashCut"],"picked":"SKIP","floor":12},{"not_picked":["champ:CrownThrow","champ:BringItOn"],"picked":"champ:GladiatorForm","floor":14},{"not_picked":["champ:FlashCut","champ:Shatter","champ:RecklessLeap"],"picked":"SKIP","floor":15},{"not_picked":["champ:HoldFirm","champ:LastStand"],"picked":"champ:Improvising","floor":16},{"not_picked":["champ:DefensiveStyle","champ:BerserkersShout"],"picked":"champ:RisingSlash","floor":19},{"not_picked":["champ:RapidStrikes+1","champ:ViciousMockery"],"picked":"champ:SwordThrow","floor":22},{"not_picked":["champ:Lariat","champ:Haymaker","champ:FlashCut"],"picked":"SKIP","floor":23},{"not_picked":["champ:AdrenalArmor","champ:FlashCut"],"picked":"champ:EnGarde+1","floor":27},{"not_picked":["champ:ShieldSigil","champ:RapidStrikes"],"picked":"champ:EnragedBash","floor":31},{"not_picked":["champ:FanOfKnives+1","champ:FlashCut","champ:RapidStrikes"],"picked":"SKIP","floor":32},{"not_picked":["champ:EnchantSword","champ:ShieldThrow"],"picked":"champ:Improvising","floor":33},{"not_picked":["infinitespire:Execution","infinitespire:DeathsTouch"],"picked":"infinitespire:SevenWalls","floor":35},{"not_picked":["champ:Encircle","champ:AdrenalArmor","champ:SetATrap+1"],"picked":"SKIP","floor":37},{"not_picked":["champ:EnGarde+1","champ:BerserkersShout+1"],"picked":"champ:Endure","floor":38},{"not_picked":["champ:ViciousMockery","champ:CrownThrow","champ:RisingSlash+1"],"picked":"SKIP","floor":39},{"not_picked":["champ:RisingSlash+1","champ:Backstep+1","champ:GutPunch+1"],"picked":"SKIP","floor":43},{"not_picked":["champ:BladeFlurry+1","champ:Duel"],"picked":"champ:Encircle+1","floor":44},{"not_picked":["champ:ShieldSigil","champ:SkillfulDodge","champ:AdrenalArmor+1"],"picked":"SKIP","floor":45},{"not_picked":["champ:PerfectedStrike+1","champ:EnragedBash","champ:AdrenalArmor+1"],"picked":"SKIP","floor":46},{"not_picked":["champ:Encircle","champ:HeartStrike+1"],"picked":"champ:StanceDance+1","floor":47},{"not_picked":["champ:FancyFootwork","champ:DefensiveShout","champ:EnragedBash"],"picked":"SKIP","floor":48},{"not_picked":["champ:ViciousMockery","champ:CrownThrow","champ:FocusedBerserking+1"],"picked":"SKIP","floor":49}],"player_experience":158806,"relics_obtained":[{"floor":5,"key":"Champion Belt"},{"floor":6,"key":"conspire:DeflatedDodgeball"},{"floor":7,"key":"champ:FightingForDummies"},{"floor":10,"key":"champ:GladiatorsBookOfMartialProwess"},{"floor":20,"key":"champ:BlackKnightHelmet"},{"floor":20,"key":"infinitespire:ShieldingShard"},{"floor":24,"key":"hubris:GlazedTorus"},{"floor":28,"key":"hexamod:CandleOfCauterizing"},{"floor":29,"key":"Ring of Searing"},{"floor":35,"key":"champ:SignatureFinisher"},{"floor":41,"key":"Strawberry"},{"floor":44,"key":"halation:EternalFortune"},{"floor":44,"key":"infinitespire:Satchel"},{"floor":44,"key":"reliquary:TuningFork"},{"floor":47,"key":"halation:EternalFortune"},{"floor":47,"key":"ReplayTheSpireMod:Ninjato"},{"floor":47,"key":"Replay:WaspNest"}],"event_choices":[{"damage_healed":0,"gold_gain":0,"player_choice":"Relic","damage_taken":0,"max_hp_gain":0,"max_hp_loss":0,"event_name":"Wheel of Change","floor":10,"gold_loss":0},{"damage_healed":0,"gold_gain":0,"player_choice":"Ignored","damage_taken":0,"max_hp_gain":0,"max_hp_loss":0,"event_name":"NoteForYourself","floor":36,"gold_loss":0}],"is_beta":true,"boss_relics":[{"not_picked":["Honey Jar","hubris:GrandSneckoEye"],"picked":"Fusion Hammer"},{"not_picked":["conspire:SeveredTorchhead","halation:Yufonium"],"picked":"Black Star"}],"items_purged_floors":[30,42],"is_endless":false,"potions_floor_spawned":[4,5,15,16,19,20,27,32,33,35,37,44,48],"ascension_level":0}}