{"host":"rjfefv2ruvigm2gb","time":1613377847,"event":{"mods":["AlwaysNeverKeys","BaseMod","Better Note","Better Third Choice","BetterRewards","Block Reminder","Bossed Relics","Colored Map","Colored Powertips","Curses Come First","Displayed Cursed Tome","Downfall","Fox Events","Gold Saver","Googly Eyes","Highlight Path","Minty Spire (QoL Compilation)","Permanent Neow","Quick Restart","Relic Stats","Reliquary","Shop Mod","Small Relic Pack","StSLib","SuperFastMode","Transform Curses","Uncapped","Virulent Crown"],"gold_per_floor":[184,198,198,208,222,55,55,73,100,5,5,5,5,61,81,180,180,180,199,199,38,48,73,144,190,208,242,242,342,371,89,105,203,203,203,220,220,220,34,54,79,95,121,121,138,138,138,169,184,184,184,211,211,211,211,211],"floor_reached":57,"language":"ENG","playtime":3433,"items_purged":["bronze:Strike","bronze:Defend"],"score":2029,"play_id":"13dc21b2-196e-44c5-ae27-01858c9118a7","local_time":"20210215023047","is_ascension_mode":true,"campfire_choices":[{"data":"bronze:Goto","floor":1.0,"key":"SMITH"},{"floor":11.0,"key":"REST"},{"data":"bronze:ItsAFeature","floor":13.0,"key":"SMITH"},{"data":"bronze:Virus","floor":18.0,"key":"SMITH"},{"data":"bronze:BugBarrage","floor":35.0,"key":"SMITH"},{"data":"bronze:ItsAFeature","floor":44.0,"key":"SMITH"},{"data":"bronze:ItsAFeature","floor":54.0,"key":"SMITH"}],"circlet_count":0,"master_deck":["bronze:Defend","bronze:Defend","bronze:Replicate","bronze:Goto+1","bronze:CutThrough","bronze:BuggyMess","bronze:MaxOutput+1","bronze:Virus+1","bronze:ChildClass+1","bronze:ItsAFeature+1","bronze:BugBarrage+1","bronze:BuggyMess+1","bronze:BugBarrage+1","bronze:DelayedGuard","bronze:Shield","J.A.X.","bronze:MaxOutput+1","bronze:Repulsor+1","bronze:ItsAFeature+1","bronze:ItsAFeature+1"],"relics":["bronze:BronzeCore","Turnip","downfall:HeartBlessingGreen","downfall:HeartBlessingRed","downfall:HeartBlessingBlue","Question Card","Pantograph","Astrolabe","FossilizedHelix","reliquary:Stiletto","Calipers","The Courier","Art of War","Peace Pipe","MutagenicStrength","Dream Catcher","bronze:BronzeIdol","reliquary:Bookmark","Mummified Hand","Empty Cage","relicPack:AllForOne","War Paint","bronze:ProtectiveGoggles","Meat on the Bone","Unceasing Top","reliquary:Buckler"],"acts_visited":["Exordium","TheCity","TheBeyond","TheEnding"],"potions_floor_usage":[56,56,56],"damage_taken":[{"damage":0.0,"enemies":"Cultist","floor":2.0,"turns":4.0},{"damage":0.0,"enemies":"Jaw Worm","floor":4.0,"turns":4.0},{"damage":0.0,"enemies":"Small Slimes","floor":5.0,"turns":3.0},{"damage":0.0,"enemies":"downfall:FleeingMerchant","floor":6.0,"turns":4.0},{"damage":21.0,"enemies":"Exordium Thugs","floor":8.0,"turns":6.0},{"damage":0.0,"enemies":"Gremlin Nob","floor":9.0,"turns":2.0},{"damage":19.0,"enemies":"downfall:FleeingMerchant","floor":10.0,"turns":4.0},{"damage":4.0,"enemies":"3 Sentries","floor":14.0,"turns":5.0},{"damage":0.0,"enemies":"2 Fungi Beasts","floor":15.0,"turns":2.0},{"damage":16.0,"enemies":"WA_ARCHETYPE_RETAIN","floor":16.0,"turns":5.0},{"damage":8.0,"enemies":"Shell Parasite","floor":19.0,"turns":5.0},{"damage":0.0,"enemies":"downfall:FleeingMerchant","floor":21.0,"turns":4.0},{"damage":0.0,"enemies":"Chosen","floor":22.0,"turns":3.0},{"damage":0.0,"enemies":"Book of Stabbing","floor":23.0,"turns":3.0},{"damage":0.0,"enemies":"Snecko","floor":26.0,"turns":5.0},{"damage":0.0,"enemies":"Slavers","floor":27.0,"turns":3.0},{"damage":0.0,"enemies":"downfall:Augmenter","floor":29.0,"turns":4.0},{"damage":0.0,"enemies":"Book of Stabbing","floor":30.0,"turns":3.0},{"damage":0.0,"enemies":"downfall:FleeingMerchant","floor":31.0,"turns":2.0},{"damage":0.0,"enemies":"Cultist and Chosen","floor":32.0,"turns":3.0},{"damage":3.0,"enemies":"SI_MIRROR_ARCHETYPE","floor":33.0,"turns":4.0},{"damage":0.0,"enemies":"3 Darklings","floor":36.0,"turns":2.0},{"damage":0.0,"enemies":"3 Shapes","floor":40.0,"turns":2.0},{"damage":0.0,"enemies":"Spire Growth","floor":42.0,"turns":2.0},{"damage":0.0,"enemies":"Nemesis","floor":43.0,"turns":3.0},{"damage":0.0,"enemies":"4 Shapes","floor":45.0,"turns":2.0},{"damage":0.0,"enemies":"Reptomancer","floor":48.0,"turns":2.0},{"damage":0.0,"enemies":"Maw","floor":49.0,"turns":2.0},{"damage":0.0,"enemies":"DF_ARCHETYPE_ORBS","floor":50.0,"turns":2.0},{"damage":0.0,"enemies":"downfall:CharBossMerchant","floor":52.0,"turns":2.0},{"damage":0,"enemies":"downfall:NeowBoss","floor":55,"turns":10},{"damage":3,"enemies":"downfall:NeowBossFinal","floor":56,"turns":3}],"seed_played":"-4774365562446590439","potions_obtained":[{"floor":5.0,"key":"DuplicationPotion"},{"floor":14.0,"key":"ColorlessPotion"},{"floor":15.0,"key":"Dexterity Potion"},{"floor":19.0,"key":"Regen Potion"},{"floor":22.0,"key":"Block Potion"},{"floor":27.0,"key":"Fire Potion"}],"is_trial":false,"path_per_floor":["R","M","?","M","M","$","T","M","E","$","R","?","R","?","M","B",null,"R","M","?","$","M","E","T","T","M","E","?","?","E","$","M","B",null,"R","M","?","?","$","M","T","M","E","R","M","?","$","E","M","B",null,"E","$","R","B","B",null],"character_chosen":"THE_AUTOMATON","items_purchased":["bronze:MaxOutput","bronze:ItsAFeature","reliquary:Stiletto","bronze:BronzeIdol","reliquary:Bookmark","Mummified Hand","DuplicationPotion","DuplicationPotion","War Paint","bronze:ItsAFeature"],"campfire_rested":1,"item_purchase_floors":[6,10,21,31,31,31,31,31,39,39],"current_hp_per_floor":[73,73,73,73,73,73,73,52,52,33,54,61,61,57,57,64,76,76,68,68,68,68,68,68,68,68,77,77,77,77,77,77,77,79,79,79,79,79,79,79,79,79,79,79,79,80,80,80,80,80,80,80,80,80,80,77],"gold":211,"neow_bonus":"ONE_RARE_RELIC","is_daily":false,"chose_seed":false,"campfire_upgraded":6,"win_rate":0.0,"timestamp":1613377847,"path_taken":["R","M","?","?","M","$","T","M","E","$","R","?","R","?","M","BOSS","R","M","?","$","M","E","T","?","M","E","?","?","E","$","M","BOSS","R","M","?","?","$","M","T","M","E","R","M","?","?","E","M","BOSS","E","$","R","BOSS","BOSS"],"items_purchased_type":["Card","Card","Relic","Relic","Relic","Relic","Potion","Potion","Relic","Card"],"build_version":"2020-12-22","purchased_purges":2,"victory":true,"max_hp_per_floor":[73,73,73,73,73,73,73,73,73,73,73,80,80,80,80,80,80,80,80,80,80,80,80,80,80,80,80,80,80,80,80,80,80,80,80,80,80,80,80,80,80,80,80,80,80,80,80,80,80,80,80,80,80,80,80,80],"relic_stats":{"counters":[32,110],"Astrolabe":[],"War Paint":["bronze:BuggyMess","bronze:ChildClass"],"Question Card":28,"Peace Pipe":0,"Dream Catcher":0,"Mummified Hand":[55],"Pantograph":26,"Turnip":[11],"Art of War":[3],"obtain_stats":[{"bronze:BronzeCore":0,"Calipers":23,"downfall:HeartBlessingGreen":1,"Empty Cage":34,"reliquary:FerryPass":14,"Dream Catcher":30,"downfall:HeartBlessingBlue":1,"Mummified Hand":31,"Pantograph":9,"reliquary:Buckler":52,"relicPack:AllForOne":38,"downfall:HeartBlessingRed":1,"Astrolabe":17,"The Courier":24,"War Paint":39,"Question Card":7,"bronze:BronzeIdol":31,"Peace Pipe":27,"reliquary:Bookmark":31,"bronze:ProtectiveGoggles":41,"MutagenicStrength":29,"Turnip":0,"reliquary:Stiletto":21,"Art of War":25,"FossilizedHelix":19,"Unceasing Top":48,"Meat on the Bone":43},{"bronze:BronzeCore":0,"Calipers":14,"downfall:HeartBlessingGreen":0,"Empty Cage":21,"reliquary:FerryPass":8,"Dream Catcher":18,"downfall:HeartBlessingBlue":0,"Mummified Hand":19,"Pantograph":6,"reliquary:Buckler":30,"relicPack:AllForOne":22,"downfall:HeartBlessingRed":0,"Astrolabe":10,"The Courier":14,"War Paint":22,"Question Card":4,"bronze:BronzeIdol":19,"Peace Pipe":16,"reliquary:Bookmark":19,"bronze:ProtectiveGoggles":23,"MutagenicStrength":17,"Turnip":0,"reliquary:Stiletto":12,"Art of War":14,"FossilizedHelix":11,"Unceasing Top":27,"Meat on the Bone":25},{"bronze:BronzeCore":0,"Calipers":54,"downfall:HeartBlessingGreen":0,"Empty Cage":78,"reliquary:FerryPass":32,"Dream Catcher":69,"downfall:HeartBlessingBlue":0,"Mummified Hand":71,"Pantograph":23,"reliquary:Buckler":97,"relicPack:AllForOne":80,"downfall:HeartBlessingRed":0,"Astrolabe":39,"The Courier":54,"War Paint":80,"Question Card":15,"bronze:BronzeIdol":71,"Peace Pipe":62,"reliquary:Bookmark":71,"bronze:ProtectiveGoggles":82,"MutagenicStrength":66,"Turnip":0,"reliquary:Stiletto":48,"Art of War":54,"FossilizedHelix":44,"Unceasing Top":91,"Meat on the Bone":87}],"Unceasing Top":[3],"Meat on the Bone":0},"card_choices":[{"not_picked":["bronze:Separator","bronze:Overheat"],"picked":"bronze:Frontload","floor":2.0},{"not_picked":["bronze:Frontload","bronze:Deprecate","bronze:Overheat"],"picked":"SKIP","floor":4.0},{"not_picked":["bronze:BitShift","bronze:Invalidate","bronze:CutThrough"],"picked":"SKIP","floor":5.0},{"not_picked":["bronze:CloningBeam","bronze:DelayedGuard"],"picked":"bronze:BuggyMess","floor":6.0},{"not_picked":["bronze:Overheat","bronze:GetLatest","bronze:Branch"],"picked":"bronze:Virus","floor":8.0},{"not_picked":["bronze:WildBeam","bronze:Iterate","bronze:Boost","bronze:DelayedGuard"],"picked":"SKIP","floor":9.0},{"not_picked":["bronze:CutThrough","bronze:Return","bronze:SpaghettiCode"],"picked":"bronze:ChildClass","floor":10.0},{"not_picked":["bronze:Turbo","bronze:BuggyMess","bronze:Terminator"],"picked":"bronze:BugBarrage","floor":14.0},{"not_picked":["bronze:CutThrough","bronze:Separator","bronze:DarkDash","bronze:Safeguard"],"picked":"SKIP","floor":15.0},{"not_picked":["bronze:FollowUp+1","bronze:Deprecate","bronze:Shield","bronze:Separator"],"picked":"SKIP","floor":19.0},{"not_picked":["bronze:BitShift","bronze:GetLatest","bronze:Separator","bronze:Overload"],"picked":"SKIP","floor":21.0},{"not_picked":["bronze:Branch","bronze:Invalidate+1","bronze:DelayedGuard"],"picked":"bronze:BuggyMess","floor":22.0},{"not_picked":["bronze:DigitalCarnage","bronze:Constructor","bronze:Invalidate"],"picked":"bronze:BugBarrage+1","floor":23.0},{"not_picked":["bronze:Invalidate","bronze:NullPointer","bronze:Frontload","bronze:FineTuning+1"],"picked":"SKIP","floor":26.0},{"not_picked":["bronze:Branch+1","bronze:ChildClass+1","bronze:Overheat+1","bronze:Turbo"],"picked":"SKIP","floor":27.0},{"not_picked":[],"picked":"J.A.X.","floor":29.0},{"not_picked":["bronze:CutThrough","bronze:Shield+1","bronze:InfiniteBeams"],"picked":"bronze:MaxOutput","floor":30.0},{"not_picked":["bronze:Constructor","bronze:Invalidate","bronze:Deprecate"],"picked":"bronze:Repulsor+1","floor":31.0},{"not_picked":["bronze:Branch","bronze:BuggyMess","bronze:DelayedGuard+1","bronze:CutThrough+1"],"picked":"SKIP","floor":32.0},{"not_picked":["bronze:Constructor+1","bronze:Safeguard+1","bronze:WhirlingStrike","bronze:CutThrough"],"picked":"SKIP","floor":36.0},{"not_picked":["bronze:Allocate+1","bronze:Frontload","bronze:CutThrough+1","bronze:InfiniteBeams+1"],"picked":"SKIP","floor":40.0},{"not_picked":["bronze:Repair","bronze:ChildClass","bronze:Overheat+1","bronze:ForLoop"],"picked":"SKIP","floor":42.0},{"not_picked":["bronze:DelayedGuard","bronze:RecursiveStrike","bronze:CutThrough","bronze:CloningBeam"],"picked":"SKIP","floor":43.0},{"not_picked":["bronze:Iterate+1","bronze:OilSpill","bronze:CutThrough+1","bronze:DelayedGuard"],"picked":"SKIP","floor":45.0},{"not_picked":["bronze:Iterate+1","bronze:OilSpill","bronze:CutThrough+1","bronze:DelayedGuard"],"picked":"SKIP","floor":45.0},{"not_picked":["bronze:OilSpill","bronze:MaxOutput","bronze:ForLoop+1","bronze:Assembly"],"picked":"SKIP","floor":48.0},{"not_picked":["bronze:Fortify","bronze:Shell","bronze:GetLatest+1","bronze:DelayedGuard"],"picked":"SKIP","floor":49.0},{"not_picked":["bronze:TinkerersToolbox","bronze:Invalidate","bronze:Constructor"],"picked":"bronze:ItsAFeature","floor":52.0}],"player_experience":1115045,"relics_obtained":[{"floor":7.0,"key":"Question Card"},{"floor":9.0,"key":"Pantograph"},{"floor":14.0,"key":"reliquary:FerryPass"},{"floor":19.0,"key":"FossilizedHelix"},{"floor":23.0,"key":"Calipers"},{"floor":24.0,"key":"The Courier"},{"floor":25.0,"key":"Art of War"},{"floor":27.0,"key":"Peace Pipe"},{"floor":29.0,"key":"MutagenicStrength"},{"floor":30.0,"key":"Dream Catcher"},{"floor":41.0,"key":"bronze:ProtectiveGoggles"},{"floor":43.0,"key":"Meat on the Bone"},{"floor":48.0,"key":"Unceasing Top"},{"floor":52.0,"key":"reliquary:Buckler"}],"event_choices":[{"cards_removed":["bronze:OilSpill"],"damage_healed":0.0,"max_hp_gain":0.0,"max_hp_loss":0.0,"gold_gain":0.0,"event_name":"Falling","player_choice":"Removed Attack","floor":37.0,"gold_loss":0.0,"damage_taken":0.0}],"is_beta":false,"boss_relics":[{"not_picked":["reliquary:KinkedSpring","Tiny House"],"picked":"Astrolabe"},{"not_picked":["reliquary:RedPaperclip","expansioncontent:StudyCardRelic"],"picked":"Empty Cage"}],"items_purged_floors":[6,31],"is_endless":false,"potions_floor_spawned":[5,14,15,19,22,27,30,32,40,45,48],"ascension_level":5}}