{"host":"tia00321x3ndnwo4","time":1613358726,"event":{"mods":["2.2 Compatiblity","BaseMod","Bestiary","Colored Map","Colored Powertips","Curses Come First","Downfall","Highlight Path","Minty Spire (QoL Compilation)","Relic Stats","Slay the Relics Exporter","StSLib","SuperFastMode"],"gold_per_floor":[99,99,53,115,115,144,144,144,155,174,188,188,260,270,284,389,389,389,405,405,139,153,153,179,205,205,205,205],"floor_reached":26,"language":"ENG","playtime":965,"items_purged":["bronze:Defend"],"score":214,"play_id":"6cd1e335-6516-4998-a21e-27b2bc613df2","local_time":"20210214191206","is_ascension_mode":true,"campfire_choices":[{"data":"bronze:Goto","floor":1,"key":"SMITH"},{"data":"bronze:Branch","floor":12,"key":"SMITH"},{"data":"bronze:InfiniteLoop","floor":18,"key":"SMITH"}],"circlet_count":0,"master_deck":["bronze:Defend","bronze:Replicate","bronze:Goto+1","bronze:Branch+1","bronze:MaxOutput","bronze:Branch","bronze:Constructor","bronze:Flail","bronze:Iterate","bronze:CutThrough","downfall:Icky","bronze:Refactor","bronze:WildBeam","bronze:WildBeam","bronze:FineTuning","bronze:InfiniteLoop+1","bronze:Branch+1","bronze:ChosenStrike","bronze:Constructor+1","bronze:ChildClass","bronze:FineTuning","bronze:Separator","bronze:GetLatest+1"],"relics":["bronze:BronzeCore","downfall:HeartsMalice","Dream Catcher","TungstenRod","Blue Candle","Gremlin Horn","bronze:ElectromagneticCoil","Toy Ornithopter","Juzu Bracelet"],"acts_visited":["Exordium","TheCity"],"potions_floor_usage":[16,16,16,16,16,23],"damage_taken":[{"damage":0,"enemies":"Small Slimes","floor":2,"turns":1},{"damage":0,"enemies":"downfall:FleeingMerchant","floor":3,"turns":1},{"damage":0,"enemies":"3 Sentries","floor":4,"turns":1},{"damage":12,"enemies":"3 Sentries","floor":6,"turns":11},{"damage":0,"enemies":"Cultist","floor":9,"turns":3},{"damage":0,"enemies":"2 Louse","floor":10,"turns":3},{"damage":6,"enemies":"Large Slime","floor":11,"turns":5},{"damage":1,"enemies":"Blue Slaver","floor":14,"turns":2},{"damage":18,"enemies":"Exordium Thugs","floor":15,"turns":4},{"damage":17,"enemies":"WA_ARCHETYPE_RETAIN","floor":16,"turns":6},{"damage":13,"enemies":"downfall:LooterAlt2","floor":19,"turns":2},{"damage":0,"enemies":"downfall:FleeingMerchant","floor":21,"turns":4},{"damage":20,"enemies":"Shell Parasite","floor":22,"turns":5},{"damage":34,"enemies":"Shell Parasite","floor":23,"turns":4},{"damage":3,"enemies":"Gremlin Leader","floor":26,"turns":1}],"seed_played":"4277915910105597882","potions_obtained":[{"floor":4,"key":"FearPotion"},{"floor":9,"key":"EntropicBrew"},{"floor":10,"key":"champ:CounterPotion"},{"floor":11,"key":"Strength Potion"},{"floor":16,"key":"Swift Potion"}],"is_trial":false,"path_per_floor":["R","M","$","?","?","E","T","?","M","M","M","R","T","M","M","B",null,"R","M","?","$","M","?","T","T","E"],"character_chosen":"THE_AUTOMATON","items_purchased":["bronze:Branch","bronze:ChildClass","bronze:FineTuning","bronze:Separator"],"campfire_rested":0,"item_purchase_floors":[3,21,21,21],"current_hp_per_floor":[70,70,70,70,70,58,58,58,58,58,52,52,52,51,33,16,70,70,57,57,57,37,3,3,3,0,0,0],"gold":205,"neow_bonus":"THREE_ENEMY_KILL","is_daily":false,"chose_seed":false,"campfire_upgraded":3,"win_rate":0.0,"timestamp":1613358726,"path_taken":["R","M","$","?","?","E","T","?","M","M","?","R","?","M","M","BOSS","R","M","?","$","M","?","T","?","E"],"items_purchased_type":["Card","Card","Card","Card"],"build_version":"2020-12-22","purchased_purges":1,"victory":false,"max_hp_per_floor":[70,70,70,70,70,70,70,70,70,70,70,70,70,70,70,70,70,70,70,70,70,70,70,70,70,70,70,70],"relic_stats":{"Dream Catcher":0,"Gremlin Horn":[4,4],"counters":[15,50],"Blue Candle":[1],"Juzu Bracelet":0,"obtain_stats":[{"Dream Catcher":4,"bronze:ElectromagneticCoil":17,"bronze:BronzeCore":0,"Gremlin Horn":13,"Blue Candle":7,"downfall:HeartsMalice":0,"Juzu Bracelet":25,"TungstenRod":6,"Toy Ornithopter":24},{"Dream Catcher":2,"bronze:ElectromagneticCoil":10,"bronze:BronzeCore":0,"Gremlin Horn":7,"Blue Candle":4,"downfall:HeartsMalice":0,"Juzu Bracelet":14,"TungstenRod":4,"Toy Ornithopter":14},{"Dream Catcher":0,"bronze:ElectromagneticCoil":34,"bronze:BronzeCore":0,"Gremlin Horn":22,"Blue Candle":11,"downfall:HeartsMalice":0,"Juzu Bracelet":49,"TungstenRod":11,"Toy Ornithopter":49}],"TungstenRod":22,"Toy Ornithopter":0},"card_choices":[{"not_picked":["bronze:Turbo","bronze:BuggyMess"],"picked":"bronze:Branch","floor":2},{"not_picked":["bronze:Invalidate","bronze:Frontload"],"picked":"bronze:MaxOutput","floor":3},{"not_picked":["bronze:Overheat","bronze:CutThrough"],"picked":"bronze:Constructor","floor":4},{"not_picked":["bronze:ThunderWave","bronze:DarkDash"],"picked":"bronze:Flail","floor":6},{"not_picked":["bronze:Constructor","bronze:Invalidate"],"picked":"bronze:WildBeam","floor":9},{"not_picked":["bronze:Iterate","bronze:Hardcode"],"picked":"bronze:WildBeam","floor":10},{"not_picked":["bronze:BugBarrage","bronze:DelayedGuard","bronze:ShipIt"],"picked":"SKIP","floor":11},{"not_picked":["bronze:Refactor","bronze:ForLoop"],"picked":"bronze:FineTuning","floor":14},{"not_picked":["bronze:Constructor","bronze:Branch","bronze:Flail"],"picked":"SKIP","floor":15},{"not_picked":["bronze:Format","bronze:Break"],"picked":"bronze:InfiniteLoop","floor":16},{"not_picked":["bronze:BugBarrage","bronze:Iterate"],"picked":"bronze:Branch+1","floor":19},{"not_picked":["bronze:Branch","bronze:InfiniteBeams"],"picked":"bronze:Constructor+1","floor":21},{"not_picked":["bronze:BugBarrage","bronze:BuggyMess"],"picked":"bronze:GetLatest+1","floor":22}],"player_experience":215976,"relics_obtained":[{"floor":6,"key":"TungstenRod"},{"floor":7,"key":"Blue Candle"},{"floor":13,"key":"Gremlin Horn"},{"floor":24,"key":"Toy Ornithopter"},{"floor":25,"key":"Juzu Bracelet"}],"event_choices":[{"cards_removed":["bronze:Strike"],"damage_healed":0,"gold_gain":0,"player_choice":"Card Removal","damage_taken":0,"max_hp_gain":0,"max_hp_loss":0,"event_name":"The Cleric","floor":5,"gold_loss":0},{"damage_healed":0,"gold_gain":0,"player_choice":"Read","damage_taken":0,"max_hp_gain":0,"max_hp_loss":0,"event_name":"The Library","floor":20,"gold_loss":0,"cards_obtained":["bronze:ChosenStrike"]}],"is_beta":false,"boss_relics":[{"not_picked":["bronze:PlatinumCore","SacredBark"],"picked":"bronze:ElectromagneticCoil"}],"items_purged_floors":[21],"is_endless":false,"potions_floor_spawned":[4,9,10,11,14,16],"killed_by":"Gremlin Leader","ascension_level":1}}