{"host":"vl29iwkwnyytuw8q","time":1613354476,"event":{"mods":["BaseMod","Minty Spire (QoL Compilation)","Permanent Neow","Relic Stats","StSLib"],"gold_per_floor":[109,119,132,132,142,142,167,179,179,199,213,227,247,6,6,90,90,112,162,184,193,19,61,61,85,85,85,85,85,85,105,105,191,191,204,63,72,95,60,60,60,60,60,102,120,147,147,147,147,147,147,147],"floor_reached":51,"language":"ENG","playtime":1616,"items_purged":["Strike_G","Shame","Strike_G+1"],"score":1348,"play_id":"597178cb-47c6-43ab-9b8d-3528c4087d99","local_time":"20210215030116","is_ascension_mode":true,"campfire_choices":[{"data":"Noxious Fumes","floor":6.0,"key":"SMITH"},{"floor":15.0,"key":"REST"},{"floor":27.0,"key":"REST"},{"floor":29.0,"key":"REST"},{"data":"Wraith Form v2","floor":32.0,"key":"SMITH"},{"data":"Noxious Fumes","floor":40.0,"key":"SMITH"},{"data":"Calculated Gamble","floor":42.0,"key":"SMITH"},{"data":"Adrenaline","floor":47.0,"key":"SMITH"},{"data":"Bouncing Flask","floor":49.0,"key":"SMITH"}],"circlet_count":0,"master_deck":["AscendersBane","Strike_G+1","Strike_G+1","Defend_G+1","Defend_G+1","Defend_G+1","Defend_G+1","Survivor","Neutralize","Dagger Throw","Poisoned Stab","Noxious Fumes+1","Backflip","Skewer+1","Underhanded Strike+1","Acrobatics","Noxious Fumes+1","Wraith Form v2+1","Calculated Gamble+1","Sucker Punch+1","Escape Plan","Bouncing Flask+1","Backstab+1","Dagger Spray+1","Adrenaline+1","Corpse Explosion","Deflect","Mayhem","Quick Slash+1","Leg Sweep","Backflip+1","Poisoned Stab+1"],"relics":["Ring of the Snake","FaceOfCleric","Molten Egg 2","PreservedInsect","CeramicFish","Cursed Key","Kunai","Vajra","Busted Crown","Singing Bowl"],"acts_visited":["Exordium","TheCity","TheBeyond"],"potions_floor_usage":[50,50],"damage_taken":[{"damage":0.0,"enemies":"Jaw Worm","floor":1.0,"turns":5.0},{"damage":0.0,"enemies":"Cultist","floor":2.0,"turns":3.0},{"damage":1.0,"enemies":"Small Slimes","floor":3.0,"turns":3.0},{"damage":7.0,"enemies":"3 Louse","floor":5.0,"turns":4.0},{"damage":28.0,"enemies":"Gremlin Nob","floor":7.0,"turns":4.0},{"damage":4.0,"enemies":"2 Fungi Beasts","floor":8.0,"turns":4.0},{"damage":0.0,"enemies":"Exordium Wildlife","floor":10.0,"turns":3.0},{"damage":3.0,"enemies":"Large Slime","floor":11.0,"turns":6.0},{"damage":16.0,"enemies":"Exordium Thugs","floor":12.0,"turns":4.0},{"damage":2.0,"enemies":"Looter","floor":13.0,"turns":4.0},{"damage":19.0,"enemies":"Hexaghost","floor":16.0,"turns":10.0},{"damage":10.0,"enemies":"Shell Parasite","floor":18.0,"turns":5.0},{"damage":18.0,"enemies":"Chosen","floor":20.0,"turns":4.0},{"damage":23.0,"enemies":"Book of Stabbing","floor":23.0,"turns":6.0},{"damage":1.0,"enemies":"Sentry and Sphere","floor":25.0,"turns":5.0},{"damage":0.0,"enemies":"Snecko","floor":31.0,"turns":4.0},{"damage":22.0,"enemies":"Automaton","floor":33.0,"turns":8.0},{"damage":1.0,"enemies":"3 Shapes","floor":35.0,"turns":3.0},{"damage":11.0,"enemies":"3 Darklings","floor":38.0,"turns":2.0},{"damage":10.0,"enemies":"Giant Head","floor":44.0,"turns":9.0},{"damage":1.0,"enemies":"Jaw Worm Horde","floor":45.0,"turns":3.0},{"damage":0.0,"enemies":"4 Shapes","floor":46.0,"turns":3.0},{"damage":36,"enemies":"Donu and Deca","floor":50,"turns":8},{"damage":18,"enemies":"Time Eater","floor":51,"turns":6}],"seed_played":"5672927911576624626","potions_obtained":[{"floor":2.0,"key":"Poison Potion"},{"floor":5.0,"key":"ColorlessPotion"},{"floor":8.0,"key":"LiquidMemories"},{"floor":13.0,"key":"PowerPotion"},{"floor":18.0,"key":"ColorlessPotion"},{"floor":23.0,"key":"Energy Potion"},{"floor":31.0,"key":"Ancient Potion"},{"floor":33.0,"key":"AttackPotion"}],"is_trial":false,"path_per_floor":["M","M","M","?","M","R","E","M","T","M","M","M","M","$","R","B",null,"M","?","M","T","$","E","?","M","T","R","?","R","?","M","R","B",null,"M","$","?","M","$","R","?","R","T","E","M","M","R","?","R","B","B"],"character_chosen":"THE_SILENT","items_purchased":["CeramicFish","Bouncing Flask","Deflect","Leg Sweep"],"campfire_rested":3,"item_purchase_floors":[14,22,36,39],"current_hp_per_floor":[59,59,58,58,52,52,25,22,22,23,21,6,5,5,25,7,53,44,44,27,27,27,5,5,5,5,26,26,47,47,48,48,27,62,62,62,62,52,52,52,52,52,52,43,45,46,46,46,46,11,0,0],"gold":147,"neow_bonus":"REMOVE_TWO","is_daily":false,"chose_seed":false,"campfire_upgraded":6,"win_rate":0.0,"timestamp":1613354476,"path_taken":["M","M","M","?","M","R","E","M","T","?","M","M","?","$","R","BOSS","M","?","M","?","$","E","?","M","T","R","?","R","?","?","R","BOSS","M","$","?","M","?","R","?","R","T","E","M","M","R","?","R","BOSS","BOSS"],"items_purchased_type":["Relic","Card","Card","Card"],"build_version":"2020-12-22","purchased_purges":3,"victory":false,"max_hp_per_floor":[60,60,60,60,61,61,62,63,63,64,65,66,67,67,67,68,68,69,69,70,70,70,71,71,72,72,72,72,72,72,73,73,74,74,75,75,75,76,76,76,72,72,72,73,76,77,77,77,77,78,78,78],"relic_stats":{"Busted Crown":12,"FaceOfCleric":20,"Singing Bowl":2,"counters":[24,116],"CeramicFish":135,"PreservedInsect":173,"Kunai":[18],"Cursed Key":1,"obtain_stats":[{"Busted Crown":34,"FaceOfCleric":4,"Singing Bowl":44,"CeramicFish":14,"Vajra":23,"Molten Egg 2":7,"PreservedInsect":9,"Kunai":21,"Cursed Key":17,"Ring of the Snake":0},{"Busted Crown":17,"FaceOfCleric":3,"Singing Bowl":20,"CeramicFish":10,"Vajra":14,"Molten Egg 2":5,"PreservedInsect":6,"Kunai":13,"Cursed Key":11,"Ring of the Snake":0},{"Busted Crown":82,"FaceOfCleric":11,"Singing Bowl":96,"CeramicFish":40,"Vajra":65,"Molten Egg 2":19,"PreservedInsect":23,"Kunai":59,"Cursed Key":50,"Ring of the Snake":0}],"Ring of the Snake":[48]},"card_choices":[{"not_picked":["Slice","Quick Slash"],"picked":"Dagger Throw","floor":1.0},{"not_picked":["Flechettes","Dagger Spray"],"picked":"Poisoned Stab","floor":2.0},{"not_picked":["Quick Slash","Finisher"],"picked":"Noxious Fumes","floor":3.0},{"not_picked":["Accuracy","Slice"],"picked":"Backflip","floor":5.0},{"not_picked":["Dagger Spray+1","Choke+1"],"picked":"Skewer+1","floor":7.0},{"not_picked":["Flechettes+1","Slice+1"],"picked":"Underhanded Strike+1","floor":8.0},{"not_picked":["Escape Plan","Dagger Spray+1"],"picked":"Acrobatics","floor":10.0},{"not_picked":["Dodge and Roll","Reflex"],"picked":"Noxious Fumes","floor":11.0},{"not_picked":["Flying Knee+1","Riddle With Holes+1"],"picked":"Wraith Form v2","floor":12.0},{"not_picked":["Choke+1","Tactician"],"picked":"Calculated Gamble","floor":13.0},{"not_picked":["Storm of Steel","After Image"],"picked":"Night Terror","floor":16.0},{"not_picked":["Dodge and Roll","Quick Slash+1"],"picked":"Sucker Punch+1","floor":18.0},{"not_picked":["Blade Dance","Finisher+1"],"picked":"Escape Plan","floor":20.0},{"not_picked":["Bane+1","Blade Dance"],"picked":"Backstab+1","floor":23.0},{"not_picked":["Acrobatics","Sucker Punch+1"],"picked":"Dagger Spray+1","floor":25.0},{"not_picked":["Distraction","Skewer+1"],"picked":"Adrenaline","floor":31.0},{"not_picked":["Doppelganger","Envenom"],"picked":"Corpse Explosion","floor":33.0},{"not_picked":["Sucker Punch+1"],"picked":"SKIP","floor":35.0},{"not_picked":[],"picked":"Mayhem","floor":37.0},{"not_picked":[],"picked":"Quick Slash+1","floor":38.0},{"not_picked":[],"picked":"Backflip+1","floor":44.0},{"not_picked":["Dodge and Roll"],"picked":"Singing Bowl","floor":45.0},{"not_picked":[],"picked":"Poisoned Stab+1","floor":46.0}],"player_experience":686617,"relics_obtained":[{"floor":7.0,"key":"Molten Egg 2"},{"floor":9.0,"key":"PreservedInsect"},{"floor":21.0,"key":"Kunai"},{"floor":23.0,"key":"Vajra"},{"floor":44.0,"key":"Singing Bowl"}],"event_choices":[{"damage_healed":0.0,"max_hp_gain":0.0,"max_hp_loss":0.0,"gold_gain":0.0,"event_name":"FaceTrader","player_choice":"Trade","floor":4.0,"gold_loss":0.0,"damage_taken":0.0,"relics_obtained":["FaceOfCleric"]},{"damage_healed":0.0,"max_hp_gain":0.0,"max_hp_loss":0.0,"gold_gain":50.0,"event_name":"Nest","player_choice":"Stole From Cult","floor":19.0,"gold_loss":0.0,"damage_taken":0.0},{"damage_healed":0.0,"max_hp_gain":0.0,"max_hp_loss":0.0,"gold_gain":0.0,"event_name":"Cursed Tome","player_choice":"Ignored","floor":24.0,"gold_loss":0.0,"damage_taken":0.0},{"damage_healed":0.0,"max_hp_gain":0.0,"max_hp_loss":0.0,"gold_gain":0.0,"event_name":"Vampires","player_choice":"Ignored","floor":28.0,"gold_loss":0.0,"damage_taken":0.0},{"damage_healed":0.0,"max_hp_gain":0.0,"max_hp_loss":0.0,"gold_gain":0.0,"event_name":"Back to Basics","player_choice":"Simplicity","floor":30.0,"gold_loss":0.0,"damage_taken":0.0,"cards_upgraded":["Strike_G","Strike_G","Strike_G","Defend_G","Defend_G","Defend_G","Defend_G"]},{"damage_healed":0.0,"max_hp_gain":0.0,"max_hp_loss":0.0,"gold_gain":0.0,"event_name":"SensoryStone","player_choice":"Memory 1","floor":37.0,"gold_loss":0.0,"damage_taken":0.0},{"damage_healed":0.0,"max_hp_gain":0.0,"max_hp_loss":4.0,"gold_gain":0.0,"event_name":"Winding Halls","player_choice":"Max HP","floor":41.0,"gold_loss":0.0,"damage_taken":0.0},{"cards_removed":["Night Terror"],"damage_healed":0.0,"max_hp_gain":0.0,"max_hp_loss":0.0,"gold_gain":0.0,"event_name":"Falling","player_choice":"Removed Skill","floor":48.0,"gold_loss":0.0,"damage_taken":0.0}],"is_beta":false,"boss_relics":[{"not_picked":["Astrolabe","Ring of the Serpent"],"picked":"Cursed Key"},{"not_picked":["Black Star","Velvet Choker"],"picked":"Busted Crown"}],"items_purged_floors":[14,22,36],"is_endless":false,"potions_floor_spawned":[2,5,8,13,18,23,31,33,35,45,46],"killed_by":"Time Eater","ascension_level":20}}