{"host":"bpnwh7vpv9k3tssc","time":1613398130,"event":{"mods":["BaseMod","Colored Map","Colored Powertips","Curses Come First","Highlight Path","Minty Spire (QoL Compilation)","Quick Restart","Random Character Button","Relic Sorter","StSLib"],"gold_per_floor":[114,114,45,55,5,39,39,72,72,72,91,91,101,114,114,213,213,229,229,246,3,22,51,51,85,109,141,153,164,179,192,192,294,294,307,327,17,17,37,37,37,37],"floor_reached":41,"language":"ENG","playtime":3126,"items_purged":["Doubt"],"score":747,"play_id":"9a7f1d09-4eb3-4901-92b2-91132168ec8b","local_time":"20210215150850","is_ascension_mode":true,"campfire_choices":[{"data":"Zap","floor":7,"key":"SMITH"},{"floor":12,"key":"REST"},{"data":"Defragment","floor":15,"key":"SMITH"},{"data":"Fission","floor":24,"key":"SMITH"},{"floor":32,"key":"REST"},{"data":"Loop","floor":40,"key":"SMITH"}],"circlet_count":0,"master_deck":["Strike_B","Strike_B","Strike_B","Defend_B","Defend_B","Defend_B","Defend_B","Zap+1","Dualcast","Beam Cell","Doom and Gloom","Impatience","Static Discharge","Coolheaded","Reboot","Defragment+1","Stack","Go for the Eyes","Steam Power","Fission+1","Chaos","Conserve Battery","Compile Driver+1","All For One","Reinforced Body","Glacier","Stack","Beam Cell+1","Loop+1","Electrodynamics","Glacier+1","Steam Power+1","Self Repair","Meteor Strike"],"relics":["Cursed Key","Gambling Chip","Nunchaku","Calipers","Sozu","Anchor","Gremlin Horn","Akabeko","Toy Ornithopter","Juzu Bracelet","Shuriken","Inserter"],"acts_visited":["Exordium","TheCity","TheBeyond"],"potions_floor_usage":[14,16,23],"damage_taken":[{"damage":3,"enemies":"Jaw Worm","floor":1,"turns":4},{"damage":6,"enemies":"Cultist","floor":4,"turns":3},{"damage":22,"enemies":"Gremlin Nob","floor":6,"turns":4},{"damage":13,"enemies":"Lagavulin","floor":8,"turns":4},{"damage":0,"enemies":"Small Slimes","floor":11,"turns":2},{"damage":4,"enemies":"2 Fungi Beasts","floor":13,"turns":3},{"damage":5,"enemies":"Red Slaver","floor":14,"turns":3},{"damage":15,"enemies":"Slime Boss","floor":16,"turns":8},{"damage":1,"enemies":"3 Byrds","floor":18,"turns":3},{"damage":1,"enemies":"Shell Parasite","floor":20,"turns":4},{"damage":5,"enemies":"Centurion and Healer","floor":22,"turns":8},{"damage":19,"enemies":"Book of Stabbing","floor":23,"turns":5},{"damage":9,"enemies":"Gremlin Leader","floor":25,"turns":4},{"damage":0,"enemies":"Book of Stabbing","floor":27,"turns":4},{"damage":0,"enemies":"Snecko","floor":28,"turns":5},{"damage":0,"enemies":"Cultist and Chosen","floor":29,"turns":4},{"damage":1,"enemies":"Centurion and Healer","floor":30,"turns":4},{"damage":0,"enemies":"Sentry and Sphere","floor":31,"turns":3},{"damage":15,"enemies":"Automaton","floor":33,"turns":9},{"damage":25,"enemies":"3 Shapes","floor":35,"turns":3},{"damage":10,"enemies":"3 Darklings","floor":36,"turns":5},{"damage":28,"enemies":"Sphere and 2 Shapes","floor":39,"turns":4},{"damage":52,"enemies":"Giant Head","floor":41,"turns":8}],"seed_played":"-9158499247501688704","potions_obtained":[{"floor":4,"key":"SneckoOil"},{"floor":11,"key":"PowerPotion"},{"floor":13,"key":"EntropicBrew"}],"is_trial":false,"path_per_floor":["M","?","$","M","?","E","R","E","T","?","M","R","M","M","R","B",null,"M","?","M","$","M","E","R","E","T","E","M","M","M","M","R","B",null,"M","M","$","?","M","R","E"],"character_chosen":"DEFECT","items_purchased":["Static Discharge","Gremlin Horn","Self Repair","Meteor Strike"],"campfire_rested":2,"item_purchase_floors":[3,21,37,37],"current_hp_per_floor":[65,65,65,59,59,37,37,24,24,24,24,45,41,36,36,21,59,58,58,57,57,52,33,33,24,24,24,24,24,23,23,44,29,61,36,26,26,63,42,42,0,0],"gold":37,"neow_bonus":"BOSS_RELIC","is_daily":false,"chose_seed":false,"campfire_upgraded":4,"win_rate":0.0,"timestamp":1613398130,"path_taken":["M","?","?","M","?","E","R","E","T","?","M","R","?","M","R","BOSS","M","?","M","$","M","E","R","E","T","E","M","M","M","M","R","BOSS","M","M","$","?","M","R","E"],"items_purchased_type":["Card","Relic","Card","Card"],"build_version":"2020-12-22","purchased_purges":1,"victory":false,"max_hp_per_floor":[75,75,75,75,75,75,75,75,75,72,72,72,72,72,72,72,72,72,72,72,72,72,72,72,72,72,72,72,72,72,72,72,72,72,72,72,72,63,63,63,63,63],"card_choices":[{"not_picked":["Hologram","Reinforced Body"],"picked":"Beam Cell","floor":1},{"not_picked":["Steam","Go for the Eyes"],"picked":"Coolheaded","floor":4},{"not_picked":["Tempest","Rebound"],"picked":"Reboot","floor":6},{"not_picked":["Stack","Redo"],"picked":"Defragment","floor":8},{"not_picked":["Hologram","Turbo"],"picked":"Stack","floor":11},{"not_picked":["Beam Cell","Gash"],"picked":"Go for the Eyes","floor":13},{"not_picked":["Compile Driver","Streamline"],"picked":"Steam Power","floor":14},{"not_picked":["All For One","Machine Learning"],"picked":"Fission","floor":16},{"not_picked":["Undo","Aggregate"],"picked":"Chaos","floor":18},{"not_picked":["Ball Lightning","Coolheaded"],"picked":"Conserve Battery","floor":20},{"not_picked":["Hologram","Redo"],"picked":"Compile Driver+1","floor":22},{"not_picked":["Sweeping Beam","Coolheaded"],"picked":"All For One","floor":23},{"not_picked":["Recycle","Cold Snap"],"picked":"Reinforced Body","floor":25},{"not_picked":["Leap","White Noise"],"picked":"Glacier","floor":27},{"not_picked":["Rebound","Hologram"],"picked":"Stack","floor":28},{"not_picked":["Turbo","Go for the Eyes+1"],"picked":"Beam Cell+1","floor":29},{"not_picked":["Rebound+1","Blizzard"],"picked":"Loop","floor":30},{"not_picked":["Consume","Go for the Eyes","Glacier"],"picked":"SKIP","floor":31},{"not_picked":["Fission","Biased Cognition"],"picked":"Electrodynamics","floor":33},{"not_picked":["Go for the Eyes+1","Chill+1"],"picked":"Glacier+1","floor":35},{"not_picked":["Stack","Redo+1"],"picked":"Steam Power+1","floor":36},{"not_picked":["Glacier+1","Heatsinks","Turbo+1"],"picked":"SKIP","floor":39}],"player_experience":395831,"relics_obtained":[{"floor":6,"key":"Gambling Chip"},{"floor":8,"key":"Nunchaku"},{"floor":9,"key":"Calipers"},{"floor":23,"key":"Akabeko"},{"floor":25,"key":"Toy Ornithopter"},{"floor":26,"key":"Juzu Bracelet"},{"floor":27,"key":"Shuriken"}],"event_choices":[{"damage_healed":0,"gold_gain":0,"player_choice":"2 cards matched","damage_taken":0,"max_hp_gain":0,"max_hp_loss":0,"event_name":"Match and Keep!","floor":2,"gold_loss":0,"cards_obtained":["Doom and Gloom","Impatience"]},{"cards_removed":["Strike_B"],"damage_healed":0,"gold_gain":0,"player_choice":"Card Removal","damage_taken":0,"max_hp_gain":0,"max_hp_loss":0,"event_name":"The Cleric","floor":5,"gold_loss":50},{"cards_removed":["Parasite"],"damage_healed":0,"gold_gain":0,"player_choice":"Purged","damage_taken":0,"max_hp_gain":0,"max_hp_loss":0,"event_name":"Purifier","floor":10,"gold_loss":0},{"damage_healed":0,"gold_gain":0,"player_choice":"Opened","damage_taken":0,"relics_obtained":["Anchor"],"max_hp_gain":0,"max_hp_loss":0,"event_name":"The Mausoleum","floor":19,"gold_loss":0},{"damage_healed":63,"gold_gain":0,"player_choice":"Heal","damage_taken":0,"max_hp_gain":0,"max_hp_loss":9,"event_name":"The Moai Head","floor":38,"gold_loss":0}],"is_beta":false,"boss_relics":[{"not_picked":["Calling Bell","Tiny House"],"picked":"Sozu"},{"not_picked":["SacredBark","Snecko Eye"],"picked":"Inserter"}],"items_purged_floors":[37],"is_endless":false,"potions_floor_spawned":[4,11,13,23,27,28,30,31,33,35],"killed_by":"Giant Head","ascension_level":9}}