{"host":"prxrhpgaxnj4om9r","time":1613395336,"event":{"mods":["AchievementEnabler","BaseMod","Colored Map","DeckTracker","Minty Spire (QoL Compilation)"],"gold_per_floor":[13,13,33,108,125,125,143,143,143],"floor_reached":8,"language":"KOR","playtime":322,"items_purged":[],"score":58,"play_id":"05574840-1539-4ea0-90bc-638abab674a8","local_time":"20210215222216","is_ascension_mode":true,"campfire_choices":[{"data":"Spot Weakness","floor":6,"key":"SMITH"}],"circlet_count":0,"master_deck":["Strike_R","Strike_R","Strike_R","Strike_R","Defend_R","Defend_R","Bash","Brutality","Seeing Red","Dropkick","Spot Weakness+1","Burning Pact","Heavy Blade","Wild Strike"],"relics":["Burning Blood"],"acts_visited":["Exordium"],"potions_floor_usage":[7,7],"damage_taken":[{"damage":13,"enemies":"Jaw Worm","floor":1,"turns":4},{"damage":0,"enemies":"2 Louse","floor":3,"turns":3},{"damage":6,"enemies":"Cultist","floor":5,"turns":3},{"damage":9,"enemies":"2 Fungi Beasts","floor":7,"turns":2},{"damage":69,"enemies":"Gremlin Nob","floor":8,"turns":4}],"seed_played":"8729614562208190517","potions_obtained":[{"floor":1,"key":"BlessingOfTheForge"},{"floor":3,"key":"Explosive Potion"}],"is_trial":false,"path_per_floor":["M","?","M","?","M","R","M","E"],"character_chosen":"IRONCLAD","items_purchased":[],"campfire_rested":0,"item_purchase_floors":[],"current_hp_per_floor":[73,73,79,71,71,71,68,0,0],"gold":143,"neow_bonus":"TRANSFORM_TWO_CARDS","is_daily":false,"chose_seed":false,"campfire_upgraded":1,"win_rate":0.0,"timestamp":1613395336,"path_taken":["M","?","M","?","?","R","M","E"],"items_purchased_type":[],"build_version":"2020-12-22","purchased_purges":0,"victory":false,"max_hp_per_floor":[80,80,80,80,80,80,80,80,80],"card_choices":[{"not_picked":["Combust","Iron Wave"],"picked":"Dropkick","floor":1},{"not_picked":["Sword Boomerang","Warcry"],"picked":"Burning Pact","floor":3},{"not_picked":["Sword Boomerang","Clothesline"],"picked":"Heavy Blade","floor":5},{"not_picked":["Rupture","Double Tap"],"picked":"Wild Strike","floor":7}],"player_experience":464135,"relics_obtained":[],"event_choices":[{"damage_healed":0,"gold_gain":0,"cards_transformed":["Defend_R"],"player_choice":"Change","damage_taken":0,"max_hp_gain":0,"max_hp_loss":0,"event_name":"Living Wall","floor":2,"gold_loss":0,"cards_obtained":["Spot Weakness"]},{"damage_healed":0,"gold_gain":75,"player_choice":"Touch","damage_taken":8,"max_hp_gain":0,"max_hp_loss":0,"event_name":"FaceTrader","floor":4,"gold_loss":0}],"is_beta":false,"boss_relics":[],"items_purged_floors":[],"is_endless":false,"potions_floor_spawned":[1,3],"killed_by":"Gremlin Nob","ascension_level":4}}