{"host":"3hzk4hwwdropes3d","time":1613373148,"event":{"mods":["BaseMod","Downfall","Hermit","Minty Spire (QoL Compilation)","StSLib"],"gold_per_floor":[116,131,131,131,206,249,249,263,317,64,80,80,101,114,114,114,114],"floor_reached":16,"language":"ENG","playtime":821,"items_purged":[],"score":112,"play_id":"8a9c5edd-fcaa-48a0-8b10-eea49b05de05","local_time":"20210214231228","is_ascension_mode":true,"campfire_choices":[{"floor":7,"key":"REST"},{"floor":12,"key":"REST"},{"data":"Halt","floor":15,"key":"SMITH"}],"circlet_count":0,"master_deck":["Strike_P","Strike_P","Strike_P","Strike_P","Defend_P","Defend_P","Defend_P","Defend_P","Eruption+1","Vigilance","FlurryOfBlows","Consecrate","Vengeance","MentalFortress","FlurryOfBlows","Halt","FlurryOfBlows","LessonLearned","Indignation","Halt+1","SashWhip","Wallop","Evaluate"],"relics":["PureWater","Golden Idol","Ancient Tea Set","Bronze Scales","Orrery"],"acts_visited":["Exordium"],"potions_floor_usage":[16],"damage_taken":[{"damage":2,"enemies":"Cultist","floor":1,"turns":3},{"damage":1,"enemies":"2 Louse","floor":2,"turns":2},{"damage":31,"enemies":"3 Sentries","floor":6,"turns":4},{"damage":2,"enemies":"Small Slimes","floor":8,"turns":2},{"damage":7,"enemies":"Gremlin Gang","floor":11,"turns":3},{"damage":3,"enemies":"Looter","floor":13,"turns":2},{"damage":3,"enemies":"Exordium Thugs","floor":14,"turns":2},{"damage":28,"enemies":"The Guardian","floor":16,"turns":12}],"seed_played":"-4901207596810158665","potions_obtained":[{"floor":1,"key":"Energy Potion"},{"floor":11,"key":"DuplicationPotion"}],"is_trial":false,"path_per_floor":["M","M","?","?","?","E","R","M","T","$","M","R","M","M","R","B"],"character_chosen":"WATCHER","items_purchased":["FlurryOfBlows","Halt","Orrery"],"campfire_rested":2,"item_purchase_floors":[10,10,10],"current_hp_per_floor":[70,69,51,51,40,9,30,28,28,28,21,42,39,36,36,8,8],"gold":114,"neow_bonus":"UPGRADE_CARD","is_daily":false,"chose_seed":false,"campfire_upgraded":1,"win_rate":0.0,"timestamp":1613373148,"path_taken":["M","M","?","?","?","E","R","M","T","$","M","R","M","M","R","BOSS"],"items_purchased_type":["Card","Card","Relic"],"build_version":"2020-12-22","purchased_purges":0,"victory":false,"max_hp_per_floor":[72,72,72,72,72,72,72,72,72,72,72,72,72,72,72,72,72],"card_choices":[{"not_picked":["Wallop","ThirdEye"],"picked":"FlurryOfBlows","floor":1},{"not_picked":["CutThroughFate","FollowUp"],"picked":"Consecrate","floor":2},{"not_picked":["EmptyFist","Vault"],"picked":"Vengeance","floor":6},{"not_picked":["Nirvana","CrushJoints"],"picked":"MentalFortress","floor":8},{"not_picked":["Weave","Conclude"],"picked":"FlurryOfBlows","floor":10},{"not_picked":["FlyingSleeves","Consecrate"],"picked":"LessonLearned","floor":10},{"not_picked":["WheelKick","Worship"],"picked":"Indignation","floor":10},{"not_picked":["Worship","FlurryOfBlows"],"picked":"Halt","floor":10},{"not_picked":["WindmillStrike","Pray"],"picked":"SashWhip","floor":10},{"not_picked":["FlurryOfBlows","FlyingSleeves"],"picked":"Wallop","floor":11},{"not_picked":["WheelKick","SashWhip"],"picked":"Evaluate","floor":13},{"not_picked":["ClearTheMind","JustLucky","SashWhip"],"picked":"SKIP","floor":14}],"player_experience":408481,"relics_obtained":[{"floor":6,"key":"Ancient Tea Set"},{"floor":9,"key":"Bronze Scales"}],"event_choices":[{"damage_healed":0,"gold_gain":0,"player_choice":"Take Damage","damage_taken":18,"relics_obtained":["Golden Idol"],"max_hp_gain":0,"max_hp_loss":0,"event_name":"Golden Idol","floor":3,"gold_loss":0},{"damage_healed":0,"gold_gain":0,"player_choice":"Ignored","damage_taken":0,"max_hp_gain":0,"max_hp_loss":0,"event_name":"Liars Game","floor":4,"gold_loss":0},{"damage_healed":0,"gold_gain":75,"player_choice":"Gather Gold","damage_taken":11,"max_hp_gain":0,"max_hp_loss":0,"event_name":"World of Goop","floor":5,"gold_loss":0}],"is_beta":false,"boss_relics":[],"items_purged_floors":[],"is_endless":false,"potions_floor_spawned":[1,2,11],"killed_by":"The Guardian","ascension_level":2}}