{"host":"fuszjwm6fqgjjp4d","time":1613354690,"event":{"mods":["BaseMod","Colored Map","Minty Spire (QoL Compilation)","Permanent Neow","Relic Sorter","Relic Stats","StSLib"],"gold_per_floor":[115,35,35,35,53,53,53,86,138,154,173,201,276,292,292,366,366,376,376,10,23,41,41,92,103,183,197,209,237,237,252,252,326,326,336,356,375,375,388,388,404,417,444,473,501,49,80,30,30,30,30],"floor_reached":50,"language":"ENG","playtime":2326,"items_purged":["Strike_B"],"score":1226,"play_id":"a25f66ae-30cf-4c9e-8887-cdf0674a66c4","local_time":"20210214200450","is_ascension_mode":true,"campfire_choices":[{"data":"Zap","floor":6,"key":"SMITH"},{"data":"Storm","floor":15,"key":"SMITH"},{"floor":23,"key":"REST"},{"floor":30,"key":"RECALL"},{"floor":32,"key":"REST"},{"floor":40,"key":"REST"},{"floor":49,"key":"REST"}],"circlet_count":0,"master_deck":["AscendersBane","Strike_B","Strike_B+1","Defend_B","Defend_B","Defend_B","Defend_B","Zap+1","Dualcast+1","Storm+1","Reboot+1","Ball Lightning","Cold Snap","Loop","Lockon","Seek","Self Repair","Echo Form","Steam Power+1","Force Field+1","Conserve Battery","Defragment+1","Coolheaded","Defragment","Amplify","Hologram","Hologram","FTL+1","Storm","Chill+1","Sweeping Beam","Static Discharge"],"relics":["Cracked Core","Smiling Mask","Lizard Tail","DataDisk","Letter Opener","Fusion Hammer","Torii","FossilizedHelix","Lantern","Pantograph","Toy Ornithopter","SlaversCollar","Bag of Marbles","MawBank","OrangePellets","Blood Vial","Singing Bowl"],"acts_visited":["Exordium","TheCity","TheBeyond"],"potions_floor_usage":[8,12,18,28,28,42,44,45,47,50],"damage_taken":[{"damage":1,"enemies":"Cultist","floor":1,"turns":3},{"damage":4,"enemies":"2 Louse","floor":5,"turns":3},{"damage":0,"enemies":"Lagavulin","floor":8,"turns":4},{"damage":0,"enemies":"Jaw Worm","floor":10,"turns":2},{"damage":0,"enemies":"Large Slime","floor":11,"turns":3},{"damage":5,"enemies":"3 Sentries","floor":12,"turns":4},{"damage":17,"enemies":"Exordium Wildlife","floor":14,"turns":3},{"damage":2,"enemies":"Slime Boss","floor":16,"turns":6},{"damage":0,"enemies":"Chosen","floor":18,"turns":2},{"damage":11,"enemies":"2 Thieves","floor":21,"turns":2},{"damage":29,"enemies":"Sentry and Sphere","floor":22,"turns":6},{"damage":0,"enemies":"Snecko","floor":25,"turns":3},{"damage":5,"enemies":"Chosen and Byrds","floor":27,"turns":3},{"damage":1,"enemies":"Shelled Parasite and Fungi","floor":28,"turns":5},{"damage":0,"enemies":"Gremlin Leader","floor":29,"turns":4},{"damage":0,"enemies":"Snecko","floor":31,"turns":4},{"damage":31,"enemies":"Champ","floor":33,"turns":7},{"damage":0,"enemies":"3 Shapes","floor":35,"turns":4},{"damage":1,"enemies":"Orb Walker","floor":36,"turns":3},{"damage":0,"enemies":"Jaw Worm Horde","floor":37,"turns":2},{"damage":12,"enemies":"3 Darklings","floor":39,"turns":5},{"damage":0,"enemies":"Maw","floor":41,"turns":5},{"damage":22,"enemies":"Sphere and 2 Shapes","floor":42,"turns":3},{"damage":41,"enemies":"Giant Head","floor":44,"turns":6},{"damage":7,"enemies":"Jaw Worm Horde","floor":45,"turns":4},{"damage":0,"enemies":"Nemesis","floor":47,"turns":3},{"damage":121,"enemies":"Awakened One","floor":50,"turns":6}],"seed_played":"-7503910612043928668","potions_obtained":[{"floor":1,"key":"EssenceOfDarkness"},{"floor":10,"key":"FocusPotion"},{"floor":11,"key":"SteroidPotion"},{"floor":14,"key":"Energy Potion"},{"floor":22,"key":"Dexterity Potion"},{"floor":27,"key":"Dexterity Potion"},{"floor":29,"key":"ColorlessPotion"},{"floor":36,"key":"Fire Potion"},{"floor":41,"key":"DuplicationPotion"},{"floor":44,"key":"Energy Potion"},{"floor":47,"key":"SkillPotion"}],"is_trial":false,"path_per_floor":["M","$","?","?","M","R","?","E","T","M","M","E","?","M","R","B",null,"M","?","$","M","M","R","T","M","T","M","M","E","R","M","R","B",null,"M","M","M","T","M","R","M","M","T","E","M","$","E","?","R","B"],"character_chosen":"DEFECT","items_purchased":["Storm","FossilizedHelix","OrangePellets","Blood Vial","Static Discharge","Block Potion"],"campfire_rested":4,"item_purchase_floors":[2,20,46,46,46,46],"current_hp_per_floor":[63,63,42,42,38,38,38,38,38,38,38,33,22,5,5,10,56,63,63,63,59,37,58,58,65,65,71,71,71,71,71,71,54,67,71,71,71,71,66,71,71,56,56,27,25,25,34,34,55,0,0],"gold":30,"neow_bonus":"RANDOM_COMMON_RELIC","is_daily":false,"chose_seed":false,"campfire_upgraded":2,"win_rate":0.0,"timestamp":1613354690,"path_taken":["M","?","?","?","?","R","?","E","T","M","M","E","?","M","R","BOSS","M","?","$","?","?","R","?","M","T","?","M","E","R","M","R","BOSS","M","?","M","?","M","R","M","M","T","E","M","$","E","?","R","BOSS"],"items_purchased_type":["Card","Relic","Relic","Relic","Card","Potion"],"build_version":"2020-12-22","purchased_purges":1,"victory":false,"max_hp_per_floor":[71,71,71,71,71,71,71,71,71,71,71,71,71,71,71,71,71,71,71,71,71,71,71,71,71,71,71,71,71,71,71,71,71,71,71,71,71,71,71,71,71,71,71,71,71,71,73,73,73,73,73],"relic_stats":{"Blood Vial":4,"OrangePellets":[0],"Lizard Tail":36,"Torii":12,"Singing Bowl":2,"counters":[27,104],"Pantograph":16,"Letter Opener":[271],"Smiling Mask":25,"MawBank":24,"obtain_stats":[{"Lantern":24,"Torii":19,"Singing Bowl":47,"Letter Opener":12,"Smiling Mask":0,"MawBank":44,"Blood Vial":46,"SlaversCollar":34,"OrangePellets":46,"Lizard Tail":8,"DataDisk":9,"Pantograph":26,"Fusion Hammer":17,"Bag of Marbles":43,"Cracked Core":0,"FossilizedHelix":20,"Toy Ornithopter":29},{"Lantern":11,"Torii":9,"Singing Bowl":26,"Letter Opener":6,"Smiling Mask":0,"MawBank":24,"Blood Vial":25,"SlaversCollar":17,"OrangePellets":25,"Lizard Tail":3,"DataDisk":3,"Pantograph":12,"Fusion Hammer":8,"Bag of Marbles":23,"Cracked Core":0,"FossilizedHelix":9,"Toy Ornithopter":15},{"Lantern":38,"Torii":30,"Singing Bowl":98,"Letter Opener":19,"Smiling Mask":0,"MawBank":91,"Blood Vial":95,"SlaversCollar":63,"OrangePellets":95,"Lizard Tail":10,"DataDisk":10,"Pantograph":40,"Fusion Hammer":28,"Bag of Marbles":85,"Cracked Core":0,"FossilizedHelix":30,"Toy Ornithopter":52}],"Toy Ornithopter":15},"card_choices":[{"not_picked":["Force Field","Steam","Fusion"],"picked":"SKIP","floor":1},{"not_picked":["Tempest","Redo"],"picked":"Ball Lightning","floor":5},{"not_picked":["Tempest","Auto Shields"],"picked":"Cold Snap","floor":8},{"not_picked":["Redo","Turbo"],"picked":"Loop","floor":10},{"not_picked":["Double Energy","Go for the Eyes"],"picked":"Lockon","floor":11},{"not_picked":["Turbo","Coolheaded"],"picked":"Seek","floor":12},{"not_picked":["Redo","Ball Lightning"],"picked":"Self Repair","floor":14},{"not_picked":["Seek","Reboot"],"picked":"Echo Form","floor":16},{"not_picked":["Streamline","Leap"],"picked":"Steam Power+1","floor":18},{"not_picked":["Hologram+1","Go for the Eyes"],"picked":"Force Field","floor":21},{"not_picked":["Streamline+1","Gash"],"picked":"Conserve Battery","floor":22},{"not_picked":["Coolheaded+1","Go for the Eyes"],"picked":"Defragment+1","floor":25},{"not_picked":["Beam Cell","Steam+1","Gash+1"],"picked":"SKIP","floor":27},{"not_picked":["Reboot","Sweeping Beam"],"picked":"Coolheaded","floor":28},{"not_picked":["Barrage","Redo"],"picked":"Defragment","floor":29},{"not_picked":["Gash+1","Conserve Battery","Barrage"],"picked":"SKIP","floor":31},{"not_picked":["Gash+1","Conserve Battery","Barrage"],"picked":"SKIP","floor":31},{"not_picked":["Buffer","Machine Learning"],"picked":"Amplify","floor":33},{"not_picked":["Cold Snap+1","Aggregate+1","Compile Driver"],"picked":"SKIP","floor":35},{"not_picked":["Doom and Gloom+1","Gash+1"],"picked":"Hologram","floor":36},{"not_picked":["Auto Shields","Cold Snap"],"picked":"Hologram","floor":37},{"not_picked":["Chill","Streamline"],"picked":"FTL","floor":39},{"not_picked":["Force Field","Gash"],"picked":"Storm","floor":41},{"not_picked":["Coolheaded","Streamline"],"picked":"Chill+1","floor":42},{"not_picked":["Gash","Streamline+1"],"picked":"Sweeping Beam","floor":44},{"not_picked":["Stack","Steam Power","Consume"],"picked":"SKIP","floor":45},{"not_picked":["Steam Power+1","Ball Lightning","Fusion"],"picked":"Singing Bowl","floor":47}],"player_experience":1482897,"relics_obtained":[{"floor":8,"key":"Lizard Tail"},{"floor":9,"key":"DataDisk"},{"floor":12,"key":"Letter Opener"},{"floor":24,"key":"Lantern"},{"floor":26,"key":"Pantograph"},{"floor":29,"key":"Toy Ornithopter"},{"floor":43,"key":"Bag of Marbles"},{"floor":44,"key":"MawBank"},{"floor":47,"key":"Singing Bowl"}],"event_choices":[{"damage_healed":0,"gold_gain":0,"player_choice":"Entered Light","damage_taken":21,"max_hp_gain":0,"max_hp_loss":0,"event_name":"Shining Light","floor":3,"gold_loss":0,"cards_upgraded":["Dualcast","Strike_B"]},{"damage_healed":0,"gold_gain":0,"cards_transformed":["Strike_B"],"player_choice":"Transformed","damage_taken":0,"max_hp_gain":0,"max_hp_loss":0,"event_name":"Transmorgrifier","floor":4,"gold_loss":0,"cards_obtained":["Reboot"]},{"damage_healed":0,"gold_gain":0,"player_choice":"Grow","damage_taken":0,"max_hp_gain":0,"max_hp_loss":0,"event_name":"Living Wall","floor":7,"gold_loss":0,"cards_upgraded":["Reboot"]},{"damage_healed":0,"gold_gain":75,"player_choice":"Gather Gold","damage_taken":11,"max_hp_gain":0,"max_hp_loss":0,"event_name":"World of Goop","floor":13,"gold_loss":0},{"damage_healed":0,"gold_gain":0,"player_choice":"Gave Potion","damage_taken":0,"relics_obtained":["Torii"],"max_hp_gain":0,"max_hp_loss":0,"event_name":"WeMeetAgain","floor":19,"gold_loss":0},{"damage_healed":0,"gold_gain":0,"player_choice":"Upgraded Two","damage_taken":0,"max_hp_gain":0,"max_hp_loss":0,"event_name":"Designer","floor":48,"gold_loss":50,"cards_upgraded":["FTL","Force Field"]}],"is_beta":false,"boss_relics":[{"not_picked":["Snecko Eye","Busted Crown"],"picked":"Fusion Hammer"},{"not_picked":["Empty Cage","Runic Pyramid"],"picked":"SlaversCollar"}],"items_purged_floors":[20],"is_endless":false,"potions_floor_spawned":[1,10,11,14,22,27,29,36,41,44,47],"killed_by":"Awakened One","ascension_level":20}}