{"host":"vrsxkkch9ccrec7k","time":1613418628,"event":{"mods":["Act Like it!","BaseMod","Bestiary","Better Altar","Better Match","Better Note","Better Sensory Stone","Better Skull","Better Third Choice","Better Vampires","Downfall","Minty Spire (QoL Compilation)","Permanent Neow","Relic Stats","Spicy Shops","StSLib"],"gold_per_floor":[99,113,113,133,150,150,174,174,174,207,207,15,15,44,61,133,133,133,147,158,172,172,184,184,184,184,184,184],"floor_reached":26,"language":"ENG","playtime":1632,"items_purged":["bronze:Strike"],"score":356,"play_id":"55c00524-78c6-47e4-a4f0-d645aaa79d34","local_time":"20210215145028","is_ascension_mode":true,"campfire_choices":[{"data":"bronze:Goto","floor":1,"key":"SMITH"},{"data":"bronze:Replicate","floor":6,"key":"SMITH"},{"data":"bronze:BugBarrage","floor":8,"key":"SMITH"},{"floor":11,"key":"REST"},{"data":"bronze:TinkerersToolbox","floor":18,"key":"SMITH"},{"floor":25,"key":"REST"}],"circlet_count":0,"master_deck":["AscendersBane","bronze:Strike","bronze:Strike","bronze:Strike","bronze:Defend+1","bronze:Defend","bronze:Defend","bronze:Defend","bronze:Replicate+1","bronze:Goto+1","bronze:Backtrace","bronze:WildBeam","bronze:BugBarrage+1","bronze:Refactor+1","bronze:BugBarrage","bronze:DelayedSlice","bronze:Flail","bronze:TinkerersToolbox+1","bronze:Iterate","bronze:Branch","bronze:Deprecate","bronze:Boost"],"relics":["bronze:BronzeCore","TungstenRod","Toy Ornithopter","War Paint","Shuriken","Sozu","Pantograph"],"acts_visited":["Exordium","TheCity"],"potions_floor_usage":[10,14,26,26],"damage_taken":[{"damage":2,"enemies":"Jaw Worm","floor":2,"turns":5},{"damage":0,"enemies":"Small Slimes","floor":4,"turns":3},{"damage":2,"enemies":"2 Louse","floor":5,"turns":3},{"damage":13,"enemies":"Lagavulin","floor":10,"turns":6},{"damage":0,"enemies":"downfall:FleeingMerchant","floor":12,"turns":4},{"damage":5,"enemies":"3 Sentries","floor":14,"turns":6},{"damage":0,"enemies":"Blue Slaver","floor":15,"turns":2},{"damage":47,"enemies":"DF_ARCHETYPE_STREAMLINE","floor":16,"turns":11},{"damage":7,"enemies":"Shell Parasite","floor":19,"turns":4},{"damage":0,"enemies":"3 Byrds","floor":20,"turns":2},{"damage":4,"enemies":"Centurion and Healer","floor":21,"turns":3},{"damage":13,"enemies":"Snake Plant","floor":23,"turns":4},{"damage":68,"enemies":"Book of Stabbing","floor":26,"turns":7}],"seed_played":"8034011002064317230","potions_obtained":[{"floor":2,"key":"Weak Potion"},{"floor":5,"key":"sneckomod:MuddlingPotion"},{"floor":15,"key":"bronze:FreeFunctionsPotion"}],"is_trial":false,"path_per_floor":["R","M","?","M","M","R","T","R","?","E","R","$","?","E","M","B",null,"R","M","M","M","?","M","T","R","E"],"character_chosen":"THE_AUTOMATON","items_purchased":["bronze:DelayedSlice","champ:CounterPotion"],"campfire_rested":2,"item_purchase_floors":[12,12],"current_hp_per_floor":[45,43,43,43,41,41,41,41,41,33,54,54,59,59,59,12,59,59,52,52,48,48,35,35,57,0,0,0],"gold":184,"neow_bonus":"ONE_RARE_RELIC","is_daily":false,"chose_seed":false,"campfire_upgraded":4,"win_rate":0.0,"timestamp":1613418628,"path_taken":["R","M","?","M","M","R","T","R","?","E","R","?","?","E","M","BOSS","R","M","M","M","?","M","T","R","E"],"items_purchased_type":["Card","Potion"],"build_version":"2020-12-22","purchased_purges":1,"victory":false,"max_hp_per_floor":[70,70,70,70,70,70,70,70,70,70,70,70,75,75,75,75,75,75,75,75,75,75,75,75,75,75,75,75],"relic_stats":{"Sozu":2,"counters":[13,60],"Shuriken":[18],"Pantograph":0,"War Paint":["bronze:Defend","bronze:Refactor"],"obtain_stats":[{"Sozu":17,"bronze:BronzeCore":0,"Shuriken":14,"Pantograph":24,"War Paint":10,"TungstenRod":0,"Toy Ornithopter":7},{"Sozu":8,"bronze:BronzeCore":0,"Shuriken":6,"Pantograph":12,"War Paint":4,"TungstenRod":0,"Toy Ornithopter":3},{"Sozu":40,"bronze:BronzeCore":0,"Shuriken":27,"Pantograph":53,"War Paint":17,"TungstenRod":0,"Toy Ornithopter":11}],"TungstenRod":36,"Toy Ornithopter":20},"card_choices":[{"not_picked":["bronze:Refactor","bronze:Invalidate"],"picked":"bronze:Backtrace","floor":2},{"not_picked":["bronze:BugBarrage","bronze:Invalidate"],"picked":"bronze:WildBeam","floor":4},{"not_picked":["bronze:ForceShield","bronze:WildBeam"],"picked":"bronze:BugBarrage","floor":5},{"not_picked":["bronze:WhirlingStrike","bronze:Backtrace"],"picked":"bronze:Refactor","floor":10},{"not_picked":["bronze:BuggyMess","bronze:Branch"],"picked":"bronze:BugBarrage","floor":12},{"not_picked":["bronze:DigitalCarnage","bronze:Frontload"],"picked":"bronze:Flail","floor":14},{"not_picked":["bronze:BugBarrage","bronze:Turbo","bronze:WildBeam"],"picked":"SKIP","floor":15},{"not_picked":["bronze:Mutator","bronze:Format"],"picked":"bronze:TinkerersToolbox","floor":16},{"not_picked":["bronze:Backtrace","bronze:Return"],"picked":"bronze:Iterate","floor":19},{"not_picked":["bronze:Shield","bronze:Separator"],"picked":"bronze:Branch","floor":20},{"not_picked":["bronze:Flail","bronze:Separator"],"picked":"bronze:Deprecate","floor":21},{"not_picked":["bronze:OilSpill","bronze:Repair"],"picked":"bronze:Boost","floor":23}],"player_experience":1927498,"relics_obtained":[{"floor":7,"key":"Toy Ornithopter"},{"floor":10,"key":"War Paint"},{"floor":14,"key":"Shuriken"},{"floor":24,"key":"Pantograph"}],"event_choices":[{"damage_healed":0,"gold_gain":0,"player_choice":"LEAVE","damage_taken":0,"max_hp_gain":0,"max_hp_loss":0,"event_name":"betterThird:BetterScrap","floor":3,"gold_loss":0,"cards_obtained":["Metallicize"]},{"damage_healed":0,"gold_gain":0,"player_choice":"Donut","damage_taken":0,"max_hp_gain":5,"max_hp_loss":0,"event_name":"Big Fish","floor":13,"gold_loss":0}],"is_beta":false,"boss_relics":[{"not_picked":["Coffee Dripper","Runic Dome"],"picked":"Sozu"}],"items_purged_floors":[12],"is_endless":false,"potions_floor_spawned":[2,5,15,21,23],"killed_by":"Book of Stabbing","ascension_level":13}}