{"host":"p9vmbvw2hh2n16dn","time":1613416777,"event":{"mods":["AchievementEnabler","BaseMod","Block Reminder","Minty Spire (QoL Compilation)","Relic Stats","SuperFastMode"],"gold_per_floor":[110,110,110,189,214,252,252,296,320,336,369,369,383,260,260,386,386,406,406,406,161,161,202,225,258,281,304,318,318,318,361,361,491,491,505,153,153,169,129,167,214,33,33,68,68,88,88,121,121,121],"floor_reached":51,"language":"ENG","playtime":2749,"items_purged":["Strike_G","Pain"],"score":1403,"play_id":"be1665d5-5b91-4984-805d-2d4093e08b9f","local_time":"20210215201937","is_ascension_mode":true,"campfire_choices":[{"data":"Predator","floor":7.0,"key":"SMITH"},{"floor":12.0,"key":"REST"},{"data":"Envenom","floor":15.0,"key":"SMITH"},{"floor":30.0,"key":"REST"},{"floor":32,"key":"REST"},{"data":"Blade Dance","floor":45,"key":"SMITH"},{"data":"Bullet Time","floor":47,"key":"SMITH"},{"data":"Footwork","floor":49,"key":"SMITH"}],"circlet_count":0,"master_deck":["AscendersBane","Survivor","Predator+1","Slice","Dodge and Roll","Leg Sweep","Envenom+1","Dagger Spray","Footwork+1","Venomology","Poisoned Stab","Bullet Time","Heel Hook","PiercingWail+1","After Image","Bullet Time+1","Tools of the Trade","Corpse Explosion+1","Blade Dance+1","Backflip","Underhanded Strike","Burst","After Image","Acrobatics","Reflex"],"relics":["Ring of the Snake","NeowsBlessing","Centennial Puzzle","Golden Idol","Calipers","Juzu Bracelet","Smiling Mask","InkBottle","Pandora\u0027s Box","WarpedTongs","Vajra","Nilry\u0027s Codex","Nunchaku","Tiny Chest","Orichalcum","The Courier","Philosopher\u0027s Stone","Medical Kit","Bag of Preparation","Omamori","MealTicket","Bronze Scales","OrangePellets","Question Card","Ancient Tea Set","Oddly Smooth Stone"],"acts_visited":["Exordium","TheCity","TheBeyond"],"potions_floor_usage":[31,33,33,35,38,40,40,44,46,46,48,48,50,50,50],"damage_taken":[{"damage":0.0,"enemies":"2 Louse","floor":1.0,"turns":1.0},{"damage":0.0,"enemies":"Jaw Worm","floor":5.0,"turns":1.0},{"damage":0.0,"enemies":"Lagavulin","floor":6.0,"turns":1.0},{"damage":24.0,"enemies":"Gremlin Nob","floor":8.0,"turns":4.0},{"damage":1.0,"enemies":"Cultist","floor":10.0,"turns":3.0},{"damage":6.0,"enemies":"Lagavulin","floor":11.0,"turns":5.0},{"damage":1.0,"enemies":"Exordium Wildlife","floor":13.0,"turns":3.0},{"damage":12.0,"enemies":"The Guardian","floor":16.0,"turns":15.0},{"damage":0.0,"enemies":"2 Thieves","floor":18.0,"turns":1.0},{"damage":23.0,"enemies":"Gremlin Leader","floor":23.0,"turns":5.0},{"damage":1.0,"enemies":"Spheric Guardian","floor":24.0,"turns":4.0},{"damage":10.0,"enemies":"Book of Stabbing","floor":25.0,"turns":4.0},{"damage":0.0,"enemies":"Shelled Parasite and Fungi","floor":27.0,"turns":3.0},{"damage":0.0,"enemies":"Chosen and Byrds","floor":28.0,"turns":3.0},{"damage":10,"enemies":"Slavers","floor":31,"turns":3},{"damage":18,"enemies":"Collector","floor":33,"turns":8},{"damage":0,"enemies":"Orb Walker","floor":35,"turns":4},{"damage":2,"enemies":"3 Shapes","floor":38,"turns":3},{"damage":0,"enemies":"Giant Head","floor":40,"turns":6},{"damage":8,"enemies":"Reptomancer","floor":44,"turns":5},{"damage":0,"enemies":"Transient","floor":46,"turns":5},{"damage":0,"enemies":"Nemesis","floor":48,"turns":5},{"damage":7,"enemies":"Awakened One","floor":50,"turns":10}],"seed_played":"-3211331161101607492","potions_obtained":[{"floor":5.0,"key":"Explosive Potion"},{"floor":8.0,"key":"Strength Potion"},{"floor":10.0,"key":"Strength Potion"},{"floor":18.0,"key":"EssenceOfSteel"},{"floor":24.0,"key":"LiquidMemories"},{"floor":27.0,"key":"Explosive Potion"},{"floor":31,"key":"Ancient Potion"},{"floor":40,"key":"Ancient Potion"}],"is_trial":false,"path_per_floor":["M","?","?","?","M","E","R","E","T","M","E","R","M","$","R","B",null,"M","?","?","$","?","E","M","E","T","M","M","?","R","E","R","B",null,"M","$","?","M","?","E","T","$","T","E","R","M","R","E","R","B",null],"character_chosen":"THE_SILENT","items_purchased":["Footwork","Vajra","Backflip","Medical Kit","Bag of Preparation","Omamori","OrangePellets","Reflex"],"campfire_rested":3,"item_purchase_floors":[14,21,21,36,36,36,42,42],"current_hp_per_floor":[63,45,45,45,45,45,45,21,21,20,14,33,32,32,32,20,54,54,54,54,54,38,15,14,4,4,4,4,4,23,13,32,14,52,52,52,52,50,50,50,50,65,65,57,57,57,57,57,57,64],"gold":121,"neow_bonus":"THREE_ENEMY_KILL","is_daily":false,"chose_seed":false,"campfire_upgraded":5,"win_rate":0.0,"timestamp":1613416777,"path_taken":["M","?","?","?","M","E","R","E","T","M","E","R","M","$","R","BOSS","M","?","?","$","?","E","M","E","T","M","M","?","R","E","R","BOSS","M","$","?","M","?","E","?","?","T","E","R","M","R","E","R","BOSS"],"items_purchased_type":["Card","Relic","Card","Relic","Relic","Relic","Relic","Card"],"build_version":"2020-12-22","purchased_purges":2,"victory":true,"max_hp_per_floor":[70,70,65,65,65,65,65,65,65,65,65,65,65,65,65,65,65,65,65,65,65,65,65,65,65,65,65,65,65,65,65,65,65,65,65,65,65,65,65,65,65,65,65,65,65,65,65,65,65,65],"relic_stats":{"counters":[23,102],"Golden Idol":185,"Juzu Bracelet":1,"Bag of Preparation":[12],"Orichalcum":[12],"Smiling Mask":75,"Medical Kit":[5],"Question Card":3,"WarpedTongs":[67],"OrangePellets":[7],"Centennial Puzzle":[39],"Nunchaku":[23],"Bronze Scales":[86],"Pandora\u0027s Box":["Flechettes","Poisoned Stab","Bullet Time","Heel Hook","PiercingWail","After Image","Bullet Time","Tools of the Trade","Corpse Explosion"],"Tiny Chest":1,"MealTicket":15,"obtain_stats":[{"Calipers":6,"Nilry\u0027s Codex":22,"Vajra":21,"Juzu Bracelet":8,"Bag of Preparation":36,"Smiling Mask":9,"Ancient Tea Set":44,"Centennial Puzzle":2,"Nunchaku":23,"Tiny Chest":25,"Philosopher\u0027s Stone":34,"MealTicket":40,"InkBottle":11,"Ring of the Snake":0,"NeowsBlessing":0,"Golden Idol":3,"Oddly Smooth Stone":48,"The Courier":31,"Omamori":36,"Orichalcum":26,"Medical Kit":36,"Question Card":43,"WarpedTongs":20,"OrangePellets":42,"Bronze Scales":41,"Pandora\u0027s Box":17},{"Calipers":3,"Nilry\u0027s Codex":9,"Vajra":9,"Juzu Bracelet":4,"Bag of Preparation":17,"Smiling Mask":4,"Ancient Tea Set":20,"Centennial Puzzle":1,"Nunchaku":10,"Tiny Chest":12,"Philosopher\u0027s Stone":16,"MealTicket":19,"InkBottle":6,"Ring of the Snake":0,"NeowsBlessing":0,"Golden Idol":1,"Oddly Smooth Stone":22,"The Courier":15,"Omamori":17,"Orichalcum":12,"Medical Kit":17,"Question Card":19,"WarpedTongs":9,"OrangePellets":19,"Bronze Scales":19,"Pandora\u0027s Box":8},{"Calipers":3,"Nilry\u0027s Codex":34,"Vajra":34,"Juzu Bracelet":7,"Bag of Preparation":68,"Smiling Mask":7,"Ancient Tea Set":82,"Centennial Puzzle":1,"Nunchaku":39,"Tiny Chest":47,"Philosopher\u0027s Stone":64,"MealTicket":77,"InkBottle":15,"Ring of the Snake":0,"NeowsBlessing":0,"Golden Idol":1,"Oddly Smooth Stone":92,"The Courier":56,"Omamori":68,"Orichalcum":47,"Medical Kit":68,"Question Card":77,"WarpedTongs":34,"OrangePellets":77,"Bronze Scales":77,"Pandora\u0027s Box":33}],"InkBottle":[37],"Ring of the Snake":[46]},"card_choices":[{"not_picked":["Dodge and Roll","Caltrops"],"picked":"Predator","floor":1.0},{"not_picked":["Dagger Throw","Reflex"],"picked":"Slice","floor":5.0},{"not_picked":["Reflex","Acrobatics"],"picked":"Dodge and Roll","floor":6.0},{"not_picked":["Flying Knee","Dodge and Roll"],"picked":"Leg Sweep","floor":8.0},{"not_picked":["Deflect","Masterful Stab","Setup"],"picked":"SKIP","floor":10.0},{"not_picked":["Caltrops","Reflex"],"picked":"Envenom","floor":11.0},{"not_picked":["Setup","PiercingWail"],"picked":"Dagger Spray","floor":13.0},{"not_picked":["Wraith Form v2","Grand Finale"],"picked":"Venomology","floor":16.0},{"not_picked":["Distraction","Terror"],"picked":"Blade Dance","floor":18.0},{"not_picked":["Sucker Punch","Flying Knee","Outmaneuver+1"],"picked":"SKIP","floor":23.0},{"not_picked":["Deflect+1","Dagger Throw"],"picked":"Underhanded Strike","floor":24.0},{"not_picked":["Underhanded Strike","Dagger Spray","Infinite Blades"],"picked":"SKIP","floor":25.0},{"not_picked":["Poisoned Stab","Deflect+1"],"picked":"Burst","floor":27.0},{"not_picked":["Well Laid Plans","Endless Agony+1","Outmaneuver"],"picked":"SKIP","floor":28.0},{"not_picked":["Concentrate","Endless Agony","Choke"],"picked":"SKIP","floor":31},{"not_picked":["Malaise","Venomology"],"picked":"After Image","floor":33},{"not_picked":["All Out Attack","Prepared"],"picked":"Acrobatics","floor":35},{"not_picked":["Riddle With Holes","Masterful Stab+1","Slice"],"picked":"SKIP","floor":38},{"not_picked":["Dagger Spray+1","Setup","Storm of Steel"],"picked":"SKIP","floor":40},{"not_picked":["Outmaneuver","Storm of Steel","Slice","Doppelganger"],"picked":"SKIP","floor":44},{"not_picked":["Bouncing Flask+1","Calculated Gamble","Sucker Punch","Outmaneuver"],"picked":"SKIP","floor":46},{"not_picked":["Underhanded Strike+1","Quick Slash","Terror","Accuracy"],"picked":"SKIP","floor":48}],"player_experience":339089,"relics_obtained":[{"floor":6.0,"key":"Calipers"},{"floor":8.0,"key":"Juzu Bracelet"},{"floor":9.0,"key":"Smiling Mask"},{"floor":11.0,"key":"InkBottle"},{"floor":22.0,"key":"Nilry\u0027s Codex"},{"floor":23.0,"key":"Nunchaku"},{"floor":25.0,"key":"Tiny Chest"},{"floor":26.0,"key":"Orichalcum"},{"floor":31,"key":"The Courier"},{"floor":40,"key":"MealTicket"},{"floor":41,"key":"Bronze Scales"},{"floor":43,"key":"Question Card"},{"floor":44,"key":"Ancient Tea Set"},{"floor":48,"key":"Oddly Smooth Stone"}],"event_choices":[{"damage_healed":0.0,"max_hp_gain":0.0,"max_hp_loss":0.0,"gold_gain":0.0,"event_name":"Scrap Ooze","player_choice":"Success","floor":2.0,"gold_loss":0.0,"damage_taken":18.0,"relics_obtained":["Centennial Puzzle"]},{"damage_healed":0.0,"max_hp_gain":0.0,"max_hp_loss":5.0,"gold_gain":0.0,"event_name":"Golden Idol","player_choice":"Lose Max HP","floor":3.0,"gold_loss":0.0,"damage_taken":0.0,"relics_obtained":["Golden Idol"]},{"damage_healed":0.0,"max_hp_gain":0.0,"max_hp_loss":0.0,"gold_gain":79.0,"event_name":"Golden Wing","player_choice":"Gained Gold","floor":4.0,"gold_loss":0.0,"damage_taken":0.0},{"damage_healed":0.0,"max_hp_gain":0.0,"max_hp_loss":0.0,"gold_gain":0.0,"event_name":"Ghosts","player_choice":"Ignored","floor":19.0,"gold_loss":0.0,"damage_taken":0.0},{"damage_healed":0.0,"max_hp_gain":0.0,"max_hp_loss":0.0,"gold_gain":0.0,"event_name":"Accursed Blacksmith","player_choice":"Rummage","floor":20.0,"gold_loss":0.0,"damage_taken":0.0,"relics_obtained":["WarpedTongs"],"cards_obtained":["Pain"]},{"damage_healed":0.0,"max_hp_gain":0.0,"max_hp_loss":0.0,"gold_gain":0.0,"event_name":"Cursed Tome","player_choice":"Obtained Book","floor":22.0,"gold_loss":0.0,"damage_taken":16.0},{"cards_removed":["Flechettes"],"damage_healed":0.0,"max_hp_gain":0.0,"max_hp_loss":0.0,"gold_gain":0.0,"event_name":"Back to Basics","player_choice":"Elegance","floor":29.0,"gold_loss":0.0,"damage_taken":0.0},{"cards_removed":["Neutralize"],"damage_healed":0,"gold_gain":0,"player_choice":"Removed Attack","damage_taken":0,"max_hp_gain":0,"max_hp_loss":0,"event_name":"Falling","floor":37,"gold_loss":0},{"damage_healed":0,"gold_gain":0,"player_choice":"Upgraded Two","damage_taken":0,"max_hp_gain":0,"max_hp_loss":0,"event_name":"Designer","floor":39,"gold_loss":40,"cards_upgraded":["PiercingWail","Corpse Explosion"]}],"is_beta":false,"boss_relics":[{"not_picked":["HoveringKite","Calling Bell"],"picked":"Pandora\u0027s Box"},{"not_picked":["SlaversCollar","Runic Dome"],"picked":"Philosopher\u0027s Stone"}],"items_purged_floors":[14,21],"is_endless":false,"potions_floor_spawned":[5,8,10,18,24,27,31,38,40],"ascension_level":11}}