{"host":"pke0xxyzw0teju56","time":1613430822,"event":{"mods":["BaseMod","Bestiary","Colored Powertips","Highlight Path","Minty Spire (QoL Compilation)","Relic Stats","Slay the Relics Exporter","StSLib"],"gold_per_floor":[114,114,58,76,76,76,110,110,136,161,161,174,185,210,210,210,210],"floor_reached":16,"language":"ENG","playtime":520,"items_purged":[],"score":236,"play_id":"857557d9-5886-49c4-b6b3-5c0886eae2c7","local_time":"20210215181342","is_ascension_mode":true,"campfire_choices":[{"data":"CutThroughFate","floor":6,"key":"SMITH"},{"floor":11,"key":"REST"},{"floor":15,"key":"REST"}],"circlet_count":0,"master_deck":["AscendersBane","Strike_P","Strike_P","Strike_P","Strike_P","Defend_P","Defend_P","Defend_P","Defend_P","Eruption","Vigilance","CutThroughFate+1","Regret","CrushJoints","CutThroughFate","EmptyBody","Halt","BowlingBash"],"relics":["PureWater","Regal Pillow","Tiny Chest","Anchor","Damaru","Letter Opener","Oddly Smooth Stone","Potion Belt","Thread and Needle"],"acts_visited":["Exordium"],"potions_floor_usage":[13],"damage_taken":[{"damage":0,"enemies":"2 Louse","floor":1,"turns":4},{"damage":6,"enemies":"Cultist","floor":4,"turns":4},{"damage":29,"enemies":"Lagavulin","floor":7,"turns":5},{"damage":18,"enemies":"Gremlin Nob","floor":10,"turns":3},{"damage":4,"enemies":"Jaw Worm","floor":12,"turns":3},{"damage":0,"enemies":"Blue Slaver","floor":13,"turns":3},{"damage":31,"enemies":"3 Sentries","floor":14,"turns":8},{"damage":55,"enemies":"Hexaghost","floor":16,"turns":7}],"seed_played":"6445070017384133777","potions_obtained":[{"floor":12,"key":"Block Potion"},{"floor":13,"key":"Ancient Potion"}],"is_trial":false,"path_per_floor":["M","?","?","M","?","R","E","T","T","E","R","M","M","E","R","B"],"character_chosen":"WATCHER","items_purchased":[],"campfire_rested":2,"item_purchase_floors":[],"current_hp_per_floor":[61,61,61,55,55,55,26,26,26,8,43,39,39,8,43,0,0],"gold":210,"neow_bonus":"RANDOM_COMMON_RELIC","is_daily":false,"chose_seed":false,"campfire_upgraded":1,"win_rate":0.0,"timestamp":1613430822,"path_taken":["M","?","?","?","?","R","E","?","T","E","R","M","?","E","R","BOSS"],"items_purchased_type":[],"build_version":"2020-12-22","purchased_purges":0,"victory":false,"max_hp_per_floor":[68,68,68,68,68,68,68,68,68,68,68,68,68,68,68,68,68],"relic_stats":{"Regal Pillow":30,"counters":[8,37],"Tiny Chest":1,"Letter Opener":[0],"obtain_stats":[{"Potion Belt":10,"Regal Pillow":0,"Anchor":3,"Damaru":7,"Oddly Smooth Stone":9,"Tiny Chest":2,"Thread and Needle":14,"Letter Opener":8,"PureWater":0},{"Potion Belt":4,"Regal Pillow":0,"Anchor":1,"Damaru":3,"Oddly Smooth Stone":3,"Tiny Chest":1,"Thread and Needle":7,"Letter Opener":3,"PureWater":0},{"Potion Belt":16,"Regal Pillow":0,"Anchor":4,"Damaru":13,"Oddly Smooth Stone":13,"Tiny Chest":4,"Thread and Needle":30,"Letter Opener":13,"PureWater":0}]},"card_choices":[{"not_picked":["EmptyBody","CrushJoints"],"picked":"CutThroughFate","floor":1},{"not_picked":["FollowUp","Prostrate"],"picked":"CrushJoints","floor":4},{"not_picked":["SandsOfTime","ThirdEye"],"picked":"CutThroughFate","floor":7},{"not_picked":["JustLucky","Fasting2"],"picked":"EmptyBody","floor":10},{"not_picked":["CrushJoints","ConjureBlade"],"picked":"Halt","floor":12},{"not_picked":["Vengeance","Prostrate"],"picked":"BowlingBash","floor":13},{"not_picked":["Study","ClearTheMind","Perseverance"],"picked":"SKIP","floor":14}],"player_experience":5343684,"relics_obtained":[{"floor":7,"key":"Damaru"},{"floor":8,"key":"Letter Opener"},{"floor":9,"key":"Oddly Smooth Stone"},{"floor":10,"key":"Potion Belt"},{"floor":14,"key":"Thread and Needle"}],"event_choices":[{"damage_healed":0,"gold_gain":0,"player_choice":"Box","damage_taken":0,"relics_obtained":["Tiny Chest"],"max_hp_gain":0,"max_hp_loss":0,"event_name":"Big Fish","floor":2,"gold_loss":0,"cards_obtained":["Regret"]},{"damage_healed":0,"gold_gain":0,"player_choice":"Paid Gold","damage_taken":0,"relics_obtained":["Anchor"],"max_hp_gain":0,"max_hp_loss":0,"event_name":"WeMeetAgain","floor":3,"gold_loss":56},{"damage_healed":0,"gold_gain":0,"player_choice":"Ignored","damage_taken":0,"max_hp_gain":0,"max_hp_loss":0,"event_name":"Shining Light","floor":5,"gold_loss":0}],"is_beta":false,"boss_relics":[],"items_purged_floors":[],"is_endless":false,"potions_floor_spawned":[12,13],"killed_by":"Hexaghost","ascension_level":20}}