{"host":"y4mx56vxqys6xwyn","time":1613357538,"event":{"mods":["BaseMod","Hermit","Minty Spire (QoL Compilation)","StSLib"],"gold_per_floor":[114,134,234,252,327,327,327,1,1,1,17,31,31,56,56,155,155,166,9,19,32,32,32,66,66,89,89,3,3,3],"floor_reached":29,"language":"ENG","playtime":1672,"items_purged":[],"score":293,"play_id":"75f1f709-6bc1-4219-839b-11cab13af005","local_time":"20210214205218","is_ascension_mode":false,"campfire_choices":[{"data":"Noxious Fumes","floor":6,"key":"SMITH"},{"data":"Bouncing Flask","floor":13,"key":"SMITH"},{"floor":15,"key":"REST"},{"floor":23,"key":"REST"},{"floor":25,"key":"REST"},{"data":"Bane","floor":27,"key":"SMITH"}],"circlet_count":0,"master_deck":["Strike_G","Strike_G","Strike_G","Strike_G","Strike_G","Defend_G","Defend_G","Defend_G","Defend_G","Defend_G","Survivor","Neutralize","Bouncing Flask+1","Noxious Fumes+1","Prepared","Deadly Poison","Bane","PiercingWail","Outmaneuver","Burst+1","Bouncing Flask","Bane+1","Dodge and Roll+1","Mayhem"],"relics":["Ring of the Snake","Snake Skull","Membership Card","Mercury Hourglass","Sundial","SacredBark","Dead Branch","Centennial Puzzle","Happy Flower"],"acts_visited":["Exordium","TheCity"],"potions_floor_usage":[7,16,24],"damage_taken":[{"damage":0,"enemies":"Cultist","floor":1,"turns":3},{"damage":0,"enemies":"2 Louse","floor":2,"turns":2},{"damage":0,"enemies":"Jaw Worm","floor":4,"turns":7},{"damage":0,"enemies":"Large Slime","floor":7,"turns":2},{"damage":13,"enemies":"Lots of Slimes","floor":11,"turns":2},{"damage":0,"enemies":"Gremlin Gang","floor":12,"turns":3},{"damage":13,"enemies":"Gremlin Nob","floor":14,"turns":3},{"damage":0,"enemies":"The Guardian","floor":16,"turns":6},{"damage":17,"enemies":"Chosen","floor":18,"turns":5},{"damage":8,"enemies":"Shell Parasite","floor":20,"turns":4},{"damage":12,"enemies":"Centurion and Healer","floor":21,"turns":6},{"damage":35,"enemies":"Book of Stabbing","floor":24,"turns":5},{"damage":44,"enemies":"Gremlin Leader","floor":29,"turns":4}],"seed_played":"2531269123734931771","potions_obtained":[{"floor":1,"key":"SpeedPotion"},{"floor":4,"key":"SmokeBomb"},{"floor":14,"key":"SkillPotion"},{"floor":21,"key":"Fire Potion"}],"is_trial":false,"path_per_floor":["M","M","?","M","?","R","M","$","T","?","M","M","R","E","R","B",null,"M","$","M","M","?","R","E","R","T","R","$","E"],"character_chosen":"THE_SILENT","items_purchased":["Snake Skull","Membership Card","Slice","Dead Branch","Mayhem"],"campfire_rested":3,"item_purchase_floors":[8,8,8,19,28],"current_hp_per_floor":[70,70,70,70,59,59,59,59,59,64,51,51,51,38,59,59,70,53,53,45,33,33,54,19,40,40,40,40,0,0],"gold":3,"neow_bonus":"THREE_CARDS","is_daily":false,"chose_seed":false,"campfire_upgraded":3,"win_rate":0.0,"timestamp":1613357538,"path_taken":["M","?","?","?","?","R","M","$","T","?","M","M","R","E","R","BOSS","M","?","?","M","?","R","E","R","T","R","$","E"],"items_purchased_type":["Relic","Relic","Card","Relic","Card"],"build_version":"2020-12-22","purchased_purges":0,"victory":false,"max_hp_per_floor":[70,70,70,70,70,70,70,70,70,70,70,70,70,70,70,70,70,70,70,70,70,70,70,70,70,70,70,70,70,70],"card_choices":[{"not_picked":["Well Laid Plans","Prepared"],"picked":"Bouncing Flask","floor":0},{"not_picked":["Crippling Poison","Well Laid Plans"],"picked":"Noxious Fumes","floor":1},{"not_picked":["Choke","Dash"],"picked":"Prepared","floor":2},{"not_picked":["Expertise","Tactician"],"picked":"Deadly Poison","floor":4},{"not_picked":["Sucker Punch","Footwork"],"picked":"Bane","floor":11},{"not_picked":["Dagger Spray","Masterful Stab"],"picked":"PiercingWail","floor":12},{"not_picked":["Underhanded Strike","Heel Hook"],"picked":"Outmaneuver","floor":14},{"not_picked":["Night Terror","Doppelganger"],"picked":"Burst","floor":16},{"not_picked":["Quick Slash","Sucker Punch+1"],"picked":"Bouncing Flask","floor":18},{"not_picked":["Infinite Blades+1","Quick Slash+1"],"picked":"Bane","floor":20},{"not_picked":["Infinite Blades","Flying Knee","Endless Agony"],"picked":"SKIP","floor":21},{"not_picked":["Expertise","Dagger Throw+1"],"picked":"Dodge and Roll+1","floor":24}],"player_experience":46097,"relics_obtained":[{"floor":9,"key":"Mercury Hourglass"},{"floor":14,"key":"Sundial"},{"floor":24,"key":"Centennial Puzzle"},{"floor":26,"key":"Happy Flower"}],"event_choices":[{"damage_healed":0,"gold_gain":100,"player_choice":"Gold","damage_taken":0,"max_hp_gain":0,"max_hp_loss":0,"event_name":"Wheel of Change","floor":3,"gold_loss":0},{"damage_healed":0,"gold_gain":75,"player_choice":"Gather Gold","damage_taken":11,"max_hp_gain":0,"max_hp_loss":0,"event_name":"World of Goop","floor":5,"gold_loss":0},{"cards_removed":["Slice"],"damage_healed":5,"gold_gain":0,"player_choice":"Offered Common","damage_taken":0,"max_hp_gain":0,"max_hp_loss":0,"event_name":"Bonfire Elementals","floor":10,"gold_loss":0},{"cards_removed":["Slice"],"damage_healed":5,"gold_gain":0,"player_choice":"Offered Special","damage_taken":0,"max_hp_gain":0,"max_hp_loss":0,"event_name":"Bonfire Elementals","floor":10,"gold_loss":0},{"damage_healed":0,"gold_gain":0,"player_choice":"Upgraded","damage_taken":0,"max_hp_gain":0,"max_hp_loss":0,"event_name":"Upgrade Shrine","floor":22,"gold_loss":0,"cards_upgraded":["Burst"]}],"is_beta":false,"boss_relics":[{"not_picked":["Sozu","Runic Dome"],"picked":"SacredBark"}],"items_purged_floors":[],"is_endless":false,"potions_floor_spawned":[1,4,7,14,21],"killed_by":"Gremlin Leader","ascension_level":0}}