{"host":"8d3fefv2347kqkpz","time":1613391303,"event":{"mods":["AchievementEnabler","BaseMod","Better Vampires","Colored Map","Colored Powertips","Downfall","Highlight Path","Minty Spire (QoL Compilation)","Quick Restart","Rare Cards Sparkle","Relic Stats","Spicy Shops","StSLib","Waifu the Spire"],"gold_per_floor":[16,16,33,45,63,63,63,80,80,80,113,130,149,168,168,168,168,168],"floor_reached":16,"language":"ZHS","playtime":779,"items_purged":[],"score":106,"play_id":"9f1cf485-eb6c-45f5-93fe-19522e135a71","local_time":"20210215201503","is_ascension_mode":false,"campfire_choices":[{"data":"hexamod:ForkedFlame","floor":6.0,"key":"SMITH"},{"data":"hexamod:Float","floor":10,"key":"SMITH"},{"data":"hexamod:Rewind","floor":15,"key":"SMITH"}],"circlet_count":0,"master_deck":["hexamod:Strike","hexamod:Strike","hexamod:Strike","hexamod:Strike","hexamod:Defend","hexamod:Defend","hexamod:Defend+1","hexamod:Defend+1","hexamod:Sear","hexamod:Float+1","hexamod:ForkedFlame+1","hexamod:FifthSeal","hexamod:SixthSeal","hexamod:Rewind+1","hexamod:FirstSeal","hexamod:ThirdSeal","hexamod:ApocalypseNow"],"relics":["hexamod:SpiritBrand","bronze:BronzeIdol","CaptainsWheel"],"acts_visited":["Exordium"],"potions_floor_usage":[],"damage_taken":[{"damage":0.0,"enemies":"2 Louse","floor":1.0,"turns":2.0},{"damage":0.0,"enemies":"Cultist","floor":3.0,"turns":3.0},{"damage":0.0,"enemies":"Jaw Worm","floor":4.0,"turns":3.0},{"damage":0.0,"enemies":"3 Louse","floor":5.0,"turns":3.0},{"damage":3,"enemies":"Lots of Slimes","floor":8,"turns":4},{"damage":9,"enemies":"3 Sentries","floor":11,"turns":7},{"damage":8,"enemies":"Large Slime","floor":12,"turns":4},{"damage":9,"enemies":"Exordium Wildlife","floor":13,"turns":4},{"damage":1,"enemies":"Red Slaver","floor":14,"turns":5},{"damage":49,"enemies":"Slime Boss","floor":16,"turns":11}],"seed_played":"-6718845755820897654","potions_obtained":[{"floor":3.0,"key":"Swift Potion"},{"floor":8,"key":"Fire Potion"},{"floor":11,"key":"EssenceOfSteel"}],"is_trial":false,"path_per_floor":["M","?","M","M","M","R","$","M","T","R","E","M","M","M","R","B"],"character_chosen":"THE_SPIRIT","items_purchased":[],"campfire_rested":0,"item_purchase_floors":[],"current_hp_per_floor":[70,70,70,70,70,70,70,67,67,67,58,50,41,47,47,0,0,0],"gold":168,"neow_bonus":"THREE_RARE_CARDS","is_daily":false,"chose_seed":false,"campfire_upgraded":3,"win_rate":0.0,"timestamp":1613391303,"path_taken":["M","?","M","M","M","R","$","?","T","R","E","M","M","M","R","BOSS"],"items_purchased_type":[],"build_version":"2020-12-22","purchased_purges":0,"victory":false,"max_hp_per_floor":[70,70,70,70,70,70,70,70,70,70,70,70,70,70,70,70,70,70],"relic_stats":{"counters":[10,46],"obtain_stats":[{"CaptainsWheel":11,"hexamod:SpiritBrand":0,"bronze:BronzeIdol":2},{"CaptainsWheel":6,"hexamod:SpiritBrand":0,"bronze:BronzeIdol":1},{"CaptainsWheel":22,"hexamod:SpiritBrand":0,"bronze:BronzeIdol":2}]},"card_choices":[{"not_picked":["hexamod:SixthSeal","hexamod:ParanormalForm"],"picked":"hexamod:ForkedFlame","floor":0.0},{"not_picked":["hexamod:ThermalTransfer","hexamod:SpectersWail","hexamod:EtherealExpedition"],"picked":"SKIP","floor":1.0},{"not_picked":["hexamod:FourthSeal","hexamod:NightmareGuise","hexamod:SuperheatedStrike"],"picked":"SKIP","floor":3.0},{"not_picked":["hexamod:FourthSeal","hexamod:InspiringFlames","hexamod:Firestarter"],"picked":"SKIP","floor":4.0},{"not_picked":["hexamod:BurningTouch","hexamod:ThermalTransfer","hexamod:SwordOfDarkness"],"picked":"SKIP","floor":5.0},{"not_picked":["hexamod:RecurringNightmare","hexamod:RetreatToShadows","hexamod:SpectralSpark"],"picked":"SKIP","floor":8},{"not_picked":["hexamod:Again","hexamod:SwordOfDarkness"],"picked":"hexamod:FifthSeal","floor":11},{"not_picked":["hexamod:FirstSeal","hexamod:FourthSeal"],"picked":"hexamod:SixthSeal","floor":12},{"not_picked":["hexamod:InspiringFlames","hexamod:HeatMetal"],"picked":"hexamod:Rewind","floor":12},{"not_picked":["hexamod:FourthSeal","hexamod:SixthSeal"],"picked":"hexamod:FirstSeal","floor":13},{"not_picked":["hexamod:GhostShield","hexamod:NightmareGuise","hexamod:NightmareStrike"],"picked":"SKIP","floor":13},{"not_picked":["hexamod:FirstSeal","hexamod:SecondSeal"],"picked":"hexamod:ThirdSeal","floor":14},{"not_picked":["hexamod:AdvancingGuard","hexamod:PhantomCloak"],"picked":"hexamod:ApocalypseNow","floor":14}],"player_experience":386264,"relics_obtained":[{"floor":2.0,"key":"bronze:BronzeIdol"},{"floor":11,"key":"CaptainsWheel"}],"event_choices":[{"damage_healed":0.0,"max_hp_gain":0.0,"max_hp_loss":0.0,"gold_gain":0.0,"event_name":"Wheel of Change","player_choice":"Relic","floor":2.0,"gold_loss":0.0,"damage_taken":0.0}],"is_beta":false,"boss_relics":[],"items_purged_floors":[],"is_endless":false,"potions_floor_spawned":[3,8,11,14],"killed_by":"Slime Boss","ascension_level":0}}