{"host":"d73an99q9oevilk5","time":1613433580,"event":{"mods":["2.2 Compatiblity","AchievementEnabler","Act Like it!","Aspiration","BaseMod","Beaked The Cultist","Better Third Choice","BetterRewards","Colored Map","Colored Powertips","Conspire","Downfall","GifTheSpireLib","Halation","Hubris","Infinite Spire","Marisa????????","Mimic Mod","Minty Spire (QoL Compilation)","MostiFishMod","Quick Restart","Relic Sorter","Reliquary","Replay The Spire","Shop Mod","Spikes Relics","StSLib","Stuff the Spire","The Cursed","The Jungle","The Necromancer","The Saiyan","Waifu the Spire","egg","slay the spire mod where everything is the same but ironclad has a cowboy hat"],"gold_per_floor":[116,127,127,127,146,180,180,208,234,234,249,249,285,341,341,447,447,463,465,483,499,513,549,549,414,490,525,525,527,527,539,539,634,634,645,645,645,655,655,691,723,745,745,763,821,821,821,821,821,839,839],"floor_reached":50,"language":"ENG","playtime":2566,"items_purged":[],"score":1031,"play_id":"366e6c24-9e8d-418c-9f6e-ab56ab003160","local_time":"20210215165940","is_ascension_mode":false,"campfire_choices":[{"data":"beaked:Ceremony","floor":7.0,"key":"SMITH"},{"data":"beaked:Ceremony","floor":15.0,"key":"SMITH"},{"floor":24.0,"key":"DIG"},{"data":"beaked:CrazyRituals","floor":28.0,"key":"SMITH"},{"data":"beaked:CrazyRituals","floor":32,"key":"SMITH"},{"data":"infinitespire:UltimateForm","floor":47,"key":"SMITH"},{"floor":49,"key":"DIG"}],"circlet_count":0,"master_deck":["beaked:Strike_Y+1","beaked:Strike_Y","beaked:Strike_Y","beaked:Strike_Y","beaked:Strike_Y","beaked:Defend_Y","beaked:Defend_Y","beaked:Defend_Y+1","beaked:Defend_Y+1","beaked:Ceremony+1","beaked:Ceremony","beaked:Ceremony+1","hubris:EnhanceAbility+1","beaked:Hexing","beaked:Foresight","beaked:Foresight","beaked:Foresight","MostiFishMod:TheEndOfMoonlight","MostiFishMod:SparklingWater","MostiFishMod:FantasySummer","MostiFishMod:NightSea","beaked:MaddeningMurmurs","beaked:ScreechingChant+1","beaked:CrazyRituals+1","beaked:AwakenedForm+1","ReplayTheSpireMod:??????????????????????","beaked:CrazyRituals+1","beaked:KnowThyFoe+1","hubris:Lust","Replay:GuardianBash","beaked:Sacrifice+1","Trip","infinitespire:UltimateForm+1","beaked:Evade+1","beaked:Evade","beaked:Sacrifice+1","beaked:KnowThyFoe+1","beaked:MachineSpirit+1"],"relics":["beaked:MendingPlumage","DaveBox","halation:QuantumPhysicsTextbook","aspiration:FrozenJewel","Toolbox","Dead Branch","Quantum Egg","Du-Vu Doll","DaCapo","reliquary:HotPoker","War Paint","Torii","BrkXgEgg","reliquary:WeakTea","TungstenRod","SynthV:TestCard","infinitespire:Midas Blood","Gremlin Food","halation:KoshaPiece","aspiration:FetidBarrel","halation:PinkSoulGem","MoonlightInvasionPlan","hubris:SphereOfDissonance","halation:BottledLove","Empty Cage","Shovel","reliquary:SharkskinSheath","halation:PromiseList","theJungle:Flamango","reliquary:PrincelyHelmet","StuffTheSpire:OldFever","ReplayTheSpireMod:SealedPack","ChewingGum","Pear","StuffTheSpire:Mouthbags","Mercury Hourglass","reliquary:PorcupineQuills","hubris:Teleporter","halation:PapillonHeart","beaked:ShinyBauble"],"acts_visited":["Exordium","Exordium","TheBeyond"],"potions_floor_usage":[45,45,50,50],"damage_taken":[{"damage":0.0,"enemies":"2 Louse","floor":1.0,"turns":3.0},{"damage":0.0,"enemies":"conspire:RoseBush","floor":2.0,"turns":3.0},{"damage":0.0,"enemies":"Cultist","floor":5.0,"turns":4.0},{"damage":20.0,"enemies":"3 Sentries","floor":6.0,"turns":3.0},{"damage":0.0,"enemies":"Replay:BlueRogue","floor":8.0,"turns":7.0},{"damage":1.0,"enemies":"conspire:2 RoseBushes","floor":11.0,"turns":4.0},{"damage":37.0,"enemies":"Gremlin Nob","floor":13.0,"turns":6.0},{"damage":0.0,"enemies":"Lagavulin Event","floor":14.0,"turns":1.0},{"damage":11.0,"enemies":"Slime Boss","floor":16.0,"turns":4.0},{"damage":0.0,"enemies":"theJungle:GiantWrat","floor":18.0,"turns":1.0},{"damage":4.0,"enemies":"theJungle:MUSHROOMGANG","floor":20.0,"turns":5.0},{"damage":5.0,"enemies":"Snake Plant","floor":21.0,"turns":2.0},{"damage":0.0,"enemies":"theJungle:JungleHuntersEncounter","floor":22.0,"turns":5.0},{"damage":26.0,"enemies":"theJungle:MamaSnecko","floor":23.0,"turns":8.0},{"damage":4.0,"enemies":"theJungle:Cassacara","floor":27.0,"turns":5.0},{"damage":0,"enemies":"theJungle:2_Flameangoes","floor":31,"turns":4},{"damage":0,"enemies":"theJungle:QueenSpyder","floor":33,"turns":6},{"damage":0,"enemies":"Orb Walker","floor":35,"turns":4},{"damage":0,"enemies":"3 Shapes","floor":38,"turns":5},{"damage":8,"enemies":"R_Hoarder","floor":40,"turns":6},{"damage":0,"enemies":"Giant Head","floor":41,"turns":6},{"damage":3,"enemies":"Spire Growth","floor":42,"turns":4},{"damage":28,"enemies":"3 Darklings","floor":44,"turns":6},{"damage":25,"enemies":"2 Orb Walkers","floor":45,"turns":5},{"damage":89,"enemies":"infinitespire:MassOfShapes","floor":50,"turns":3}],"seed_played":"-6374766518617394938","potions_obtained":[{"floor":8.0,"key":"LiquidMemories"},{"floor":11.0,"key":"Adrenaline Potion"},{"floor":13.0,"key":"Energy Potion"},{"floor":14.0,"key":"beaked:MendingBrew"},{"floor":16.0,"key":"Strength Potion"},{"floor":45,"key":"DistilledChaos"}],"is_trial":false,"path_per_floor":["M","M","$","?","M","E","R","E","T","?","M","?","E","?","R","B",null,"M","?","M","M","M","E","R","?","T","E","R","?","?","M","R_BF","B",null,"M","?","AVR","M","$","E","E","M","T","M","?","?","R","?","R","B"],"character_chosen":"BEAKED_THE_CULTIST","items_purchased":["hubris:EnhanceAbility","aspiration:FrozenJewel","beaked:Hexing","Toolbox","beaked:Foresight","Quantum Egg","reliquary:HotPoker","War Paint","BrkXgEgg","reliquary:WeakTea","TungstenRod"],"campfire_rested":0,"item_purchase_floors":[0,0,0,0,0,0,0,0,0,0,0],"current_hp_per_floor":[50,50,50,50,50,38,38,53,53,53,56,56,28,30,30,55,56,56,7,27,30,50,58,58,58,58,68,68,52,52,71,71,71,71,71,71,81,84,84,84,87,87,87,84,86,86,86,84,84,0,0],"gold":839,"neow_bonus":"","is_daily":false,"chose_seed":false,"campfire_upgraded":5,"win_rate":0.0,"timestamp":1613433580,"path_taken":["M","M","$","?","M","E","R","E","T","?","?","?","E","?","R","BOSS","M","?","M","M","M","E","R","?","T","E","R","?","?","M","R_BF","BOSS","M","?","AVR","?","$","E","E","M","T","M","?","?","R","?","R","BOSS"],"items_purchased_type":["Card","Relic","Card","Relic","Card","Relic","Relic","Relic","Relic","Relic","Relic"],"build_version":"2020-12-22","purchased_purges":0,"victory":false,"max_hp_per_floor":[50,50,50,50,50,53,53,53,53,53,56,56,56,56,56,56,56,56,56,59,59,62,65,65,65,65,68,68,68,68,71,71,71,71,71,71,81,84,84,84,87,87,87,90,93,88,88,84,84,84,84],"card_choices":[{"not_picked":["beaked:Flinch","beaked:Poke"],"picked":"beaked:Foresight","floor":1.0},{"not_picked":["beaked:Molting","beaked:Struggle","beaked:Tradeoff","beaked:FeelMyPain","beaked:Resilience"],"picked":"SKIP","floor":2.0},{"not_picked":["beaked:HuntressEssence","beaked:DigDeep","beaked:VigorBurst","beaked:Tradeoff","beaked:Hexing"],"picked":"SKIP","floor":5.0},{"not_picked":["beaked:Devastation","beaked:SurvivalInstinct","beaked:BraceForImpact","beaked:Windmill"],"picked":"beaked:Sacrifice+1","floor":6.0},{"not_picked":["beaked:SacrificialDive","beaked:Resilience","beaked:Flinch","beaked:WarriorEssence","beaked:BraceForImpact"],"picked":"SKIP","floor":8.0},{"not_picked":["beaked:Hexing","beaked:DigDeep","beaked:Evade","beaked:Devastation"],"picked":"beaked:Foresight","floor":11.0},{"not_picked":["beaked:Tweet","beaked:FullHouse+1","ReplayTheSpireMod:Prepare the Ceremony","beaked:Hexing"],"picked":"beaked:MaddeningMurmurs","floor":13.0},{"not_picked":["beaked:WildInstinct+1","beaked:DarkTribute+1","beaked:SacrificialScars+1","beaked:LiftOff+1"],"picked":"beaked:ScreechingChant+1","floor":16.0},{"not_picked":["beaked:Daydream+1","beaked:DigDeep","beaked:Roost","beaked:Recite+1","beaked:MimicMachine"],"picked":"SKIP","floor":18.0},{"not_picked":["beaked:Cower","beaked:Redirect+1","beaked:SurvivalInstinct","beaked:Tradeoff","beaked:Foresight"],"picked":"SKIP","floor":20.0},{"not_picked":["beaked:SacrificialAttack","beaked:SurvivalInstinct","beaked:Resilience+1","beaked:RitualOfBody+1"],"picked":"beaked:CrazyRituals","floor":21.0},{"not_picked":["beaked:Resilience","beaked:Flinch+1","ReplayTheSpireMod:RavenHex","beaked:SurvivalInstinct","beaked:Redirect"],"picked":"SKIP","floor":22.0},{"not_picked":["beaked:Cower","beaked:Foresight","beaked:Hexing","beaked:Recite+1","beaked:Tradeoff"],"picked":"SKIP","floor":23.0},{"not_picked":["beaked:Sacrifice+1","beaked:BloodRitual","beaked:HuntressEssence","beaked:RuinSticks"],"picked":"beaked:AwakenedForm+1","floor":27.0},{"not_picked":["infinitespire:NeuralNetwork","hubris:Rewind"],"picked":"ReplayTheSpireMod:??????????????????????","floor":29.0},{"not_picked":["ReplayTheSpireMod:Wings of Steel","beaked:Mantra","beaked:CursingBlood","beaked:Windmill"],"picked":"beaked:CrazyRituals","floor":31},{"not_picked":["beaked:WildInstinct+1","ReplayTheSpireMod:Owlgaze+1","beaked:SacrificialScars+1","beaked:ShadowFade+1"],"picked":"beaked:KnowThyFoe+1","floor":33},{"not_picked":["bronze:Replicate","Eruption","hexamod:Sear","Zap"],"picked":"Replay:GuardianBash","floor":34},{"not_picked":["beaked:ShadowFade","beaked:DarkPact","beaked:AwakenedForm","beaked:VolatileMisfortune"],"picked":"beaked:Sacrifice","floor":34},{"not_picked":["StuffTheSpire:FreeRealEstate","Replay:Bootleg Shield Generator","Madness","Deep Breath"],"picked":"Trip","floor":34},{"not_picked":["infinitespire:SevenWalls","hubris:Rewind","ReplayTheSpireMod:Echoes of Time","infinitespire:FinalStrike"],"picked":"infinitespire:UltimateForm","floor":34},{"not_picked":["beaked:Poke+1","beaked:FeelMyPain+1","beaked:Overpower+1","beaked:RuinSticks"],"picked":"beaked:Evade+1","floor":35},{"not_picked":["beaked:DigDeep+1","beaked:Tweet+1","beaked:Evade","beaked:FeelMyPain","beaked:Resilience"],"picked":"SKIP","floor":38},{"not_picked":["beaked:BounceBack+1","beaked:RitualOfBody","beaked:MimicMachine+1","beaked:FullHouse+1","beaked:StickSmack+1"],"picked":"SKIP","floor":40},{"not_picked":["beaked:TuckingFeathers+1","beaked:MachineSpirit+1","beaked:Tradeoff+1","beaked:BraceForImpact","beaked:Hexing+1"],"picked":"SKIP","floor":41},{"not_picked":["beaked:StunningBlow+1","beaked:Evade","beaked:Devastation","beaked:Brace","beaked:DesperateSwing+1"],"picked":"SKIP","floor":42},{"not_picked":["beaked:Evade","beaked:Tradeoff+1","beaked:Mantra+1","beaked:Flinch+1"],"picked":"beaked:KnowThyFoe+1","floor":44},{"not_picked":["beaked:Roost","beaked:StunningBlow","beaked:Tradeoff+1","beaked:MimicWarrior+1"],"picked":"beaked:MachineSpirit+1","floor":45}],"player_experience":1915456,"relics_obtained":[{"floor":1.0,"key":"SynthV:TestCard"},{"floor":6.0,"key":"infinitespire:Midas Blood"},{"floor":8.0,"key":"Gremlin Food"},{"floor":9.0,"key":"halation:KoshaPiece"},{"floor":13.0,"key":"hubris:SphereOfDissonance"},{"floor":14.0,"key":"halation:BottledLove"},{"floor":23.0,"key":"reliquary:SharkskinSheath"},{"floor":24.0,"key":"halation:PromiseList"},{"floor":26.0,"key":"reliquary:PrincelyHelmet"},{"floor":27.0,"key":"StuffTheSpire:OldFever"},{"floor":40,"key":"StuffTheSpire:Mouthbags"},{"floor":41,"key":"Mercury Hourglass"},{"floor":43,"key":"reliquary:PorcupineQuills"},{"floor":45,"key":"hubris:Teleporter"},{"floor":49,"key":"beaked:ShinyBauble"}],"event_choices":[{"damage_healed":0.0,"max_hp_gain":0.0,"max_hp_loss":0.0,"gold_gain":0.0,"event_name":"WeMeetAgain","player_choice":"Gave Potion","floor":10.0,"gold_loss":0.0,"damage_taken":0.0,"relics_obtained":["aspiration:FetidBarrel"]},{"damage_healed":0.0,"max_hp_gain":0.0,"max_hp_loss":0.0,"gold_gain":0.0,"event_name":"Dead Adventurer","player_choice":"Searched \u00272\u0027 times","floor":14.0,"gold_loss":0.0,"damage_taken":0.0},{"damage_healed":0,"gold_gain":0,"player_choice":"1 cards matched","damage_taken":0,"max_hp_gain":0,"max_hp_loss":0,"event_name":"Match and Keep!","floor":36,"gold_loss":0,"cards_obtained":["beaked:Evade"]},{"damage_healed":0,"gold_gain":0,"player_choice":"Fight","damage_taken":0,"max_hp_gain":0,"max_hp_loss":0,"event_name":"Mysterious Sphere","floor":45,"gold_loss":0},{"damage_healed":0,"gold_gain":0,"player_choice":"Max HP","damage_taken":0,"max_hp_gain":0,"max_hp_loss":5,"event_name":"Winding Halls","floor":46,"gold_loss":0}],"is_beta":false,"boss_relics":[{"not_picked":["NightmareShop","Replay:Drink Me"],"picked":"Empty Cage"},{"not_picked":["Velvet Choker","GuanYuAspect"],"picked":"ReplayTheSpireMod:SealedPack"}],"items_purged_floors":[],"is_endless":false,"potions_floor_spawned":[8,11,13,14,16,21,22,23,27,40,44,45],"killed_by":"infinitespire:MassOfShapes","ascension_level":0}}