{"host":"jr8vrtwn64siegs0","time":1613354353,"event":{"mods":["2.2 Compatiblity","BaseMod","Better Third Choice","BetterRewards","Colored Map","Downfall","Friendly Minions","Hubris","Jorbs\u0027s Wanderer Trilogy","Minty Spire (QoL Compilation)","Quick Restart","Shop Mod","StSLib","The Bug Knight","everything is the same but u backflip on backflip"],"gold_per_floor":[99,112,125,144,162,162,187,197,210,224,242,272,272,282,297,400,400,400,411,411,411,145,162,215,215,215,235,235,246,273,283,301,403,403,403,415,431,431,444,475,475,507,521,521,541,145,145,145,145],"floor_reached":47,"language":"ENG","playtime":5782,"items_purged":["Slimebound:Defend_Slimebound","Slimebound:CorrosiveSpit"],"score":567,"play_id":"0958c051-6293-42ac-ba62-e49f3097b365","local_time":"20210214175913","is_ascension_mode":false,"campfire_choices":[{"data":"Slimebound:Split","floor":1,"key":"SMITH"},{"data":"Slimebound:Nibble","floor":6,"key":"SMITH"},{"data":"Slimebound:SlimeBarrage","floor":13,"key":"SMITH"},{"data":"Slimebound:Teamwork","floor":18,"key":"SMITH"},{"data":"expansioncontent:QuickStudy","floor":26,"key":"SMITH"},{"data":"Slimebound:Overexert","floor":28,"key":"SMITH"},{"data":"Slimebound:FirmFortitude","floor":35,"key":"SMITH"}],"circlet_count":0,"master_deck":["Slimebound:Tackle","Slimebound:Defend_Slimebound","Slimebound:Defend_Slimebound","Slimebound:Defend_Slimebound","Slimebound:Split+1","Slimebound:Nibble+1","Slimebound:Equalize","Slimebound:Replication","Slimebound:GoopSpray","Slimebound:Prepare","Slimebound:ProtectTheBoss","Slimebound:SlimeBarrage+1","Slimebound:LeadByExample","Slimebound:SplitBruiser","Slimebound:Teamwork+1","CurseOfTheBell","Slimebound:SplitAcid+1","Bite","Bite","Bite","Bite","Bite","RitualDagger","Slimebound:Gluttony","expansioncontent:QuickStudy+1","Slimebound:MegaLick+1","Slimebound:Overexert+1","Slimebound:ComboTackle+1","Slimebound:RallyTheTroops","Slimebound:RejuvenatingLick+1","Slimebound:SplitLeeching+1","Slimebound:FirmFortitude+1","Slimebound:FormOfPuddle+1","Slimebound:LevelUp+1","Slimebound:Repurpose","Slimebound:Replication+1","Slimebound:SlimeSpikes+1","Dark Embrace","Slimebound:LevelUp+1","Slimebound:SlimeTap"],"relics":["Slimebound:AbsorbEndCombat","Slimebound:AggressiveSlimeRelic","Calling Bell","hubris:ToyBattleship","Question Card","Thread and Needle","Potion Belt","Shuriken","hubris:ScarierMask","Omamori","Oddly Smooth Stone","hubris:DisguiseKit","hubris:Icosahedron","Strange Spoon","MerchantsRug"],"acts_visited":["Exordium","TheCity","TheBeyond"],"potions_floor_usage":[12,15,16,23,29,30,33,33,39,40,42,43,46,47],"damage_taken":[{"damage":4,"enemies":"Cultist","floor":2,"turns":3},{"damage":10,"enemies":"Small Slimes","floor":3,"turns":3},{"damage":3,"enemies":"2 Louse","floor":4,"turns":2},{"damage":2,"enemies":"Blue Slaver","floor":5,"turns":4},{"damage":10,"enemies":"2 Fungi Beasts","floor":8,"turns":3},{"damage":3,"enemies":"3 Louse","floor":9,"turns":3},{"damage":0,"enemies":"Blue Slaver","floor":10,"turns":3},{"damage":0,"enemies":"Exordium Thugs","floor":11,"turns":4},{"damage":20,"enemies":"Lagavulin","floor":12,"turns":6},{"damage":8,"enemies":"Red Slaver","floor":14,"turns":3},{"damage":0,"enemies":"Large Slime","floor":15,"turns":3},{"damage":27,"enemies":"DF_ARCHETYPE_STREAMLINE","floor":16,"turns":9},{"damage":1,"enemies":"downfall:LooterAlt2","floor":19,"turns":3},{"damage":0,"enemies":"downfall:FleeingMerchant","floor":22,"turns":4},{"damage":5,"enemies":"Chosen","floor":23,"turns":3},{"damage":8,"enemies":"Snecko","floor":27,"turns":4},{"damage":0,"enemies":"3 Cultists","floor":29,"turns":2},{"damage":10,"enemies":"HollowMod:Nosk","floor":30,"turns":5},{"damage":12,"enemies":"Cultist and Chosen","floor":31,"turns":4},{"damage":14,"enemies":"Chosen and Byrds","floor":32,"turns":4},{"damage":12,"enemies":"IC_MUSHROOM_ARCHETYPE","floor":33,"turns":7},{"damage":13,"enemies":"Orb Walker","floor":36,"turns":4},{"damage":19,"enemies":"3 Darklings","floor":37,"turns":4},{"damage":7,"enemies":"3 Darklings","floor":38,"turns":2},{"damage":8,"enemies":"Spire Growth","floor":39,"turns":5},{"damage":6,"enemies":"Reptomancer","floor":40,"turns":5},{"damage":37,"enemies":"Nemesis","floor":42,"turns":6},{"damage":0,"enemies":"Transient","floor":43,"turns":5},{"damage":33,"enemies":"Maw","floor":45,"turns":8},{"damage":12,"enemies":"downfall:FleeingMerchant","floor":46,"turns":4},{"damage":31,"enemies":"Writhing Mass","floor":47,"turns":2}],"seed_played":"-749431693875390174","potions_obtained":[{"floor":8,"key":"Slimebound:SlimedPotion"},{"floor":9,"key":"Explosive Potion"},{"floor":10,"key":"DuplicationPotion"},{"floor":14,"key":"DistilledChaos"},{"floor":15,"key":"DistilledChaos"},{"floor":16,"key":"Fire Potion"},{"floor":27,"key":"CultistPotion"},{"floor":30,"key":"AttackPotion"},{"floor":31,"key":"Dexterity Potion"},{"floor":32,"key":"Block Potion"},{"floor":33,"key":"LiquidBronze"},{"floor":37,"key":"Fire Potion"},{"floor":39,"key":"FearPotion"},{"floor":42,"key":"Fire Potion"},{"floor":45,"key":"LiquidMemories"}],"is_trial":false,"path_per_floor":["R","M","M","M","M","R","T","M","M","M","M","E","R","M","M","B",null,"R","M","?","?","$","M","T","?","R","M","R","M","E","M","M","B",null,"R","M","M","?","M","E","T","E","M","?","M","$","M"],"character_chosen":"SLIMEBOUND","items_purchased":["expansioncontent:QuickStudy","Strange Spoon","MerchantsRug"],"campfire_rested":0,"item_purchase_floors":[22,46,46],"current_hp_per_floor":[71,71,63,66,71,71,71,63,71,71,71,53,53,59,71,53,71,71,71,71,65,71,70,70,70,70,71,71,71,68,71,65,67,71,71,70,56,53,65,71,71,38,44,44,23,29,0,0,0],"gold":145,"neow_bonus":"TEN_PERCENT_HP_BONUS","is_daily":false,"chose_seed":false,"campfire_upgraded":7,"win_rate":0.0,"timestamp":1613354353,"path_taken":["R","M","M","M","M","R","T","M","M","?","?","E","R","M","M","BOSS","R","M","?","?","$","M","T","?","R","?","R","M","E","M","M","BOSS","R","M","M","?","M","E","T","E","M","?","M","$","M"],"items_purchased_type":["Card","Relic","Relic"],"build_version":"2020-12-22","purchased_purges":2,"victory":false,"max_hp_per_floor":[71,71,71,71,71,71,71,71,71,71,71,71,71,71,71,71,71,71,71,71,71,71,71,71,71,71,71,71,71,71,71,71,71,71,71,71,71,71,71,71,71,71,71,71,71,71,71,71,71],"card_choices":[{"not_picked":["Slimebound:Schlurp","Slimebound:FinishingTackle"],"picked":"Slimebound:Nibble","floor":2},{"not_picked":["Slimebound:FormOfPuddle","Slimebound:LeechEnergy"],"picked":"Slimebound:Equalize","floor":3},{"not_picked":["Slimebound:FinishingTackle","Slimebound:FormOfPuddle"],"picked":"Slimebound:Replication","floor":4},{"not_picked":["Slimebound:HauntingLick","Slimebound:SpikyOuterGoop"],"picked":"Slimebound:GoopSpray","floor":5},{"not_picked":["Slimebound:RollThrough","Slimebound:SlimeBrawl"],"picked":"Slimebound:Prepare","floor":8},{"not_picked":["Slimebound:FinishingTackle","Slimebound:HauntingLick"],"picked":"Slimebound:ProtectTheBoss","floor":9},{"not_picked":["Slimebound:FinishingTackle","Slimebound:SplitBruiser"],"picked":"Slimebound:SlimeBarrage","floor":10},{"not_picked":["Slimebound:LeechingTouch","Slimebound:SlimeBarrage","Slimebound:LivingWall"],"picked":"SKIP","floor":11},{"not_picked":["Slimebound:ComboTackle","Slimebound:LeechingTouch","Slimebound:HauntingLick"],"picked":"SKIP","floor":12},{"not_picked":["Slimebound:GoopTackle","Slimebound:DouseInSlime"],"picked":"Slimebound:LeadByExample","floor":14},{"not_picked":["Slimebound:FinishingTackle","Slimebound:Chomp"],"picked":"Slimebound:SplitBruiser","floor":15},{"not_picked":["Slimebound:OneTwoCombo","Slimebound:SelfFormingGoo"],"picked":"Slimebound:Teamwork","floor":16},{"not_picked":["Slimebound:RollThrough+1","Slimebound:BestDefense","Slimebound:SlimeBrawl+1"],"picked":"Slimebound:SplitAcid+1","floor":19},{"not_picked":["Slimebound:Grow","Slimebound:Schlurp","Slimebound:HauntingLick"],"picked":"Slimebound:Gluttony","floor":22},{"not_picked":["Slimebound:SplitBruiser","Slimebound:Gluttony","Slimebound:LevelUp"],"picked":"Slimebound:MegaLick+1","floor":23},{"not_picked":["Slimebound:AcidTongue","Slimebound:SplitLeeching","Slimebound:LeechEnergy"],"picked":"Slimebound:Overexert","floor":27},{"not_picked":["Slimebound:SplitAcid","Slimebound:SplitLeeching","Slimebound:SlimeSpikes"],"picked":"Slimebound:ComboTackle+1","floor":29},{"not_picked":["Slimebound:RollThrough+1","Slimebound:LeadByExample","Slimebound:SplitAcid"],"picked":"Slimebound:RallyTheTroops","floor":30},{"not_picked":["Slimebound:SamplingLick","Slimebound:ItLooksTasty+1","Slimebound:GoopSpray"],"picked":"Slimebound:RejuvenatingLick+1","floor":31},{"not_picked":["Slimebound:SplitBruiser","Slimebound:ViciousTackle","Slimebound:Prepare"],"picked":"Slimebound:SplitLeeching+1","floor":32},{"not_picked":["Slimebound:SlimeSlap","Slimebound:OneTwoCombo","Slimebound:RallyTheTroops"],"picked":"Slimebound:FirmFortitude","floor":33},{"not_picked":["Slimebound:ComboTackle+1","Slimebound:LivingWall","Slimebound:GoopSpray+1","Slimebound:Replication"],"picked":"SKIP","floor":36},{"not_picked":["Slimebound:PressTheAttack+1","Slimebound:SamplingLick+1","Slimebound:GoopSpray+1"],"picked":"Slimebound:FormOfPuddle+1","floor":37},{"not_picked":["Slimebound:BestDefense+1","Slimebound:GrowthPunch+1","Slimebound:FinishingTackle"],"picked":"Slimebound:LevelUp+1","floor":38},{"not_picked":["Slimebound:GrowthPunch","Slimebound:ProtectTheBoss+1","Slimebound:RollThrough+1"],"picked":"Slimebound:Repurpose","floor":39},{"not_picked":["Slimebound:GoopTackle","Slimebound:BestDefense+1","Slimebound:Schlurp+1"],"picked":"Slimebound:Replication+1","floor":40},{"not_picked":["Slimebound:GoopTackle","Slimebound:DuplicatedForm","Slimebound:SamplingLick"],"picked":"Slimebound:SlimeSpikes+1","floor":42},{"not_picked":["Slimebound:RejuvenatingLick+1","Slimebound:ItLooksTasty+1","Slimebound:Nibble","Slimebound:SlimeBarrage"],"picked":"Dark Embrace","floor":43},{"not_picked":["Slimebound:AcidTongue","Slimebound:FinishingTackle+1","Slimebound:LeadByExample","Clothesline"],"picked":"Slimebound:LevelUp+1","floor":45},{"not_picked":["Slimebound:BestDefense","Slimebound:Prepare","Slimebound:RejuvenatingLick+1","Headbutt"],"picked":"Slimebound:SlimeTap","floor":46}],"player_experience":587110,"relics_obtained":[{"floor":7,"key":"Blood Vial"},{"floor":12,"key":"Slimebound:AggressiveSlimeRelic"},{"floor":17,"key":"hubris:ToyBattleship"},{"floor":17,"key":"Question Card"},{"floor":17,"key":"Thread and Needle"},{"floor":24,"key":"Potion Belt"},{"floor":30,"key":"Shuriken"},{"floor":40,"key":"Omamori"},{"floor":41,"key":"Oddly Smooth Stone"},{"floor":42,"key":"hubris:DisguiseKit"}],"event_choices":[{"damage_healed":0,"gold_gain":0,"player_choice":"Became a vampire (Vial)","damage_taken":0,"max_hp_gain":0,"max_hp_loss":0,"event_name":"Vampires","floor":20,"relics_lost":["Blood Vial"],"gold_loss":0,"cards_obtained":["Bite","Bite","Bite","Bite","Bite"]},{"damage_healed":0,"gold_gain":0,"player_choice":"Ignored","damage_taken":0,"max_hp_gain":0,"max_hp_loss":0,"event_name":"NoteForYourself","floor":25,"gold_loss":0}],"is_beta":false,"boss_relics":[{"not_picked":["Slimebound:TarBlob","Runic Pyramid"],"picked":"Calling Bell"},{"not_picked":["Astrolabe","hubris:RunicObelisk"],"picked":"hubris:ScarierMask"}],"items_purged_floors":[22,46],"is_endless":false,"potions_floor_spawned":[8,9,10,14,15,16,27,30,31,32,33,37,39,42,45],"killed_by":"Writhing Mass","ascension_level":0}}