{"host":"hk3n60c9tb8azi3z","time":1613382934,"event":{"mods":["AchievementEnabler","BaseMod","Minty Spire (QoL Compilation)","Relic Sorter","Relic Stats"],"gold_per_floor":[411,426,426,426,426,459,490,524,524,200,209,241,241,285,285,396,396,425,425,457,97,30,99,146,196,205,24,67,116,116,164,164,281,281,301,23,390,12,12,46,90,134,143,188,188,28,37,77,77,86,95,95,95,13,51,60],"floor_reached":57,"language":"ENG","playtime":3617,"items_purged":["Regret","Normality"],"score":4520,"play_id":"d908bdbf-b186-41b1-86e1-572c9ddc55d6","local_time":"20210215105534","daily_mods":["SealedDeck","Heirloom","Flight","Cursed Run","Lethality"],"is_ascension_mode":true,"campfire_choices":[{"data":"Acrobatics","floor":13,"key":"SMITH"},{"data":"Doppelganger","floor":15,"key":"SMITH"},{"data":"Wraith Form v2","floor":30,"key":"SMITH"},{"data":"Footwork","floor":32,"key":"SMITH"},{"data":"Well Laid Plans","floor":45,"key":"SMITH"},{"floor":49,"key":"RECALL"},{"data":"Well Laid Plans","floor":53,"key":"SMITH"}],"circlet_count":0,"master_deck":["AscendersBane","Blade Dance","Riddle With Holes","Dash","Footwork+1","Acrobatics+1","Acrobatics+1","Underhanded Strike","Quick Slash+1","Prepared","Calculated Gamble+1","Catalyst","Riddle With Holes","PiercingWail","Underhanded Strike","Injury","Backflip+1","Doppelganger+1","Injury","Well Laid Plans+1","Well Laid Plans+1","Backflip","Panache","Enlightenment+1","Madness+1","Secret Technique+1","Envenom","Wraith Form v2+1","Regret","Panacea+1","HandOfGreed+1","Purity+1","Acrobatics+1","Dodge and Roll+1","PiercingWail+1","Bouncing Flask+1","Terror+1","Eviscerate","Venomology+1","Leg Sweep+1","Crippling Poison+1","Footwork","Footwork","Tools of the Trade","Corpse Explosion+1","Blur+1","Tactician+1","Master of Strategy+1","White Noise+1","Seeing Red+1","Decay","Reaper+1","Secret Technique+1","Dark Shackles+1","Injury","CutThroughFate+1","Regret","Parasite","Acrobatics+1","Doubt"],"relics":["Cursed Key","Art of War","Centennial Puzzle","Kunai","Nunchaku","Ornamental Fan","Tiny Chest","InkBottle","Sundial","Pen Nib","Pocketwatch","Shuriken","Darkstone Periapt","Du-Vu Doll","Tingsha","Gambling Chip","ClockworkSouvenir","Tough Bandages","The Courier","Membership Card","Old Coin","Prayer Wheel","Golden Idol","Juzu Bracelet","Blood Vial","Bag of Marbles","CeramicFish","The Specimen","White Beast Statue","Blue Candle","Question Card","Unceasing Top","Oddly Smooth Stone","MealTicket","Bottled Lightning","Regal Pillow","Bottled Flame","Toxic Egg 2","Mercury Hourglass","Singing Bowl","Eternal Feather","Empty Cage","Nilry\u0027s Codex","Vajra","Bag of Preparation","Anchor","Dream Catcher","Smiling Mask","Ninja Scroll","Molten Egg 2","The Courier","Ginger","Coffee Dripper","Mummified Hand","PrismaticShard","Potion Belt","Old Coin","FossilizedHelix","War Paint","Ice Cream","Lee\u0027s Waffle","Snake Skull","Gremlin Horn","Paper Crane","Chemical X","Strawberry","Whetstone","Lantern","Mango"],"acts_visited":["Exordium","TheCity","TheBeyond","TheEnding"],"potions_floor_usage":[41,42,56,56,56,56,56],"damage_taken":[{"damage":0,"enemies":"Cultist","floor":1,"turns":1},{"damage":0,"enemies":"2 Louse","floor":2,"turns":1},{"damage":0,"enemies":"Lagavulin","floor":6,"turns":2},{"damage":0,"enemies":"Gremlin Nob","floor":7,"turns":2},{"damage":0,"enemies":"3 Sentries","floor":8,"turns":3},{"damage":0,"enemies":"Lagavulin","floor":14,"turns":2},{"damage":0,"enemies":"Slime Boss","floor":16,"turns":1},{"damage":0,"enemies":"2 Thieves","floor":18,"turns":1},{"damage":0,"enemies":"Slavers","floor":23,"turns":2},{"damage":0,"enemies":"Gremlin Leader","floor":24,"turns":2},{"damage":0,"enemies":"Slavers","floor":25,"turns":1},{"damage":0,"enemies":"3 Byrds","floor":28,"turns":2},{"damage":0,"enemies":"Gremlin Leader","floor":29,"turns":2},{"damage":0,"enemies":"Slavers","floor":31,"turns":1},{"damage":0,"enemies":"Collector","floor":33,"turns":1},{"damage":0,"enemies":"3 Darklings","floor":35,"turns":2},{"damage":0,"enemies":"2 Orb Walkers","floor":37,"turns":1},{"damage":0,"enemies":"Reptomancer","floor":40,"turns":1},{"damage":0,"enemies":"Nemesis","floor":41,"turns":1},{"damage":0,"enemies":"Giant Head","floor":42,"turns":2},{"damage":0,"enemies":"Reptomancer","floor":44,"turns":1},{"damage":0,"enemies":"Nemesis","floor":48,"turns":1},{"damage":0,"enemies":"Donu and Deca","floor":50,"turns":2},{"damage":0,"enemies":"Time Eater","floor":51,"turns":3},{"damage":0,"enemies":"Shield and Spear","floor":55,"turns":2},{"damage":6,"enemies":"The Heart","floor":56,"turns":5}],"seed_played":"-3249987411248058979","potions_obtained":[{"floor":8,"key":"Fire Potion"},{"floor":14,"key":"Weak Potion"},{"floor":25,"key":"CultistPotion"},{"floor":37,"key":"Swift Potion"},{"floor":40,"key":"Block Potion"},{"floor":55,"key":"Poison Potion"}],"is_trial":true,"path_per_floor":["M","M","?","?","?","E","E","E","T","$","?","T","R","E","R","B",null,"M","?","T","$","$","E","E","E","T","$","M","E","R","E","R","B",null,"M","$","?","$","?","E","E","E","T","E","R","$","T","E","R","B","B",null,"R","$","E","B",null],"character_chosen":"THE_SILENT","items_purchased":["Well Laid Plans","Well Laid Plans","Backflip","Panache","Blood Vial","Bag of Marbles","CeramicFish","The Specimen","White Beast Statue","Blue Candle","Question Card","Ornamental Fan","Unceasing Top","Oddly Smooth Stone","Tiny Chest","MealTicket","InkBottle","Bottled Lightning","Regal Pillow","Bottled Flame","Toxic Egg 2","Mercury Hourglass","Singing Bowl","Enlightenment+1","Madness+1","Secret Technique+1","Bag of Preparation","Panacea+1","HandOfGreed","Purity+1","DuplicationPotion","LiquidMemories","Acrobatics+1","Dodge and Roll+1","PiercingWail+1","Bouncing Flask+1","Pen Nib","Molten Egg 2","Leg Sweep+1","Mummified Hand","PrismaticShard","Potion Belt","Blur+1","Tactician+1","FossilizedHelix","War Paint","Ice Cream","Lee\u0027s Waffle","Chemical X","Secret Technique+1","Dark Shackles+1","Lantern","Acrobatics+1"],"campfire_rested":0,"item_purchase_floors":[10,10,10,10,10,10,10,10,10,10,10,10,10,10,10,10,10,10,10,10,10,10,10,10,10,10,21,21,21,21,21,21,21,21,21,21,22,27,27,36,36,36,36,36,38,38,38,38,46,46,46,54,54],"current_hp_per_floor":[59,59,65,65,30,30,30,30,36,36,42,48,48,52,67,75,92,96,75,81,96,106,106,106,106,112,112,112,112,112,112,112,118,118,122,122,122,129,129,131,131,131,137,137,137,137,150,150,150,156,162,162,162,162,178,183],"gold":60,"neow_bonus":"","is_daily":false,"chose_seed":false,"campfire_upgraded":6,"win_rate":0.0,"timestamp":1613382934,"path_taken":["M","?","?","?","?","E","E","E","T","$","?","?","R","E","R","BOSS","M","?","?","?","$","E","E","E","T","$","M","E","R","E","R","BOSS","M","$","?","$","?","E","E","E","T","E","R","$","?","E","R","BOSS","BOSS","R","$","E","BOSS"],"items_purchased_type":["Card","Card","Card","Card","Relic","Relic","Relic","Relic","Relic","Relic","Relic","Relic","Relic","Relic","Relic","Relic","Relic","Relic","Relic","Relic","Relic","Relic","Relic","Card","Card","Card","Relic","Card","Card","Card","Potion","Potion","Card","Card","Card","Card","Relic","Relic","Card","Relic","Relic","Relic","Card","Card","Relic","Relic","Relic","Relic","Relic","Card","Card","Relic","Card"],"build_version":"2020-12-22","purchased_purges":2,"victory":true,"max_hp_per_floor":[66,66,72,72,72,72,72,72,78,78,84,90,90,92,92,98,98,100,100,106,106,106,106,106,106,112,112,112,112,112,112,112,118,118,122,122,122,129,129,131,131,131,137,137,137,137,150,150,150,156,162,162,162,162,178,184],"relic_stats":{"Darkstone Periapt":78,"Regal Pillow":0,"Singing Bowl":12,"Gremlin Horn":[3,3],"CeramicFish":378,"Snake Skull":[41],"Juzu Bracelet":1,"Bag of Preparation":[36],"Ginger":[2],"Whetstone":["HandOfGreed","Quick Slash"],"Cursed Key":6,"Smiling Mask":-10,"Blood Vial":6,"Centennial Puzzle":[3],"Nunchaku":[10],"Tough Bandages":[555],"Dream Catcher":0,"Sundial":[0],"Mummified Hand":[50],"Gambling Chip":[54],"Tiny Chest":2,"Prayer Wheel":5,"MealTicket":25,"Kunai":[25],"Chemical X":[3],"InkBottle":[31],"Lee\u0027s Waffle":7,"counters":[26,45],"Golden Idol":230,"Blue Candle":[1],"Tingsha":[484],"Eternal Feather":15,"Pen Nib":[9],"War Paint":["Acrobatics","Backflip"],"Question Card":21,"Mercury Hourglass":[174],"Ornamental Fan":[96],"Shuriken":[7],"Art of War":[2],"obtain_stats":[{"Ice Cream":38,"Gremlin Horn":42,"Nilry\u0027s Codex":19,"CeramicFish":10,"Vajra":20,"Ginger":31,"Whetstone":48,"Old Coin":0,"Blood Vial":10,"Centennial Puzzle":7,"Sundial":11,"Strawberry":47,"Prayer Wheel":0,"MealTicket":10,"Kunai":6,"Toxic Egg 2":10,"Blue Candle":10,"Oddly Smooth Stone":10,"Tingsha":0,"Eternal Feather":14,"Pen Nib":22,"War Paint":38,"Paper Crane":44,"Question Card":10,"Du-Vu Doll":0,"Bottled Flame":10,"Shuriken":43,"Molten Egg 2":27,"Unceasing Top":10,"Pocketwatch":41,"Darkstone Periapt":0,"Regal Pillow":10,"Lantern":54,"Singing Bowl":10,"Mango":55,"Snake Skull":40,"Juzu Bracelet":5,"Bag of Preparation":21,"Cursed Key":0,"Empty Cage":17,"Smiling Mask":25,"PrismaticShard":36,"ClockworkSouvenir":0,"Tough Bandages":0,"Nunchaku":8,"Dream Catcher":24,"Ninja Scroll":26,"Mummified Hand":36,"Gambling Chip":0,"Tiny Chest":10,"Chemical X":46,"InkBottle":10,"Potion Belt":36,"Lee\u0027s Waffle":38,"The Specimen":10,"Golden Idol":3,"The Courier":0,"White Beast Statue":10,"Mercury Hourglass":10,"Anchor":23,"Ornamental Fan":10,"Art of War":9,"Bag of Marbles":10,"Coffee Dripper":34,"Membership Card":0,"Bottled Lightning":10,"FossilizedHelix":38},{"Ice Cream":17,"Gremlin Horn":20,"Nilry\u0027s Codex":8,"CeramicFish":5,"Vajra":8,"Ginger":14,"Whetstone":22,"Old Coin":0,"Blood Vial":5,"Centennial Puzzle":4,"Sundial":5,"Strawberry":21,"Prayer Wheel":0,"MealTicket":5,"Kunai":3,"Toxic Egg 2":5,"Blue Candle":5,"Oddly Smooth Stone":5,"Tingsha":0,"Eternal Feather":6,"Pen Nib":8,"War Paint":17,"Paper Crane":21,"Question Card":5,"Du-Vu Doll":0,"Bottled Flame":5,"Shuriken":20,"Molten Egg 2":11,"Unceasing Top":5,"Pocketwatch":19,"Darkstone Periapt":0,"Regal Pillow":5,"Lantern":24,"Singing Bowl":5,"Mango":25,"Snake Skull":18,"Juzu Bracelet":2,"Bag of Preparation":8,"Cursed Key":0,"Empty Cage":7,"Smiling Mask":11,"PrismaticShard":16,"ClockworkSouvenir":0,"Tough Bandages":0,"Nunchaku":5,"Dream Catcher":10,"Ninja Scroll":11,"Mummified Hand":16,"Gambling Chip":0,"Tiny Chest":5,"Chemical X":21,"InkBottle":5,"Potion Belt":16,"Lee\u0027s Waffle":17,"The Specimen":5,"Golden Idol":2,"The Courier":0,"White Beast Statue":5,"Mercury Hourglass":5,"Anchor":9,"Ornamental Fan":5,"Art of War":5,"Bag of Marbles":5,"Coffee Dripper":15,"Membership Card":0,"Bottled Lightning":5,"FossilizedHelix":17},{"Ice Cream":27,"Gremlin Horn":31,"Nilry\u0027s Codex":13,"CeramicFish":9,"Vajra":13,"Ginger":23,"Whetstone":33,"Old Coin":0,"Blood Vial":9,"Centennial Puzzle":6,"Sundial":9,"Strawberry":32,"Prayer Wheel":0,"MealTicket":9,"Kunai":4,"Toxic Egg 2":9,"Blue Candle":9,"Oddly Smooth Stone":9,"Tingsha":0,"Eternal Feather":11,"Pen Nib":13,"War Paint":27,"Paper Crane":32,"Question Card":9,"Du-Vu Doll":0,"Bottled Flame":9,"Shuriken":31,"Molten Egg 2":18,"Unceasing Top":9,"Pocketwatch":29,"Darkstone Periapt":0,"Regal Pillow":9,"Lantern":38,"Singing Bowl":9,"Mango":40,"Snake Skull":28,"Juzu Bracelet":2,"Bag of Preparation":13,"Cursed Key":0,"Empty Cage":12,"Smiling Mask":18,"PrismaticShard":26,"ClockworkSouvenir":0,"Tough Bandages":0,"Nunchaku":9,"Dream Catcher":17,"Ninja Scroll":18,"Mummified Hand":26,"Gambling Chip":0,"Tiny Chest":9,"Chemical X":32,"InkBottle":9,"Potion Belt":26,"Lee\u0027s Waffle":27,"The Specimen":9,"Golden Idol":2,"The Courier":0,"White Beast Statue":9,"Mercury Hourglass":9,"Anchor":15,"Ornamental Fan":9,"Art of War":9,"Bag of Marbles":9,"Coffee Dripper":24,"Membership Card":0,"Bottled Lightning":9,"FossilizedHelix":27}],"Unceasing Top":[4],"Pocketwatch":[0]},"card_choices":[{"not_picked":["Dash","Dagger Throw"],"picked":"Catalyst","floor":1},{"not_picked":["Flying Knee","Infinite Blades"],"picked":"Riddle With Holes","floor":1},{"not_picked":["Outmaneuver","Expertise"],"picked":"PiercingWail","floor":2},{"not_picked":["Acrobatics","Cloak And Dagger"],"picked":"Underhanded Strike","floor":2},{"not_picked":["Dodge and Roll","PiercingWail"],"picked":"Backflip","floor":6},{"not_picked":["Underhanded Strike","Acrobatics"],"picked":"Doppelganger","floor":7},{"not_picked":["Expertise","Slice","Setup"],"picked":"SKIP","floor":8},{"not_picked":["Bane","Dagger Throw","Masterful Stab","Terror+1"],"picked":"Singing Bowl","floor":14},{"not_picked":["Phantasmal Killer+1","Glass Knife","Doppelganger+1"],"picked":"Envenom","floor":16},{"not_picked":["Catalyst+1","Slice","Blade Dance+1","Flying Knee+1"],"picked":"Singing Bowl","floor":18},{"not_picked":["Deflect+1","Dodge and Roll+1","Underhanded Strike"],"picked":"Wraith Form v2","floor":18},{"not_picked":["Flying Knee","Quick Slash","Dagger Throw"],"picked":"Terror+1","floor":23},{"not_picked":["Backflip+1","Blade Dance+1","Deflect+1"],"picked":"Eviscerate","floor":24},{"not_picked":["Sucker Punch","Poisoned Stab","Endless Agony"],"picked":"Venomology+1","floor":25},{"not_picked":["Dodge and Roll+1","Outmaneuver+1","Blade Dance+1"],"picked":"Crippling Poison+1","floor":28},{"not_picked":["PiercingWail+1","Deflect+1","Dash+1"],"picked":"Footwork","floor":28},{"not_picked":["Venomology+1","Backflip+1","Poisoned Stab+1"],"picked":"Footwork","floor":29},{"not_picked":["Backflip+1","Dagger Throw+1","Doppelganger+1"],"picked":"Tools of the Trade","floor":31},{"not_picked":["Unload+1","Wraith Form v2","Tools of the Trade"],"picked":"Corpse Explosion+1","floor":33},{"not_picked":["Bane+1","Poisoned Stab+1","Cloak And Dagger+1","Quick Slash+1"],"picked":"Singing Bowl","floor":35},{"not_picked":["Concentrate+1","Dagger Spray+1","Deflect+1","Terror+1"],"picked":"Singing Bowl","floor":35},{"not_picked":["Stack+1","Clash+1","Cold Snap+1"],"picked":"Master of Strategy+1","floor":37},{"not_picked":["Barrage+1","Combust","Conserve Battery+1","Wallop+1"],"picked":"Singing Bowl","floor":40},{"not_picked":["WheelKick+1","Terror+1","True Grit+1"],"picked":"White Noise+1","floor":41},{"not_picked":["Consecrate+1","Creative AI","Skewer+1"],"picked":"Seeing Red+1","floor":42},{"not_picked":["Leg Sweep+1","CrushJoints+1","Redo+1"],"picked":"Reaper+1","floor":44},{"not_picked":["Discovery+1","Anger+1","Barrage+1"],"picked":"CutThroughFate+1","floor":48},{"not_picked":["Adaptation","Envenom","Heavy Blade+1","Quick Slash+1"],"picked":"Singing Bowl","floor":55}],"player_experience":1720628,"relics_obtained":[{"floor":6,"key":"Kunai"},{"floor":7,"key":"Centennial Puzzle"},{"floor":8,"key":"Nunchaku"},{"floor":9,"key":"Art of War"},{"floor":14,"key":"Eternal Feather"},{"floor":19,"key":"Nilry\u0027s Codex"},{"floor":20,"key":"Vajra"},{"floor":23,"key":"Anchor"},{"floor":24,"key":"Dream Catcher"},{"floor":25,"key":"Smiling Mask"},{"floor":26,"key":"Ninja Scroll"},{"floor":29,"key":"The Courier"},{"floor":31,"key":"Ginger"},{"floor":37,"key":"Old Coin"},{"floor":40,"key":"Snake Skull"},{"floor":41,"key":"Pocketwatch"},{"floor":42,"key":"Gremlin Horn"},{"floor":43,"key":"Shuriken"},{"floor":44,"key":"Paper Crane"},{"floor":47,"key":"Strawberry"},{"floor":48,"key":"Whetstone"},{"floor":55,"key":"Mango"}],"event_choices":[{"damage_healed":0,"gold_gain":0,"player_choice":"Take Wound","damage_taken":0,"relics_obtained":["Golden Idol"],"max_hp_gain":0,"max_hp_loss":0,"event_name":"Golden Idol","floor":3,"gold_loss":0,"cards_obtained":["Injury"]},{"damage_healed":0,"gold_gain":0,"player_choice":"Grow","damage_taken":0,"max_hp_gain":0,"max_hp_loss":0,"event_name":"Living Wall","floor":4,"gold_loss":0,"cards_upgraded":["Calculated Gamble"]},{"damage_healed":0,"gold_gain":0,"player_choice":"Success","damage_taken":35,"relics_obtained":["Juzu Bracelet"],"max_hp_gain":0,"max_hp_loss":0,"event_name":"Scrap Ooze","floor":5,"gold_loss":0},{"damage_healed":0,"gold_gain":0,"player_choice":"Box","damage_taken":0,"relics_obtained":["Sundial"],"max_hp_gain":0,"max_hp_loss":0,"event_name":"Big Fish","floor":11,"gold_loss":0,"cards_obtained":["Regret"]},{"damage_healed":0,"gold_gain":0,"player_choice":"Obtained Book","damage_taken":21,"max_hp_gain":0,"max_hp_loss":0,"event_name":"Cursed Tome","floor":19,"gold_loss":0},{"damage_healed":0,"gold_gain":0,"player_choice":"Fight","damage_taken":0,"max_hp_gain":0,"max_hp_loss":0,"event_name":"Mysterious Sphere","floor":37,"gold_loss":0},{"damage_healed":0,"gold_gain":0,"player_choice":"Ignored","damage_taken":0,"max_hp_gain":0,"max_hp_loss":0,"event_name":"SecretPortal","floor":39,"gold_loss":0}],"is_beta":false,"boss_relics":[{"not_picked":["Fusion Hammer","SlaversCollar"],"picked":"Empty Cage"},{"not_picked":["Runic Pyramid","Calling Bell"],"picked":"Coffee Dripper"}],"items_purged_floors":[21,27],"is_endless":false,"potions_floor_spawned":[8,14,16,18,23,24,25,28,29,31,33,35,37,40,41,42,44,48,55],"ascension_level":20}}