{"host":"97k3n5kp0psabqmo","time":1613429668,"event":{"mods":["BaseMod","Colored Powertips","Minty Spire (QoL Compilation)","StSLib"],"gold_per_floor":[14,30,30,55,55,55,5,41,41,81,81,116,140,160,160,291,291,312,331,331,331,344,344,385,385,385,52,93,93,44,68,68,68,68],"floor_reached":33,"language":"ENG","playtime":1372,"items_purged":["Strike_R"],"score":373,"play_id":"83917cf5-cccf-4cd8-9ca7-0f4b4500e7a2","local_time":"20210215175428","is_ascension_mode":true,"campfire_choices":[{"data":"True Grit","floor":6,"key":"SMITH"},{"floor":11,"key":"REST"},{"data":"Heavy Blade","floor":15,"key":"SMITH"},{"data":"Heavy Blade","floor":23,"key":"SMITH"},{"floor":25,"key":"REST"},{"floor":29,"key":"REST"},{"floor":32,"key":"REST"}],"circlet_count":0,"master_deck":["Strike_R","Strike_R","Defend_R","Defend_R","Defend_R","Defend_R","Heavy Blade+1","Searing Blow","True Grit+1","Spot Weakness","Cleave","Uppercut","Heavy Blade","Flex","Offering","Heavy Blade+1","Flex","Impervious","Shrug It Off","Havoc+1"],"relics":["Burning Blood","Golden Idol","Letter Opener","Unceasing Top","Sundial","Pear","Pocketwatch","Runic Cube","StoneCalendar","Dream Catcher","Kunai","Pen Nib"],"acts_visited":["Exordium","TheCity"],"potions_floor_usage":[8,12,12,16,22,28,31,33],"damage_taken":[{"damage":0,"enemies":"2 Louse","floor":1,"turns":2},{"damage":1,"enemies":"Cultist","floor":2,"turns":4},{"damage":11,"enemies":"Jaw Worm","floor":4,"turns":6},{"damage":45,"enemies":"Lagavulin","floor":8,"turns":7},{"damage":31,"enemies":"3 Sentries","floor":10,"turns":5},{"damage":26,"enemies":"Gremlin Nob","floor":12,"turns":4},{"damage":2,"enemies":"3 Louse","floor":13,"turns":3},{"damage":0,"enemies":"Large Slime","floor":14,"turns":5},{"damage":11,"enemies":"Hexaghost","floor":16,"turns":9},{"damage":27,"enemies":"2 Thieves","floor":18,"turns":4},{"damage":15,"enemies":"Shell Parasite","floor":19,"turns":4},{"damage":21,"enemies":"Snake Plant","floor":22,"turns":3},{"damage":46,"enemies":"Book of Stabbing","floor":24,"turns":5},{"damage":40,"enemies":"Gremlin Leader","floor":28,"turns":4},{"damage":6,"enemies":"Sentry and Sphere","floor":31,"turns":5},{"damage":85,"enemies":"Champ","floor":33,"turns":11}],"seed_played":"8726195675536119847","potions_obtained":[{"floor":4,"key":"BloodPotion"},{"floor":10,"key":"AttackPotion"},{"floor":12,"key":"Fruit Juice"},{"floor":14,"key":"Weak Potion"},{"floor":16,"key":"Strength Potion"},{"floor":18,"key":"BloodPotion"},{"floor":24,"key":"LiquidMemories"},{"floor":31,"key":"SteroidPotion"}],"is_trial":false,"path_per_floor":["M","M","?","M","$","R","?","E","T","E","R","E","M","M","R","B",null,"M","M","?","?","M","R","E","R","T","$","E","R","$","M","R","B"],"character_chosen":"IRONCLAD","items_purchased":["Kunai","Shrug It Off"],"campfire_rested":4,"item_purchase_floors":[27,30],"current_hp_per_floor":[80,80,60,55,55,55,55,32,32,17,44,29,33,39,39,34,95,74,65,46,46,51,51,11,41,41,41,7,37,37,37,67,0,0],"gold":68,"neow_bonus":"TRANSFORM_TWO_CARDS","is_daily":false,"chose_seed":false,"campfire_upgraded":3,"win_rate":0.0,"timestamp":1613429668,"path_taken":["M","M","?","M","$","R","?","E","T","E","R","E","?","?","R","BOSS","M","M","?","?","?","R","E","R","T","$","E","R","$","?","R","BOSS"],"items_purchased_type":["Relic","Card"],"build_version":"2020-12-22","purchased_purges":1,"victory":false,"max_hp_per_floor":[80,80,80,80,80,80,80,80,80,90,90,95,95,95,95,95,95,95,95,100,100,100,100,100,100,100,100,100,100,100,100,100,100,100],"card_choices":[{"not_picked":["Flex","Rage","Heavy Blade"],"picked":"SKIP","floor":1},{"not_picked":["Warcry","Berserk"],"picked":"True Grit","floor":2},{"not_picked":["Infernal Blade","Armaments"],"picked":"Spot Weakness","floor":4},{"not_picked":["Twin Strike","Headbutt"],"picked":"Cleave","floor":8},{"not_picked":["Thunderclap","Perfected Strike"],"picked":"Uppercut","floor":10},{"not_picked":["Warcry","Second Wind","Power Through"],"picked":"SKIP","floor":12},{"not_picked":["Thunderclap","Dark Embrace"],"picked":"Heavy Blade","floor":13},{"not_picked":["Uppercut","Pommel Strike"],"picked":"Flex","floor":14},{"not_picked":["Barricade","Berserk"],"picked":"Offering","floor":16},{"not_picked":["Battle Trance","Clothesline","Anger"],"picked":"SKIP","floor":18},{"not_picked":["Havoc+1","Shockwave","Perfected Strike+1"],"picked":"SKIP","floor":19},{"not_picked":["Uppercut+1","Body Slam"],"picked":"Heavy Blade","floor":22},{"not_picked":["Dropkick+1","Iron Wave"],"picked":"Flex","floor":24},{"not_picked":["Body Slam","Dual Wield+1","Anger+1"],"picked":"SKIP","floor":28},{"not_picked":["Pommel Strike","Sever Soul"],"picked":"Impervious","floor":29},{"not_picked":["Clothesline","Heavy Blade+1","Iron Wave"],"picked":"SKIP","floor":31},{"not_picked":["Clash","Shrug It Off"],"picked":"Havoc+1","floor":32}],"player_experience":70614,"relics_obtained":[{"floor":8,"key":"Unceasing Top"},{"floor":9,"key":"Sundial"},{"floor":10,"key":"Pear"},{"floor":12,"key":"Pocketwatch"},{"floor":24,"key":"StoneCalendar"},{"floor":26,"key":"Dream Catcher"},{"floor":28,"key":"Pen Nib"}],"event_choices":[{"damage_healed":0,"gold_gain":0,"player_choice":"Take Damage","damage_taken":20,"relics_obtained":["Golden Idol"],"max_hp_gain":0,"max_hp_loss":0,"event_name":"Golden Idol","floor":3,"gold_loss":0},{"damage_healed":0,"gold_gain":0,"player_choice":"Paid Gold","damage_taken":0,"relics_obtained":["Letter Opener"],"max_hp_gain":0,"max_hp_loss":0,"event_name":"WeMeetAgain","floor":7,"gold_loss":50},{"damage_healed":0,"gold_gain":0,"player_choice":"Shed Blood","damage_taken":24,"max_hp_gain":5,"max_hp_loss":0,"event_name":"Forgotten Altar","floor":20,"gold_loss":0},{"cards_removed":["Strike_R"],"damage_healed":0,"gold_gain":0,"player_choice":"Purged","damage_taken":0,"max_hp_gain":0,"max_hp_loss":0,"event_name":"Purifier","floor":21,"gold_loss":0}],"is_beta":false,"boss_relics":[{"not_picked":["Runic Dome","Tiny House"],"picked":"Runic Cube"}],"items_purged_floors":[27],"is_endless":false,"potions_floor_spawned":[4,10,12,14,16,18,24,31],"killed_by":"Champ","ascension_level":3}}