{"host":"1v3mnj67s3trvm6y","time":1613355840,"event":{"mods":["BaseMod","Challenge The Spire","Downfall","Minty Spire (QoL Compilation)","StSLib"],"gold_per_floor":[99,116,116,141,141,141,186,186,209,109,123,146,146,185,206,318,318,218,244,263,278,296,334,412,424,424,424,462,477,477,477,503,613,613,613,641,1649,1677,1677,1692,1718,1385,1405,1305,1330,1330,881,907,930,930,930,930,930,930],"floor_reached":52,"language":"ENG","playtime":3069,"items_purged":["Normality"],"score":928,"play_id":"c371f8c2-a438-4c62-955b-e44b045febef","local_time":"20210215112400","is_ascension_mode":false,"campfire_choices":[{"data":"champ:Taunt","floor":1,"key":"SMITH"},{"floor":6,"key":"RECALL"},{"data":"champ:StanceDance","floor":10,"key":"SMITH"},{"data":"champ:ShieldThrow","floor":13,"key":"SMITH"},{"data":"champ:StrikeOfGenius","floor":18,"key":"SMITH"},{"floor":27,"key":"REST"},{"data":"champ:StanceDance","floor":30,"key":"SMITH"},{"data":"champ:EnchantSword","floor":35,"key":"SMITH"},{"data":"champ:StanceDance","floor":44,"key":"SMITH"},{"data":"champ:StanceDance","floor":46,"key":"SMITH"}],"circlet_count":0,"master_deck":["champ:Strike","champ:Strike","champ:Strike","champ:Defend","champ:Defend","champ:Defend","champ:Execute","champ:Taunt+1","champ:TornadoPunch","champ:AdrenalArmor","champ:StanceDance+1","champ:ShieldThrow+1","champ:StanceDance+1","champ:ArenaPreparation","champ:StrikeOfGenius+1","champ:FlashCut","champ:StanceDance+1","champ:GutPunch","champ:IronFortress+1","champ:EnchantSword+1","champ:Backstep","champ:StanceDance+1","champ:Shatter","champ:SwordSigil","champ:ShieldThrow","Purity","champ:ShieldThrow","champ:DefensiveStyle+1"],"relics":["champ:ChampionCrown","CeramicFish","Omamori","downfall:HeartBlessingRed","HornCleat","Busted Crown","downfall:HeartBlessingGreen","Frozen Egg 2","bronze:DecasWashers","Potion Belt","Thread and Needle","Black Star","downfall:HeartBlessingBlue","Meat on the Bone","White Beast Statue","ClockworkSouvenir"],"acts_visited":["Exordium","TheCity","TheBeyond","TheEnding"],"potions_floor_usage":[20,23,23,43,45,45,48,49,52,52],"damage_taken":[{"damage":20,"enemies":"Small Slimes","floor":2,"turns":4},{"damage":0,"enemies":"2 Louse","floor":4,"turns":2},{"damage":20,"enemies":"Jaw Worm","floor":9,"turns":3},{"damage":10,"enemies":"Lots of Slimes","floor":11,"turns":2},{"damage":0,"enemies":"Gremlin Gang","floor":12,"turns":2},{"damage":10,"enemies":"3 Sentries","floor":14,"turns":4},{"damage":16,"enemies":"Exordium Wildlife","floor":15,"turns":3},{"damage":28,"enemies":"IC_STATUS_ARCHETYPE","floor":16,"turns":6},{"damage":0,"enemies":"3 Byrds","floor":19,"turns":3},{"damage":10,"enemies":"Spheric Guardian","floor":20,"turns":1},{"damage":7,"enemies":"Shelled Parasite and Fungi","floor":21,"turns":4},{"damage":10,"enemies":"Centurion and Healer","floor":22,"turns":4},{"damage":20,"enemies":"Gremlin Leader","floor":23,"turns":3},{"damage":10,"enemies":"Chosen and Byrds","floor":25,"turns":1},{"damage":30,"enemies":"Slavers","floor":28,"turns":4},{"damage":10,"enemies":"3 Cultists","floor":29,"turns":4},{"damage":0,"enemies":"Centurion and Healer","floor":32,"turns":3},{"damage":61,"enemies":"DF_ARCHETYPE_CLAW","floor":33,"turns":5},{"damage":20,"enemies":"3 Darklings","floor":36,"turns":5},{"damage":10,"enemies":"Orb Walker","floor":38,"turns":2},{"damage":20,"enemies":"3 Darklings","floor":40,"turns":5},{"damage":41,"enemies":"Transient","floor":43,"turns":5},{"damage":10,"enemies":"Nemesis","floor":45,"turns":2},{"damage":10,"enemies":"downfall:FleeingMerchant","floor":47,"turns":4},{"damage":0,"enemies":"Sphere and 2 Shapes","floor":48,"turns":6},{"damage":0,"enemies":"3 Darklings","floor":49,"turns":4},{"damage":25,"enemies":"SI_POISON_ARCHETYPE","floor":50,"turns":10},{"damage":140,"enemies":"downfall:CharBossMerchant","floor":52,"turns":6}],"seed_played":"-4100125614880532223","potions_obtained":[{"floor":9,"key":"hexamod:SoulburnPotion"},{"floor":11,"key":"DistilledChaos"},{"floor":20,"key":"SpeedPotion"},{"floor":21,"key":"hexamod:SoulburnPotion"},{"floor":25,"key":"AttackPotion"},{"floor":28,"key":"ColorlessPotion"},{"floor":29,"key":"SteroidPotion"},{"floor":32,"key":"DuplicationPotion"},{"floor":43,"key":"FearPotion"},{"floor":45,"key":"ColorlessPotion"},{"floor":47,"key":"Energy Potion"},{"floor":48,"key":"LiquidMemories"},{"floor":49,"key":"CultistPotion"}],"is_trial":false,"path_per_floor":["R","M","?","M","?","R","T","?","M","R","M","M","R","E","M","B",null,"R","M","M","M","M","E","T","M","?","R","E","M","R","?","M","B",null,"R","M","?","M","?","M","T","?","M","R","E","R","$","M","M","B",null,"E"],"character_chosen":"THE_CHAMP","items_purchased":["ClockworkSouvenir","champ:ShieldThrow","Purity"],"campfire_rested":1,"item_purchase_floors":[47,47,47],"current_hp_per_floor":[99,99,99,99,99,99,99,99,99,99,99,99,99,99,98,95,99,99,99,99,92,92,92,92,92,63,92,92,92,92,92,92,71,99,99,99,99,99,99,99,99,111,110,120,120,120,120,120,120,120,121,0,0,0],"gold":930,"neow_bonus":"TEN_PERCENT_HP_BONUS","is_daily":false,"chose_seed":false,"campfire_upgraded":8,"win_rate":0.0,"timestamp":1613355840,"path_taken":["R","M","?","M","?","R","T","?","?","R","M","M","R","E","M","BOSS","R","M","M","M","M","E","T","?","?","R","E","?","R","?","M","BOSS","R","M","?","M","?","M","T","?","M","R","E","R","$","M","M","BOSS","E"],"items_purchased_type":["Relic","Card","Card"],"build_version":"2020-12-22","purchased_purges":1,"victory":false,"max_hp_per_floor":[99,99,99,99,99,99,99,99,99,99,99,99,99,99,99,99,99,99,99,99,99,99,99,99,99,99,99,99,99,99,99,99,99,99,99,99,99,99,99,99,99,111,111,121,121,121,121,121,121,121,121,121,121,121],"card_choices":[{"not_picked":["champ:Shatter","champ:CrownThrow"],"picked":"champ:TornadoPunch","floor":2},{"not_picked":["champ:Haymaker","champ:Lariat"],"picked":"champ:AdrenalArmor","floor":4},{"not_picked":["champ:Duel","champ:EnragedBash"],"picked":"champ:StanceDance","floor":9},{"not_picked":["champ:Lariat","champ:BladeFlurry","champ:TornadoPunch"],"picked":"SKIP","floor":11},{"not_picked":["champ:Circumvent","champ:Lariat"],"picked":"champ:ShieldThrow","floor":12},{"not_picked":["champ:SwordSigil","champ:HoldFirm"],"picked":"champ:StanceDance","floor":14},{"not_picked":["champ:FlashCut","champ:Haymaker"],"picked":"champ:ArenaPreparation","floor":15},{"not_picked":["champ:UltimateStance","champ:TripleStrike"],"picked":"champ:StrikeOfGenius","floor":16},{"not_picked":[],"picked":"champ:FlashCut","floor":19},{"not_picked":["champ:HeartStrike+1"],"picked":"SKIP","floor":20},{"not_picked":["champ:ShieldSigil"],"picked":"SKIP","floor":21},{"not_picked":["champ:CrookedStrike"],"picked":"SKIP","floor":22},{"not_picked":[],"picked":"champ:StanceDance","floor":23},{"not_picked":["champ:DefensiveShout"],"picked":"SKIP","floor":25},{"not_picked":[],"picked":"champ:GutPunch","floor":28},{"not_picked":["champ:Endure+1"],"picked":"SKIP","floor":29},{"not_picked":[],"picked":"champ:IronFortress+1","floor":32},{"not_picked":[],"picked":"champ:EnchantSword","floor":33},{"not_picked":[],"picked":"champ:Backstep","floor":36},{"not_picked":[],"picked":"champ:StanceDance","floor":38},{"not_picked":["champ:CrownThrow"],"picked":"SKIP","floor":40},{"not_picked":[],"picked":"champ:Shatter","floor":43},{"not_picked":["champ:BerserkersShout"],"picked":"SKIP","floor":45},{"not_picked":[],"picked":"champ:SwordSigil","floor":47},{"not_picked":[],"picked":"champ:ShieldThrow","floor":48},{"not_picked":[],"picked":"champ:DefensiveStyle+1","floor":49}],"player_experience":1811770,"relics_obtained":[{"floor":7,"key":"Omamori"},{"floor":14,"key":"HornCleat"},{"floor":23,"key":"Frozen Egg 2"},{"floor":24,"key":"bronze:DecasWashers"},{"floor":28,"key":"Potion Belt"},{"floor":45,"key":"Meat on the Bone"},{"floor":45,"key":"White Beast Statue"}],"event_choices":[{"cards_removed":["champ:Defend"],"damage_healed":0,"gold_gain":0,"player_choice":"Offered Basic","damage_taken":0,"max_hp_gain":0,"max_hp_loss":0,"event_name":"Bonfire Elementals","floor":8,"gold_loss":0},{"damage_healed":0,"gold_gain":0,"player_choice":"Stole Relic","damage_taken":0,"relics_obtained":["Thread and Needle"],"max_hp_gain":0,"max_hp_loss":0,"event_name":"Addict","floor":31,"gold_loss":0,"cards_obtained":["Pride"]},{"cards_removed":["champ:Strike"],"damage_healed":0,"gold_gain":0,"player_choice":"Removed Attack","damage_taken":0,"max_hp_gain":0,"max_hp_loss":0,"event_name":"Falling","floor":39,"gold_loss":0}],"is_beta":false,"boss_relics":[{"not_picked":["Empty Cage","Pandora\u0027s Box"],"picked":"Busted Crown"},{"not_picked":["bronze:MakeshiftBattery","Sozu"],"picked":"Black Star"}],"items_purged_floors":[47],"is_endless":false,"potions_floor_spawned":[9,11,20,21,25,28,29,32,38,43,45,47,48,49],"killed_by":"downfall:CharBossMerchant","ascension_level":0}}