{"host":"n2havra2dgtcizuw","time":1613384946,"event":{"mods":["100% Spire Juice","ATMod(°¢èªMod)","Bard","BaseMod","Downfall","Marisa£¨ìFÓê¡¡Ä§ÀíÉ³£©","Minty Spire (QoL Compilation)","Permanent Neow","Reliquary","Remilia£¨ÀÙÃ×ÀòÑÇ£©","Replay The Spire","RumiaBox-Â¶Ã×æ«µÄÉñÃØºÐ×Ó","StSLib","TestMod","The Alterego","The Animator","The Servant 0.9.4","[IsaacMod]ÒÔÈö¼âËþ"],"gold_per_floor":[110,190,206,224,243,277,295,119,119,151,164,180,213,252,252,354,354,374,57,57,57,68,100,100,118,189,215,243,243,300,300,300,405,405,422,472,472,472,230,255,310,117,140,260,68,186,286,380,380,441],"floor_reached":51,"language":"ZHS","playtime":2435,"items_purged":["downfall:Bewildered"],"score":1274,"play_id":"f0c12ddd-e13b-4c5a-b443-8e5033da8639","local_time":"20210215182906","is_ascension_mode":true,"campfire_choices":[{"data":"Devotion","floor":15,"key":"SMITH"},{"data":"Tantrum","floor":15,"key":"SMITH"},{"data":"testmod-Dream","floor":24,"key":"SMITH"},{"data":"HandOfGreed","floor":24,"key":"SMITH"},{"data":"Collect","floor":29,"key":"SMITH"},{"data":"Eruption","floor":29,"key":"SMITH"},{"data":"testmod-LimitFlipper","floor":49,"key":"SMITH"},{"data":"Crescendo","floor":49,"key":"SMITH"}],"circlet_count":0,"master_deck":["Strike_P","Strike_P","Strike_P","Strike_P","Defend_P","Defend_P","Defend_P","Defend_P","Eruption+1","Vigilance","bronze:Replicate","animator:Defend_Overlord","AT_FamilyPortrait+1","Devotion+1","ReplayTheSpireMod:Splinters","LikeWater","FearNoEvil","PathToVictory","Tantrum+1","Swivel","MentalFortress","Conclude+1","BowlingBash","HandOfGreed+1","BowlingBash","Crescendo+1","Perseverance","JustLucky","Ragnarok+1","FlyingSleeves","testmod-Dream+1","FlurryOfBlows+1","Consecrate","Adaptation","Collect+1","BattleHymn","Replay:LoomingThreat+1","Worship+1","testmod-LimitFlipper+1","SashWhip+1","Prostrate","AT_OneInchPunch","FlyingSleeves","Swivel","AT_MachinaRedman"],"relics":["PureWater","testmod-TestBox","HushsDoor","AT_ATBox","testmod-ObsoleteBoomerang","BFFS","GuppysHead","AT_TimeSand","Replay:Arrowhead","testmod-SaigiyounoYou","Whetstone","Matryoshka","sneckomod:BabySnecko","AT_EbonyIvory","GodSword7","GuppysPaw","Ccalipers","BloodDonationMachine","reliquary:Stiletto","ZombieArmy","Smiling Mask","MagicMushroom","Singing Bowl","PreservedInsect","ReplayTheSpireMod:Ring of Collecting","reliquary:FerryPass","AT_MibuBalloonWealth","SSSystem","TheBean","ReplayTheSpireMod:Ring of Addiction","Replay:Bandana","Toy Ornithopter","White Beast Statue","reliquary:SharkskinSheath","AT_SpeedBoots","reliquary:BallBearing"],"acts_visited":["Exordium","TheCity","TheBeyond"],"potions_floor_usage":[6,13,16,23,30,46,48,50,50,50],"damage_taken":[{"damage":0,"enemies":"Small Slimes","floor":1,"turns":3},{"damage":0,"enemies":"Cultist","floor":3,"turns":3},{"damage":0,"enemies":"2 Louse","floor":4,"turns":1},{"damage":0,"enemies":"Blue Slaver","floor":5,"turns":3},{"damage":30,"enemies":"Gremlin Nob","floor":6,"turns":3},{"damage":0,"enemies":"Looter","floor":7,"turns":1},{"damage":1,"enemies":"Red Slaver","floor":10,"turns":2},{"damage":0,"enemies":"3 Louse","floor":11,"turns":2},{"damage":4,"enemies":"2 Fungi Beasts","floor":12,"turns":3},{"damage":0,"enemies":"Lagavulin","floor":13,"turns":2},{"damage":1,"enemies":"Lots of Slimes","floor":14,"turns":2},{"damage":23,"enemies":"Hexaghost","floor":16,"turns":6},{"damage":0,"enemies":"Chosen","floor":18,"turns":3},{"damage":6,"enemies":"Shell Parasite","floor":22,"turns":2},{"damage":0,"enemies":"Gremlin Leader","floor":23,"turns":2},{"damage":9,"enemies":"Centurion and Healer","floor":25,"turns":2},{"damage":9,"enemies":"Replay:Snechameleon","floor":28,"turns":2},{"damage":14,"enemies":"Slavers","floor":30,"turns":2},{"damage":76,"enemies":"Champ","floor":33,"turns":7},{"damage":0,"enemies":"3 Darklings","floor":35,"turns":1},{"damage":0,"enemies":"Hiden Room Battle","floor":36,"turns":3},{"damage":0,"enemies":"Reptomancer","floor":40,"turns":2},{"damage":0,"enemies":"R_Hoarder","floor":41,"turns":4},{"damage":0,"enemies":"Reptomancer","floor":44,"turns":1},{"damage":15,"enemies":"3 Shapes","floor":46,"turns":2},{"damage":0,"enemies":"Maw","floor":47,"turns":4},{"damage":0,"enemies":"R_Hoarder","floor":48,"turns":2},{"damage":58,"enemies":"Replay:Hell Engine","floor":50,"turns":3}],"seed_played":"8091638598316237433","potions_obtained":[{"floor":4,"key":"Swift Potion"},{"floor":6,"key":"testmod-EscapePotion"},{"floor":10,"key":"Fire Potion"},{"floor":12,"key":"Adrenaline Potion"},{"floor":13,"key":"Death Potion"},{"floor":22,"key":"Ancient Potion"},{"floor":23,"key":"LifebloodPotion"},{"floor":25,"key":"AttackPotion"},{"floor":30,"key":"FearPotion"},{"floor":43,"key":"Guardian:BlockOnCardUsePotion"},{"floor":46,"key":"ColorlessPotion"},{"floor":48,"key":"Fire Potion"}],"is_trial":false,"path_per_floor":["M","?","M","M","M","E","M","$","T","M","M","M","E","M","R","B",null,"M","$","T","?","M","E","R","M","T","T","E","R","E","?","R","B",null,"M","?","?","?","$","E","E","$","T","E","$","M","M","E","R","B",null],"character_chosen":"WATCHER","items_purchased":["HandOfGreed","testmod-Dream","Whetstone","reliquary:FerryPass","testmod-LimitFlipper","TheBean","AT_SpeedBoots","FlyingSleeves"],"campfire_rested":0,"item_purchase_floors":[8,19,19,39,39,42,45,45],"current_hp_per_floor":[79,79,79,79,79,49,49,49,49,48,48,44,44,43,43,20,70,86,86,86,86,86,86,86,81,81,81,83,83,76,76,76,62,87,93,93,93,93,93,93,93,93,93,93,93,93,95,95,95,73],"gold":441,"neow_bonus":"TWENTY_PERCENT_HP_BONUS","is_daily":false,"chose_seed":false,"campfire_upgraded":8,"win_rate":0.0,"timestamp":1613384946,"path_taken":["M","?","M","M","M","E","M","$","T","M","M","M","E","M","R","BOSS","M","$","?","?","M","E","R","M","T","?","E","R","E","?","R","BOSS","M","?","?","?","$","E","E","$","T","E","$","M","M","E","R","BOSS"],"items_purchased_type":["Card","Card","Relic","Relic","Card","Relic","Relic","Card"],"build_version":"2020-12-22","purchased_purges":1,"victory":true,"max_hp_per_floor":[86,86,86,86,86,86,86,86,86,86,86,86,86,86,86,86,86,86,86,86,86,86,86,86,86,86,86,86,86,86,86,86,86,93,93,93,93,93,93,93,93,93,93,93,93,93,95,95,95,95],"card_choices":[{"not_picked":[],"picked":"Bomb","floor":0},{"not_picked":["PathToVictory","Pray"],"picked":"Devotion","floor":1},{"not_picked":["Prostrate","AT_ChampionStep"],"picked":"LikeWater","floor":2},{"not_picked":["Evaluate","EmptyFist"],"picked":"FearNoEvil","floor":2},{"not_picked":["ThirdEye","Sanctity"],"picked":"PathToVictory","floor":2},{"not_picked":["Crescendo","Conclude"],"picked":"Tantrum","floor":3},{"not_picked":["Replay:AtTheReady","Protect"],"picked":"Swivel","floor":4},{"not_picked":["Bomb","Replay:AllIn"],"picked":"MentalFortress","floor":5},{"not_picked":["AT_DivineConfetti","WindmillStrike"],"picked":"Conclude","floor":6},{"not_picked":["SignatureMove","Replay:ManipulateFuture"],"picked":"BowlingBash","floor":7},{"not_picked":["EmptyBody","FollowUp"],"picked":"BowlingBash","floor":10},{"not_picked":["ForeignInfluence","ClearTheMind"],"picked":"Crescendo","floor":11},{"not_picked":["Evaluate","Halt","ThirdEye"],"picked":"SKIP","floor":12},{"not_picked":["AT_ChampionStep","Replay:AtTheReady"],"picked":"Perseverance","floor":13},{"not_picked":["AT_ChampionStep","CutThroughFate"],"picked":"JustLucky","floor":14},{"not_picked":["DeusExMachina","Replay:LoomingThreat"],"picked":"Ragnarok","floor":16},{"not_picked":["Protect","ThirdEye"],"picked":"FlyingSleeves","floor":18},{"not_picked":["MentalFortress+1","Vengeance"],"picked":"FlurryOfBlows+1","floor":22},{"not_picked":["LikeWater","JustLucky"],"picked":"Consecrate","floor":23},{"not_picked":["Halt","Replay:ManipulateFuture"],"picked":"Adaptation","floor":25},{"not_picked":["ReachHeaven","Replay:ManipulateFuture+1"],"picked":"Collect","floor":28},{"not_picked":["Meditate+1","Halt"],"picked":"BattleHymn","floor":30},{"not_picked":["MasterReality","Wish"],"picked":"Replay:LoomingThreat","floor":33},{"not_picked":["Replay:Anticipation","ThirdEye+1","PathToVictory+1"],"picked":"SKIP","floor":35},{"not_picked":["Replay:ManipulateFuture","ClearTheMind"],"picked":"Worship+1","floor":36},{"not_picked":["EmptyBody+1","Replay:Anticipation+1"],"picked":"SashWhip+1","floor":40},{"not_picked":["Swivel","EmptyBody+1"],"picked":"Prostrate","floor":41},{"not_picked":["SpiritShield","Consecrate+1"],"picked":"AT_OneInchPunch","floor":44},{"not_picked":["Meditate+1","Weave+1"],"picked":"Swivel","floor":46},{"not_picked":["ClearTheMind+1","ReachHeaven","PathToVictory"],"picked":"Singing Bowl","floor":47},{"not_picked":["CrushJoints+1","MasterReality"],"picked":"AT_MachinaRedman","floor":48}],"player_experience":764764,"relics_obtained":[{"floor":6,"key":"GuppysHead"},{"floor":9,"key":"AT_TimeSand"},{"floor":13,"key":"Replay:Arrowhead"},{"floor":20,"key":"Matryoshka"},{"floor":23,"key":"AT_EbonyIvory"},{"floor":26,"key":"GodSword7"},{"floor":26,"key":"GuppysPaw"},{"floor":27,"key":"Ccalipers"},{"floor":27,"key":"BloodDonationMachine"},{"floor":28,"key":"reliquary:Stiletto"},{"floor":30,"key":"ZombieArmy"},{"floor":36,"key":"Singing Bowl"},{"floor":36,"key":"PreservedInsect"},{"floor":37,"key":"ReplayTheSpireMod:Ring of Collecting"},{"floor":40,"key":"AT_MibuBalloonWealth"},{"floor":41,"key":"SSSystem"},{"floor":43,"key":"ReplayTheSpireMod:Ring of Addiction"},{"floor":43,"key":"Replay:Bandana"},{"floor":43,"key":"Toy Ornithopter"},{"floor":43,"key":"White Beast Statue"},{"floor":44,"key":"reliquary:SharkskinSheath"},{"floor":48,"key":"reliquary:BallBearing"}],"event_choices":[{"damage_healed":0,"gold_gain":0,"player_choice":"Opened","damage_taken":0,"relics_obtained":["Smiling Mask"],"max_hp_gain":0,"max_hp_loss":0,"event_name":"The Mausoleum","floor":32,"gold_loss":0},{"damage_healed":0,"gold_gain":0,"player_choice":"Fight","damage_taken":0,"max_hp_gain":0,"max_hp_loss":0,"event_name":"HidenRoomEvent","floor":36,"gold_loss":0},{"damage_healed":0,"gold_gain":0,"player_choice":"Upgraded","damage_taken":0,"max_hp_gain":0,"max_hp_loss":0,"event_name":"Upgrade Shrine","floor":38,"gold_loss":0,"cards_upgraded":["Replay:LoomingThreat"]}],"is_beta":false,"boss_relics":[{"not_picked":["EasyGame_NEW","Replay:Grab Bag"],"picked":"testmod-SaigiyounoYou"},{"not_picked":[]},{"not_picked":["Runic Pyramid","testmod-Fanaticism"],"picked":"MagicMushroom"},{"not_picked":[]}],"items_purged_floors":[42],"is_endless":false,"potions_floor_spawned":[4,6,10,12,13,22,23,25,30,35,41,44,46,47,48],"ascension_level":8}}