{"host":"skr63qsdfgeey3it","time":1613380416,"event":{"mods":["BaseMod","Colored Map","Hubris","Minty Spire (QoL Compilation)","Monster B Gone","Reliquary","Replay The Spire","Spicy Shops","StSLib"],"gold_per_floor":[112,125,200,200,28,54,66,100,154,119,119,138,138,155,155,228,228,244,218,15,15,28,28,28,28,105,105,105],"floor_reached":27,"language":"ENG","playtime":1019,"items_purged":["Regret","Sickly"],"score":431,"play_id":"d3d20859-88d9-47c4-a882-93de2aee7433","local_time":"20210215031336","is_ascension_mode":true,"campfire_choices":[{"data":"Zap","floor":13,"key":"SMITH"},{"data":"Dualcast","floor":13,"key":"SMITH"},{"floor":15,"key":"REST"},{"data":"Buffer","floor":23,"key":"SMITH"},{"data":"Defragment","floor":23,"key":"SMITH"},{"floor":25,"key":"REST"}],"circlet_count":0,"master_deck":["AscendersBane","Strike_B","Strike_B","Strike_B","Strike_B","Defend_B","Defend_B","Defend_B","Defend_B","Zap+1","Dualcast+1","Conserve Battery","BootSequence","Loop","Conserve Battery","Amplify","Heatsinks","Cold Snap","Buffer+1","Hello World","Sweeping Beam","Defragment+1","Cold Snap+1","hubris:Ukulele"],"relics":["Cracked Core","NeowsBlessing","hubris:MysteriousPyramids","ReplayTheSpireMod:CursedCoin","Tiny Chest","Replay:Arrowhead","reliquary:OuijaBoard","Omamori","hubris:Icosahedron","Nuclear Battery","Membership Card","Lizard Tail","Kunai"],"acts_visited":["Exordium","TheCity"],"potions_floor_usage":[16,16,19],"damage_taken":[{"damage":0.0,"enemies":"Jaw Worm","floor":1.0,"turns":1.0},{"damage":0.0,"enemies":"Small Slimes","floor":2.0,"turns":1.0},{"damage":0.0,"enemies":"Gremlin Nob","floor":6.0,"turns":1.0},{"damage":0.0,"enemies":"2 Louse","floor":7.0,"turns":2.0},{"damage":31,"enemies":"Lagavulin","floor":8,"turns":9},{"damage":19,"enemies":"Lots of Slimes","floor":12,"turns":7},{"damage":3,"enemies":"Blue Slaver","floor":14,"turns":4},{"damage":27,"enemies":"Slime Boss","floor":16,"turns":8},{"damage":5,"enemies":"Spheric Guardian","floor":18,"turns":6},{"damage":27,"enemies":"2 Thieves","floor":19,"turns":5},{"damage":18,"enemies":"Chosen and Byrds","floor":22,"turns":5},{"damage":66,"enemies":"Slavers","floor":27,"turns":5}],"seed_played":"-9195698112597631300","potions_obtained":[{"floor":8,"key":"Flashbang"},{"floor":12,"key":"Strength Potion"},{"floor":16,"key":"Reflective Coating"}],"is_trial":false,"path_per_floor":["M","M","?","?","$","E","M","E","T","?","?","M","R","M","R_BF","B",null,"M","M","$","T","M","R","$","R","T","E"],"character_chosen":"DEFECT","items_purchased":["ReplayTheSpireMod:CursedCoin","Tiny Chest","Membership Card","Defragment","Cold Snap+1"],"campfire_rested":2,"item_purchase_floors":[5,5,20,20,20],"current_hp_per_floor":[64,64,53,53,53,53,53,22,22,39,39,20,20,17,38,11,56,51,24,24,24,6,6,6,27,27,0,0],"gold":105,"neow_bonus":"THREE_ENEMY_KILL","is_daily":false,"chose_seed":false,"campfire_upgraded":4,"win_rate":0.0,"timestamp":1613380416,"path_taken":["M","M","?","?","?","E","?","E","T","?","?","M","R","M","R_BF","BOSS","M","M","$","?","?","R","$","R","T","E"],"items_purchased_type":["Relic","Relic","Relic","Card","Card"],"build_version":"2020-12-22","purchased_purges":2,"victory":false,"max_hp_per_floor":[71,71,71,71,71,71,71,71,71,71,71,71,71,71,71,71,71,71,71,71,71,71,71,71,71,71,71,71],"card_choices":[{"not_picked":["Beam Cell","Go for the Eyes"],"picked":"Conserve Battery","floor":1.0},{"not_picked":["Compile Driver","Leap"],"picked":"BootSequence","floor":2.0},{"not_picked":["Ball Lightning","Melter"],"picked":"Loop","floor":6.0},{"not_picked":["Gash","ReplayTheSpireMod:System Scan"],"picked":"Conserve Battery","floor":7.0},{"not_picked":["Rainbow","Tempest"],"picked":"Amplify","floor":8},{"not_picked":["Ball Lightning","Rebound"],"picked":"Heatsinks","floor":12},{"not_picked":["Scrape","Conserve Battery"],"picked":"Cold Snap","floor":14},{"not_picked":["Seek","Rainbow"],"picked":"Buffer","floor":16},{"not_picked":["Hologram","Doom and Gloom"],"picked":"Hello World","floor":18},{"not_picked":["Ball Lightning","Chill"],"picked":"Sweeping Beam","floor":19},{"not_picked":["Gash","Hologram"],"picked":"hubris:Ukulele","floor":22}],"player_experience":970199,"relics_obtained":[{"floor":6.0,"key":"Replay:Arrowhead"},{"floor":8,"key":"reliquary:OuijaBoard"},{"floor":9,"key":"Omamori"},{"floor":21,"key":"Lizard Tail"},{"floor":26,"key":"Kunai"}],"event_choices":[{"damage_healed":0.0,"max_hp_gain":0.0,"max_hp_loss":0.0,"gold_gain":75.0,"event_name":"World of Goop","player_choice":"Gather Gold","floor":3.0,"gold_loss":0.0,"damage_taken":11.0},{"damage_healed":0.0,"max_hp_gain":0.0,"max_hp_loss":0.0,"gold_gain":0.0,"event_name":"Big Fish","player_choice":"Box","floor":4.0,"gold_loss":0.0,"damage_taken":0.0,"relics_obtained":["hubris:MysteriousPyramids"],"cards_obtained":["Regret"]},{"damage_healed":17,"gold_gain":0,"player_choice":"Healed","damage_taken":0,"max_hp_gain":0,"max_hp_loss":0,"event_name":"The Cleric","floor":10,"gold_loss":35}],"is_beta":false,"boss_relics":[{"not_picked":["SlaversCollar","Replay:Bronze Core"],"picked":"Nuclear Battery"}],"items_purged_floors":[5,5],"is_endless":false,"potions_floor_spawned":[8,12,14,16],"killed_by":"Slavers","ascension_level":15}}