{"host":"clf2hd4adhiiw0zf","time":1613411606,"event":{"mods":["AchievementEnabler","BaseMod","Beaked The Cultist","Bestiary","Dark Map","Downfall","Gremlin Mod","Hermit","Jorbs\u0027s Wanderer Trilogy","Marisa????????","Minty Spire (QoL Compilation)","Shop Mod","StSLib","The Cursed","Wide Potions"],"gold_per_floor":[99,99,99,99,199,217,217,217,249,265,279,33,33,59,71,145,145,45,60,77,77,77,62,130,157,244,270,281,297,297,313,324,401,401,201,216,228,238,257,257,282,23,23,54,70,70,86,137,156,156,156,188,42,42,42,42,42],"floor_reached":55,"language":"ENG","playtime":2809,"items_purged":["Pain","Writhe"],"score":1325,"play_id":"5b4194e7-2c8f-48d5-aede-e2a79d7fa1bd","local_time":"20210215105326","is_ascension_mode":true,"campfire_choices":[{"floor":1,"key":"RECALL"},{"data":"champ:LastStand","floor":13,"key":"SMITH"},{"data":"champ:LastStand","floor":18,"key":"SMITH"},{"data":"Gremlin:CongaLine","floor":35,"key":"SMITH"},{"data":"champ:GladiatorStyle","floor":43,"key":"SMITH"},{"data":"champ:PerfectedStrike","floor":46,"key":"SMITH"},{"floor":54,"key":"REST"}],"circlet_count":0,"master_deck":["AscendersBane","champ:Strike","champ:Strike","champ:Strike","champ:Strike","champ:Defend","champ:Defend","champ:Defend","champ:Defend","champ:Execute","champ:Taunt","champ:BladeFlurry","champ:DeathBlow+1","champ:BringItOn","champ:Shatter","champ:ArenaPreparation","champ:FaceSlap+1","champ:LastStand+1","champ:Shatter","champ:LastStand+1","champ:FaceSlap","champ:EnchantShield","champ:Haymaker","champ:Lariat","champ:TornadoPunch+1","champ:Backstep+1","champ:Circumvent","champ:PerfectedStrike+1","champ:GladiatorStyle+1","champ:CheapShot","champ:EnchantSword","Gremlin:CongaLine+1","champ:SwordSigil+1","champ:DefensiveShout","champ:FanOfKnives+1","champ:Endure+1"],"relics":["champ:ChampionCrown","downfall:HeartsMalice","WarpedTongs","Champion Belt","Eternal Feather","hexamod:Sixitude","Odd Mushroom","expansioncontent:StudyCardRelic","downfall:HeartBlessingRed","Thread and Needle","Bird Faced Urn","Pen Nib","Bag of Preparation","FaceOfCleric","beaked:SacredDeck","downfall:HeartBlessingGreen","downfall:HeartBlessingBlue","Potion Belt","White Beast Statue","Guardian:GemstoneGun","Whetstone","Akabeko"],"acts_visited":["Exordium","TheCity","TheBeyond","TheEnding"],"potions_floor_usage":[9,16,19,25,33,45,50,50,50,55,55],"damage_taken":[{"damage":0,"enemies":"Jaw Worm","floor":2,"turns":1},{"damage":0,"enemies":"Cultist","floor":4,"turns":1},{"damage":0,"enemies":"Cultist","floor":5,"turns":1},{"damage":10,"enemies":"Small Slimes","floor":6,"turns":2},{"damage":62,"enemies":"3 Sentries","floor":9,"turns":7},{"damage":27,"enemies":"Blue Slaver","floor":10,"turns":3},{"damage":22,"enemies":"Exordium Wildlife","floor":11,"turns":3},{"damage":17,"enemies":"downfall:FleeingMerchant","floor":12,"turns":4},{"damage":14,"enemies":"The Mushroom Lair","floor":14,"turns":3},{"damage":0,"enemies":"Red Slaver","floor":15,"turns":1},{"damage":42,"enemies":"WA_ARCHETYPE_RETAIN","floor":16,"turns":6},{"damage":11,"enemies":"downfall:LooterAlt2","floor":19,"turns":3},{"damage":22,"enemies":"Chosen","floor":20,"turns":3},{"damage":15,"enemies":"downfall:FleeingMerchant","floor":23,"turns":4},{"damage":58,"enemies":"Slavers","floor":25,"turns":3},{"damage":20,"enemies":"downfall:FleeingMerchant","floor":26,"turns":3},{"damage":22,"enemies":"Book of Stabbing","floor":27,"turns":4},{"damage":20,"enemies":"Centurion and Healer","floor":28,"turns":3},{"damage":0,"enemies":"Shelled Parasite and Fungi","floor":29,"turns":3},{"damage":15,"enemies":"3 Cultists","floor":31,"turns":4},{"damage":11,"enemies":"Snake Plant","floor":32,"turns":3},{"damage":70,"enemies":"SI_MIRROR_ARCHETYPE","floor":33,"turns":9},{"damage":65,"enemies":"3 Darklings","floor":36,"turns":7},{"damage":24,"enemies":"3 Shapes","floor":37,"turns":4},{"damage":48,"enemies":"Spire Growth","floor":38,"turns":4},{"damage":20,"enemies":"4 Shapes","floor":39,"turns":3},{"damage":21,"enemies":"Nemesis","floor":44,"turns":4},{"damage":33,"enemies":"Transient","floor":45,"turns":5},{"damage":71,"enemies":"Jaw Worm Horde","floor":47,"turns":4},{"damage":36,"enemies":"3 Darklings","floor":49,"turns":3},{"damage":94,"enemies":"DF_ARCHETYPE_ORBS","floor":50,"turns":7},{"damage":111,"enemies":"downfall:CharBossMerchant","floor":52,"turns":8},{"damage":182,"enemies":"downfall:NeowBoss","floor":55,"turns":16}],"seed_played":"-496972013002783161","potions_obtained":[{"floor":6,"key":"SkillPotion"},{"floor":11,"key":"CultistPotion"},{"floor":16,"key":"PowerPotion"},{"floor":20,"key":"FearPotion"},{"floor":27,"key":"Guardian:BlockOnCardUsePotion"},{"floor":36,"key":"DuplicationPotion"},{"floor":37,"key":"CultistPotion"},{"floor":44,"key":"Explosive Potion"},{"floor":45,"key":"EssenceOfSteel"},{"floor":47,"key":"Weak Potion"},{"floor":49,"key":"hexamod:SoulburnPotion"},{"floor":52,"key":"Block Potion"}],"is_trial":false,"path_per_floor":["R","M","?","M","?","M","T","?","E","M","M","$","R","?","M","B",null,"R","M","M","?","?","$","T","E","$","E","M","M","?","M","M","B",null,"R","M","M","M","M","?","T","$","R","E","M","R","M","?","M","B",null,"E","$","R","B"],"character_chosen":"THE_CHAMP","items_purchased":["champ:LastStand","Pen Nib","White Beast Statue","SteroidPotion","FearPotion","ColorlessPotion"],"campfire_rested":1,"item_purchase_floors":[12,26,42,53,53,53],"current_hp_per_floor":[73,73,73,73,73,73,73,73,51,39,32,25,37,33,33,21,66,78,67,55,55,55,55,55,22,25,31,34,38,38,47,55,31,71,94,64,45,48,35,35,35,35,53,58,62,80,75,75,77,11,80,20,20,72,0,0,0],"gold":42,"neow_bonus":"THREE_ENEMY_KILL","is_daily":false,"chose_seed":false,"campfire_upgraded":5,"win_rate":0.0,"timestamp":1613411606,"path_taken":["R","M","?","?","?","M","T","?","E","?","M","$","R","?","M","BOSS","R","M","M","?","?","?","T","E","$","E","?","M","?","?","M","BOSS","R","M","M","M","M","?","T","?","R","E","M","R","M","?","M","BOSS","E","$","R","BOSS"],"items_purchased_type":["Card","Relic","Relic","Potion","Potion","Potion"],"build_version":"2020-12-22","purchased_purges":2,"victory":false,"max_hp_per_floor":[81,81,81,81,81,81,81,81,81,81,81,81,81,81,81,81,81,81,81,81,81,81,81,81,81,81,81,81,81,81,82,83,84,84,94,95,96,97,98,98,98,98,98,99,100,100,101,101,102,103,103,104,104,104,104,104,104],"card_choices":[{"not_picked":["champ:StanceDance","champ:ShieldSigil"],"picked":"champ:BladeFlurry","floor":2},{"not_picked":["champ:BringItOn","champ:AdrenalArmor"],"picked":"champ:DeathBlow","floor":4},{"not_picked":["champ:SetATrap","champ:RageSigil"],"picked":"champ:BringItOn","floor":5},{"not_picked":["champ:RapidStrikes","champ:Circumvent"],"picked":"champ:Shatter","floor":6},{"not_picked":["champ:CrownThrow","champ:EnGarde"],"picked":"champ:ArenaPreparation","floor":9},{"not_picked":["champ:CrookedStrike","champ:EnragedBash"],"picked":"champ:FaceSlap","floor":10},{"not_picked":["champ:BringItOn","champ:Haymaker"],"picked":"champ:LastStand","floor":11},{"not_picked":["champ:BerserkerStyle","champ:IronFortress"],"picked":"champ:Shatter","floor":12},{"not_picked":["champ:CrownThrow","champ:BerserkersShout"],"picked":"champ:FaceSlap","floor":15},{"not_picked":["champ:Devastate","champ:DancingMaster"],"picked":"champ:EnchantShield","floor":16},{"not_picked":["champ:GutPunch","champ:BerserkersShout"],"picked":"champ:Haymaker","floor":19},{"not_picked":["champ:AdrenalArmor","champ:FalseCounter"],"picked":"champ:Lariat","floor":20},{"not_picked":["champ:Shatter","champ:BringItOn","champ:RapidStrikes"],"picked":"SKIP","floor":23},{"not_picked":["champ:BerserkerStyle","champ:BerserkersShout"],"picked":"champ:TornadoPunch","floor":25},{"not_picked":["champ:BladeFlurry","champ:DancingMaster"],"picked":"champ:Backstep+1","floor":26},{"not_picked":["champ:StanceDance","champ:FalseCounter"],"picked":"champ:Circumvent","floor":27},{"not_picked":["champ:FocusedBerserking","champ:EndlessRage"],"picked":"champ:PerfectedStrike","floor":28},{"not_picked":["champ:FocusedDefense","champ:Haymaker+1"],"picked":"champ:GladiatorStyle","floor":29},{"not_picked":["champ:FlashCut","champ:Shatter","champ:Duel"],"picked":"SKIP","floor":31},{"not_picked":["champ:BerserkersShout","champ:CrownThrow"],"picked":"champ:CheapShot","floor":32},{"not_picked":["champ:CheapShot","champ:EnchantCrown"],"picked":"champ:EnchantSword","floor":33},{"not_picked":["champ:FaceSlap","champ:BerserkerStyle"],"picked":"champ:SwordSigil+1","floor":36},{"not_picked":["champ:BerserkersShout","champ:BringItOn","champ:FlashCut"],"picked":"SKIP","floor":37},{"not_picked":["champ:RisingSlash","champ:ShieldSigil","champ:FaceSlap"],"picked":"SKIP","floor":38},{"not_picked":["champ:DeathBlow","champ:Shatter","champ:ShieldSigil"],"picked":"SKIP","floor":39},{"not_picked":["champ:RapidStrikes","champ:Circumvent","champ:PerfectedStrike"],"picked":"SKIP","floor":44},{"not_picked":["champ:TornadoPunch+1","champ:Haymaker"],"picked":"champ:DefensiveShout","floor":45},{"not_picked":["champ:BladeFlurry+1","champ:Parry","champ:Haymaker+1"],"picked":"SKIP","floor":47},{"not_picked":["champ:FlashCut","champ:BerserkersShout+1"],"picked":"champ:FanOfKnives+1","floor":49},{"not_picked":["champ:Devastate","champ:FlashCut"],"picked":"champ:Endure+1","floor":52}],"player_experience":306486,"relics_obtained":[{"floor":5,"key":"Champion Belt"},{"floor":7,"key":"Eternal Feather"},{"floor":9,"key":"hexamod:Sixitude"},{"floor":14,"key":"Odd Mushroom"},{"floor":25,"key":"Bird Faced Urn"},{"floor":27,"key":"Bag of Preparation"},{"floor":41,"key":"Potion Belt"},{"floor":44,"key":"Guardian:GemstoneGun"},{"floor":48,"key":"Whetstone"},{"floor":52,"key":"Akabeko"}],"event_choices":[{"damage_healed":0,"gold_gain":0,"player_choice":"Rummage","damage_taken":0,"relics_obtained":["WarpedTongs"],"max_hp_gain":0,"max_hp_loss":0,"event_name":"Accursed Blacksmith","floor":3,"gold_loss":0,"cards_obtained":["Pain"]},{"damage_healed":0,"gold_gain":0,"player_choice":"Fought Mushrooms","damage_taken":0,"max_hp_gain":0,"max_hp_loss":0,"event_name":"Mushrooms","floor":14,"gold_loss":0},{"damage_healed":0,"gold_gain":0,"player_choice":"Ignored","damage_taken":0,"max_hp_gain":0,"max_hp_loss":0,"event_name":"Ghosts","floor":22,"gold_loss":0},{"damage_healed":0,"gold_gain":0,"player_choice":"Trade","damage_taken":0,"relics_obtained":["FaceOfCleric"],"max_hp_gain":0,"max_hp_loss":0,"event_name":"FaceTrader","floor":30,"gold_loss":0},{"damage_healed":0,"gold_gain":0,"player_choice":"Got Potions","damage_taken":0,"max_hp_gain":0,"max_hp_loss":0,"event_name":"Lab","floor":40,"gold_loss":0}],"is_beta":false,"boss_relics":[{"not_picked":["beaked:MawFillet","SlaversCollar"],"picked":"expansioncontent:StudyCardRelic"},{"not_picked":["Philosopher\u0027s Stone","Busted Crown"],"picked":"beaked:SacredDeck"}],"items_purged_floors":[12,26],"is_endless":false,"potions_floor_spawned":[6,11,15,16,20,27,28,29,31,36,37,39,44,45,47,49,52],"killed_by":"downfall:NeowBoss","ascension_level":15}}