{"host":"ptk1shuto3uimndw","time":1613419026,"event":{"mods":["AchievementEnabler","BaseMod","Bestiary","Colored Map","Colored Powertips","Curses Come First","Minty Spire (QoL Compilation)","Quick Restart","Rare Cards Sparkle","Relic Stats","StSLib","Uncapped"],"gold_per_floor":[14,14,25,25,40,73,73,105,131,131,147,163,163,50,50,150,150,160,259,276,290,307,307,336,336,336,362,362,389,389,399,399,494,494,511,511,531,531,581,616,616,644,644,31,31,61,79,79,79,79],"floor_reached":51,"language":"ENG","playtime":1422,"items_purged":["Strike_P"],"score":1517,"play_id":"c33a643e-9fd0-42fa-9e0f-a7564d705d01","local_time":"20210215205706","is_ascension_mode":true,"campfire_choices":[{"data":"Blasphemy","floor":7,"key":"SMITH"},{"data":"TalkToTheHand","floor":10,"key":"SMITH"},{"data":"CrushJoints","floor":13,"key":"SMITH"},{"data":"Eruption","floor":15,"key":"SMITH"},{"data":"CarveReality","floor":25,"key":"SMITH"},{"data":"Ghostly","floor":28,"key":"SMITH"},{"data":"Ghostly","floor":30,"key":"SMITH"},{"data":"Ghostly","floor":32,"key":"SMITH"},{"data":"Ragnarok","floor":41,"key":"SMITH"},{"floor":45,"key":"REST"},{"data":"CutThroughFate","floor":49,"key":"SMITH"}],"circlet_count":0,"master_deck":["AscendersBane","Strike_P+1","Strike_P+1","Defend_P","Defend_P","Defend_P+1","Defend_P","Eruption+1","Vigilance","Blasphemy+1","WheelKick+1","Swivel","FollowUp+1","EmptyBody","Protect","TalkToTheHand+1","CrushJoints+1","CarveReality+1","LessonLearned","ClearTheMind+1","Tantrum+1","EmptyBody+1","Ghostly+1","Ghostly+1","Ghostly+1","Ghostly+1","Ghostly","CutThroughFate+1","Ragnarok+1","Master of Strategy"],"relics":["HolyWater","Orichalcum","Bag of Preparation","Bag of Marbles","Cursed Key","Strawberry","Letter Opener","Art of War","CaptainsWheel","Molten Egg 2","Yang","Mercury Hourglass","Melange","Vajra"],"acts_visited":["Exordium","TheCity","TheBeyond"],"potions_floor_usage":[6,29,50],"damage_taken":[{"damage":2.0,"enemies":"Small Slimes","floor":1.0,"turns":4.0},{"damage":0.0,"enemies":"2 Louse","floor":3.0,"turns":1.0},{"damage":0.0,"enemies":"Jaw Worm","floor":5.0,"turns":2.0},{"damage":4,"enemies":"Lagavulin","floor":6,"turns":4},{"damage":7,"enemies":"3 Sentries","floor":8,"turns":8},{"damage":0,"enemies":"2 Fungi Beasts","floor":11,"turns":3},{"damage":1,"enemies":"Looter","floor":12,"turns":2},{"damage":0,"enemies":"Slime Boss","floor":16,"turns":3},{"damage":5,"enemies":"Spheric Guardian","floor":18,"turns":3},{"damage":11,"enemies":"2 Thieves","floor":20,"turns":2},{"damage":7,"enemies":"Snecko","floor":21,"turns":3},{"damage":10,"enemies":"Centurion and Healer","floor":22,"turns":4},{"damage":0,"enemies":"Book of Stabbing","floor":24,"turns":3},{"damage":0,"enemies":"Gremlin Leader","floor":27,"turns":3},{"damage":0,"enemies":"Book of Stabbing","floor":29,"turns":3},{"damage":0,"enemies":"Snake Plant","floor":31,"turns":6},{"damage":32,"enemies":"Automaton","floor":33,"turns":9},{"damage":1,"enemies":"3 Darklings","floor":35,"turns":4},{"damage":0,"enemies":"Orb Walker","floor":37,"turns":8},{"damage":0,"enemies":"Mind Bloom Boss Battle","floor":39,"turns":2},{"damage":5,"enemies":"Nemesis","floor":40,"turns":5},{"damage":12,"enemies":"Giant Head","floor":42,"turns":8},{"damage":0,"enemies":"Nemesis","floor":46,"turns":3},{"damage":1,"enemies":"4 Shapes","floor":47,"turns":3},{"damage":14,"enemies":"Time Eater","floor":50,"turns":6}],"seed_played":"2355950304398303673","potions_obtained":[{"floor":3.0,"key":"Fire Potion"},{"floor":5.0,"key":"Weak Potion"},{"floor":16,"key":"EssenceOfSteel"},{"floor":27,"key":"Energy Potion"},{"floor":31,"key":"Explosive Potion"},{"floor":47,"key":"GamblersBrew"}],"is_trial":false,"path_per_floor":["M","?","M","?","M","E","R","E","T","R","M","M","R","$","R","B",null,"M","?","M","M","M","?","E","R","T","E","R","E","R","M","R","B",null,"M","?","M","T","?","E","R","E","T","$","R","E","M","T","R","B",null],"character_chosen":"WATCHER","items_purchased":["CarveReality","Mercury Hourglass","Melange","Master of Strategy"],"campfire_rested":1,"item_purchase_floors":[14,44,44,44],"current_hp_per_floor":[63,63,63,68,68,64,64,57,57,57,57,56,56,56,56,56,72,67,67,56,49,39,38,45,45,45,45,45,45,45,45,45,13,37,36,36,36,36,36,31,31,19,19,19,32,32,31,31,31,17],"gold":79,"neow_bonus":"THREE_RARE_CARDS","is_daily":false,"chose_seed":false,"campfire_upgraded":10,"win_rate":0.0,"timestamp":1613419026,"path_taken":["M","?","M","?","M","E","R","E","T","R","M","M","R","?","R","BOSS","M","?","M","M","M","?","E","R","T","E","R","E","R","M","R","BOSS","M","?","M","?","?","E","R","E","T","$","R","E","M","?","R","BOSS"],"items_purchased_type":["Card","Relic","Relic","Card"],"build_version":"2020-12-22","purchased_purges":1,"victory":true,"max_hp_per_floor":[72,72,72,77,77,77,77,77,77,77,77,77,77,77,77,77,77,77,77,77,77,77,38,45,45,45,45,45,45,45,45,45,45,45,45,45,45,45,45,45,45,45,45,45,45,45,45,45,45,45],"relic_stats":{"counters":[25,102],"Melange":[3],"Yang":[27],"Bag of Preparation":[40],"Art of War":[4],"Letter Opener":[70],"Orichalcum":[102],"Cursed Key":0,"obtain_stats":[{"Melange":44,"Vajra":46,"Yang":42,"Bag of Preparation":8,"Letter Opener":27,"Orichalcum":6,"Cursed Key":17,"Mercury Hourglass":44,"CaptainsWheel":39,"Strawberry":24,"HolyWater":34,"Molten Egg 2":40,"Bag of Marbles":9,"Art of War":29,"PureWater":0},{"Melange":22,"Vajra":23,"Yang":22,"Bag of Preparation":5,"Letter Opener":14,"Orichalcum":4,"Cursed Key":8,"Mercury Hourglass":22,"CaptainsWheel":20,"Strawberry":13,"HolyWater":17,"Molten Egg 2":21,"Bag of Marbles":5,"Art of War":15,"PureWater":0},{"Melange":90,"Vajra":93,"Yang":90,"Bag of Preparation":19,"Letter Opener":45,"Orichalcum":11,"Cursed Key":27,"Mercury Hourglass":90,"CaptainsWheel":77,"Strawberry":42,"HolyWater":63,"Molten Egg 2":82,"Bag of Marbles":19,"Art of War":48,"PureWater":0}],"Mercury Hourglass":[49]},"card_choices":[{"not_picked":["Devotion","Alpha"],"picked":"Blasphemy","floor":0.0},{"not_picked":["FlurryOfBlows","FollowUp"],"picked":"WheelKick","floor":1.0},{"not_picked":["PathToVictory","JustLucky"],"picked":"FollowUp","floor":3.0},{"not_picked":["Protect","BowlingBash"],"picked":"EmptyBody","floor":5.0},{"not_picked":["Judgement","DeceiveReality"],"picked":"Protect","floor":6},{"not_picked":["SashWhip","ConjureBlade"],"picked":"TalkToTheHand","floor":8},{"not_picked":["EmptyFist","JustLucky"],"picked":"CrushJoints","floor":11},{"not_picked":["Prostrate","ThirdEye","Adaptation"],"picked":"SKIP","floor":12},{"not_picked":["Omniscience","Wish"],"picked":"LessonLearned","floor":16},{"not_picked":["Consecrate","CrushJoints","ReachHeaven"],"picked":"SKIP","floor":18},{"not_picked":["EmptyBody","EmptyFist"],"picked":"ClearTheMind","floor":20},{"not_picked":["Protect","FollowUp"],"picked":"Tantrum+1","floor":21},{"not_picked":["Worship","FollowUp"],"picked":"EmptyBody+1","floor":22},{"not_picked":["EmptyBody","ReachHeaven","Establishment"],"picked":"SKIP","floor":24},{"not_picked":["PathToVictory","FollowUp","Crescendo"],"picked":"SKIP","floor":27},{"not_picked":["Wireheading","FearNoEvil"],"picked":"CutThroughFate","floor":29},{"not_picked":["Worship","JustLucky","Evaluate"],"picked":"SKIP","floor":31},{"not_picked":["LessonLearned","MasterReality"],"picked":"Ragnarok","floor":33},{"not_picked":["FlyingSleeves+1","PathToVictory","CrushJoints"],"picked":"SKIP","floor":35},{"not_picked":["CrushJoints","PathToVictory","Sanctity"],"picked":"SKIP","floor":37},{"not_picked":["EmptyFist+1","Evaluate+1","MasterReality"],"picked":"SKIP","floor":40},{"not_picked":["MentalFortress","Evaluate+1","CrushJoints+1"],"picked":"SKIP","floor":42},{"not_picked":["JustLucky+1","Sanctity","Meditate"],"picked":"SKIP","floor":46},{"not_picked":["SashWhip+1","BowlingBash+1","Sanctity+1"],"picked":"SKIP","floor":47}],"player_experience":278362,"relics_obtained":[{"floor":6,"key":"Orichalcum"},{"floor":8,"key":"Bag of Preparation"},{"floor":9,"key":"Bag of Marbles"},{"floor":24,"key":"Strawberry"},{"floor":27,"key":"Letter Opener"},{"floor":29,"key":"Art of War"},{"floor":39,"key":"CaptainsWheel"},{"floor":40,"key":"Molten Egg 2"},{"floor":42,"key":"Yang"},{"floor":46,"key":"Vajra"}],"event_choices":[{"damage_healed":0.0,"max_hp_gain":0.0,"max_hp_loss":0.0,"gold_gain":0.0,"cards_transformed":["Strike_P"],"event_name":"Living Wall","player_choice":"Change","floor":2.0,"gold_loss":0.0,"damage_taken":0.0,"cards_obtained":["Swivel"]},{"damage_healed":0.0,"max_hp_gain":5.0,"max_hp_loss":0.0,"gold_gain":0.0,"event_name":"Big Fish","player_choice":"Donut","floor":4.0,"gold_loss":0.0,"damage_taken":0.0},{"damage_healed":0,"gold_gain":99,"player_choice":"Stole From Cult","damage_taken":0,"max_hp_gain":0,"max_hp_loss":0,"event_name":"Nest","floor":19,"gold_loss":0},{"damage_healed":0,"gold_gain":0,"player_choice":"Became a Ghost","damage_taken":0,"max_hp_gain":0,"max_hp_loss":39,"event_name":"Ghosts","floor":23,"gold_loss":0,"cards_obtained":["Ghostly","Ghostly","Ghostly","Ghostly","Ghostly"]},{"damage_healed":0,"gold_gain":0,"player_choice":"Ignored","damage_taken":0,"max_hp_gain":0,"max_hp_loss":0,"event_name":"Tomb of Lord Red Mask","floor":36,"gold_loss":0},{"damage_healed":0,"gold_gain":0,"player_choice":"Fight","damage_taken":0,"max_hp_gain":0,"max_hp_loss":0,"event_name":"MindBloom","floor":39,"gold_loss":0}],"is_beta":false,"boss_relics":[{"not_picked":["Velvet Choker","Sozu"],"picked":"Cursed Key"},{"not_picked":["Coffee Dripper","Tiny House"],"picked":"HolyWater"}],"items_purged_floors":[14],"is_endless":false,"potions_floor_spawned":[3,5,16,21,27,31,39,42,47],"ascension_level":12}}