{"host":"7qoz5gmva6til3yp","time":1613411798,"event":{"mods":["2.2 Compatiblity","Astrologer","BaseMod","Minty Spire (QoL Compilation)","StSLib","SuperFastMode"],"gold_per_floor":[110,126,30,180,35,70,85,104,177,177,195,253,265,292,292,366,366,378,394,95,115,128,154,154,154,154,167,198,215,215,243,243,243,243],"floor_reached":33,"language":"KOR","playtime":1191,"items_purged":["Noxious Fumes"],"score":733,"play_id":"6027f722-9f2f-4b43-accc-a04329605fdb","local_time":"20210216025638","is_ascension_mode":true,"campfire_choices":[{"data":"Acrobatics","floor":10.0,"key":"SMITH"},{"floor":15.0,"key":"REST"},{"data":"Acrobatics","floor":24,"key":"SMITH"},{"data":"Tactician","floor":30,"key":"SMITH"},{"floor":32,"key":"REST"}],"circlet_count":0,"master_deck":["AscendersBane","Survivor","Neutralize","Dagger Spray","Finesse+1","Doubt","Grand Finale","Acrobatics+1","Acrobatics+1","PiercingWail","After Image","Catalyst","Wraith Form v2","Phantasmal Killer","Deflect","Tactician+1","Noxious Fumes","Blur","Dagger Spray","Night Terror","Escape Plan","Well Laid Plans","Decay","Tactician+1"],"relics":["Ring of the Snake","Ginger","Du-Vu Doll","Kunai","Ancient Tea Set","Regal Pillow","Pandora\u0027s Box","Lee\u0027s Waffle","Smiling Mask","Vajra","War Paint","Bottled Tornado"],"acts_visited":["Exordium","TheCity"],"potions_floor_usage":[28],"damage_taken":[{"damage":4.0,"enemies":"Small Slimes","floor":1.0,"turns":5.0},{"damage":3.0,"enemies":"2 Louse","floor":2.0,"turns":4.0},{"damage":0.0,"enemies":"3 Sentries","floor":6.0,"turns":2.0},{"damage":0.0,"enemies":"Cultist","floor":7.0,"turns":3.0},{"damage":4.0,"enemies":"Blue Slaver","floor":8.0,"turns":3.0},{"damage":0.0,"enemies":"2 Fungi Beasts","floor":11.0,"turns":3.0},{"damage":28.0,"enemies":"3 Sentries","floor":12.0,"turns":6.0},{"damage":0.0,"enemies":"Gremlin Gang","floor":13.0,"turns":1.0},{"damage":12.0,"enemies":"Gremlin Nob","floor":14.0,"turns":3.0},{"damage":29.0,"enemies":"The Guardian","floor":16.0,"turns":18.0},{"damage":10,"enemies":"Shell Parasite","floor":18,"turns":6},{"damage":31,"enemies":"2 Thieves","floor":19,"turns":3},{"damage":12,"enemies":"Chosen and Byrds","floor":21,"turns":3},{"damage":20,"enemies":"Cultist and Chosen","floor":22,"turns":4},{"damage":3,"enemies":"Slavers","floor":23,"turns":4},{"damage":17,"enemies":"3 Cultists","floor":27,"turns":4},{"damage":0,"enemies":"Gremlin Leader","floor":28,"turns":6},{"damage":5,"enemies":"Centurion and Healer","floor":29,"turns":5},{"damage":0,"enemies":"Slavers","floor":31,"turns":4},{"damage":45,"enemies":"Automaton","floor":33,"turns":6}],"seed_played":"5698142043788408665","potions_obtained":[{"floor":6.0,"key":"Swift Potion"},{"floor":7.0,"key":"SteroidPotion"},{"floor":13.0,"key":"ColorlessPotion"},{"floor":14.0,"key":"DuplicationPotion"},{"floor":18,"key":"EssenceOfSteel"},{"floor":28,"key":"Dexterity Potion"}],"is_trial":false,"path_per_floor":["M","M","$","?","$","E","M","M","T","R","M","?","M","E","R","B",null,"M","M","$","M","M","E","R","?","T","M","E","M","R","E","R","B"],"character_chosen":"THE_SILENT","items_purchased":["Finesse","Grand Finale","Lee\u0027s Waffle","Well Laid Plans"],"campfire_rested":2,"item_purchase_floors":[3,5,20,20],"current_hp_per_floor":[55,52,52,52,52,52,52,48,48,48,48,20,20,8,41,12,48,38,7,67,55,35,32,32,32,32,15,15,10,10,10,45,0,0],"gold":243,"neow_bonus":"ONE_RARE_RELIC","is_daily":false,"chose_seed":false,"campfire_upgraded":3,"win_rate":0.0,"timestamp":1613411798,"path_taken":["M","M","$","?","$","E","M","M","T","R","M","?","M","E","R","BOSS","M","M","$","M","M","E","R","?","T","M","E","M","R","E","R","BOSS"],"items_purchased_type":["Card","Card","Relic","Card"],"build_version":"2020-12-22","purchased_purges":1,"victory":false,"max_hp_per_floor":[60,60,60,60,60,60,60,60,60,60,60,60,60,60,60,60,60,60,60,67,67,67,67,67,67,67,67,67,67,67,67,67,67,67],"card_choices":[{"not_picked":["Cloak And Dagger","Prepared","Sucker Punch"],"picked":"SKIP","floor":1.0},{"not_picked":["Cloak And Dagger","Blade Dance"],"picked":"Dagger Spray","floor":2.0},{"not_picked":["Slice","Flying Knee"],"picked":"Acrobatics","floor":6.0},{"not_picked":["Bane","A Thousand Cuts","Dodge and Roll"],"picked":"SKIP","floor":7.0},{"not_picked":["Slice","Skewer","Poisoned Stab"],"picked":"SKIP","floor":8.0},{"not_picked":["Underhanded Strike","Flying Knee"],"picked":"Acrobatics","floor":11.0},{"not_picked":["Sucker Punch","Concentrate"],"picked":"PiercingWail","floor":13.0},{"not_picked":["Endless Agony","Footwork","Setup"],"picked":"SKIP","floor":14.0},{"not_picked":["Storm of Steel","Grand Finale"],"picked":"After Image","floor":16.0},{"not_picked":["Deadly Poison+1","Skewer","PiercingWail"],"picked":"SKIP","floor":18},{"not_picked":["Outmaneuver","Eviscerate"],"picked":"Escape Plan","floor":19},{"not_picked":["Heel Hook+1","Blade Dance","Poisoned Stab+1"],"picked":"SKIP","floor":21},{"not_picked":["Outmaneuver+1","Masterful Stab","Terror"],"picked":"SKIP","floor":22},{"not_picked":["Deflect","PiercingWail","Caltrops"],"picked":"SKIP","floor":23},{"not_picked":["Infinite Blades","Quick Slash"],"picked":"Tactician","floor":27},{"not_picked":["Dagger Spray","Underhanded Strike","Deflect"],"picked":"SKIP","floor":28},{"not_picked":["Riddle With Holes","Noxious Fumes+1","Sucker Punch"],"picked":"SKIP","floor":29},{"not_picked":["Die Die Die","Well Laid Plans+1","Blade Dance"],"picked":"SKIP","floor":31}],"player_experience":506105,"relics_obtained":[{"floor":6.0,"key":"Du-Vu Doll"},{"floor":9.0,"key":"Kunai"},{"floor":12.0,"key":"Ancient Tea Set"},{"floor":14.0,"key":"Regal Pillow"},{"floor":23,"key":"Smiling Mask"},{"floor":26,"key":"Vajra"},{"floor":28,"key":"War Paint"},{"floor":31,"key":"Bottled Tornado"}],"event_choices":[{"damage_healed":0.0,"max_hp_gain":0.0,"max_hp_loss":0.0,"gold_gain":150.0,"event_name":"Liars Game","player_choice":"AGREE","floor":4.0,"gold_loss":0.0,"damage_taken":0.0,"cards_obtained":["Doubt"]},{"damage_healed":0.0,"max_hp_gain":0.0,"max_hp_loss":0.0,"gold_gain":0.0,"event_name":"Dead Adventurer","player_choice":"Searched \u00272\u0027 times","floor":12.0,"gold_loss":0.0,"damage_taken":0.0},{"damage_healed":0,"gold_gain":0,"player_choice":"Cursed","damage_taken":0,"max_hp_gain":0,"max_hp_loss":0,"event_name":"Wheel of Change","floor":25,"gold_loss":0,"cards_obtained":["Decay"]}],"is_beta":false,"boss_relics":[{"not_picked":["Fusion Hammer","Sozu"],"picked":"Pandora\u0027s Box"}],"items_purged_floors":[20],"is_endless":false,"potions_floor_spawned":[6,7,13,14,18,27,28],"killed_by":"Automaton","ascension_level":15}}