{"host":"0mhttqdumuceah7q","time":1613395360,"event":{"mods":["AchievementEnabler","BaseMod","Colored Map","DeckTracker","Minty Spire (QoL Compilation)","Permanent Neow"],"gold_per_floor":[114,114,114,39,39,68,68,93,120,135,16,16,46,56,56,158,158,172,184,109,109,125,154,174,174,174,202,202,217,246,271,283,391,403,433,462,154,154,169,195,195,212,212,212,212,241,70,82,82,82,82,82,82,117,117],"floor_reached":56,"language":"KOR","playtime":2954,"items_purged":["Defend_G","Defend_G"],"score":1544,"play_id":"f596f26c-d103-4ea7-9fc5-dc22bf41a91f","local_time":"20210215222240","is_ascension_mode":true,"campfire_choices":[{"data":"Neutralize","floor":7,"key":"SMITH"},{"data":"Cloak And Dagger","floor":12,"key":"SMITH"},{"data":"Terror","floor":15,"key":"SMITH"},{"data":"After Image","floor":25,"key":"SMITH"},{"data":"Cloak And Dagger","floor":28,"key":"SMITH"},{"data":"Blade Dance","floor":32,"key":"SMITH"},{"data":"Bandage Up","floor":41,"key":"SMITH"},{"data":"Blade Dance","floor":45,"key":"SMITH"},{"floor":49,"key":"RECALL"},{"data":"Caltrops","floor":52,"key":"SMITH"}],"circlet_count":0,"master_deck":["Strike_G","Strike_G","Defend_G","Defend_G","Defend_G","Survivor","Neutralize+1","Cloak And Dagger+1","Predator","Cloak And Dagger+1","Backflip","Bandage Up+1","Escape Plan","Blade Dance+1","Terror+1","After Image+1","Slice+1","Flying Knee","Ghostly","Ghostly","Ghostly","Ghostly","Ghostly","Distraction+1","Dagger Spray","Outmaneuver+1","Blade Dance+1","Blade Dance+1","Venomology","Storm of Steel","Caltrops+1","Panacea","Cloak And Dagger+1","Noxious Fumes+1","Panache","PiercingWail+1"],"relics":["Ring of the Serpent","NeowsBlessing","HornCleat","Torii","Toy Ornithopter","Lantern","Paper Crane","Tiny Chest","Singing Bowl","MealTicket","MawBank","Busted Crown","TheAbacus","Art of War","Molten Egg 2","Pocketwatch"],"acts_visited":["Exordium","TheCity","TheBeyond","TheEnding"],"potions_floor_usage":[13,29,31,33,33,40,40,46,48,50,50,54,55,55,55,55],"damage_taken":[{"damage":0,"enemies":"Cultist","floor":1,"turns":1},{"damage":0,"enemies":"3 Sentries","floor":6,"turns":1},{"damage":0,"enemies":"Lagavulin","floor":8,"turns":1},{"damage":0,"enemies":"Jaw Worm","floor":10,"turns":3},{"damage":0,"enemies":"Gremlin Nob","floor":13,"turns":3},{"damage":0,"enemies":"2 Louse","floor":14,"turns":2},{"damage":3,"enemies":"Hexaghost","floor":16,"turns":8},{"damage":1,"enemies":"Shell Parasite","floor":18,"turns":4},{"damage":0,"enemies":"Chosen","floor":19,"turns":4},{"damage":9,"enemies":"Snecko","floor":22,"turns":6},{"damage":0,"enemies":"Book of Stabbing","floor":23,"turns":7},{"damage":0,"enemies":"Centurion and Healer","floor":24,"turns":6},{"damage":0,"enemies":"Slavers","floor":27,"turns":6},{"damage":0,"enemies":"3 Cultists","floor":29,"turns":6},{"damage":0,"enemies":"Book of Stabbing","floor":30,"turns":8},{"damage":9,"enemies":"Snake Plant","floor":31,"turns":7},{"damage":17,"enemies":"Champ","floor":33,"turns":12},{"damage":0,"enemies":"3 Darklings","floor":35,"turns":7},{"damage":6,"enemies":"3 Shapes","floor":36,"turns":6},{"damage":0,"enemies":"Transient","floor":39,"turns":5},{"damage":11,"enemies":"Giant Head","floor":40,"turns":8},{"damage":0,"enemies":"Maw","floor":42,"turns":8},{"damage":1,"enemies":"Nemesis","floor":46,"turns":7},{"damage":0,"enemies":"Spire Growth","floor":48,"turns":5},{"damage":14,"enemies":"Awakened One","floor":50,"turns":13},{"damage":33,"enemies":"Shield and Spear","floor":54,"turns":8},{"damage":23,"enemies":"The Heart","floor":55,"turns":8}],"seed_played":"-8770184964995057774","potions_obtained":[{"floor":1,"key":"Fire Potion"},{"floor":6,"key":"LiquidMemories"},{"floor":16,"key":"Dexterity Potion"},{"floor":22,"key":"LiquidBronze"},{"floor":24,"key":"SkillPotion"},{"floor":29,"key":"CunningPotion"},{"floor":33,"key":"LiquidMemories"},{"floor":40,"key":"LiquidBronze"},{"floor":48,"key":"ColorlessPotion"},{"floor":54,"key":"Energy Potion"}],"is_trial":false,"path_per_floor":["M","?","?","$","?","E","R","E","T","M","$","R","E","M","R","B",null,"M","M","?","?","M","E","M","R","T","E","R","M","E","M","R","B",null,"M","M","$","?","M","E","R","M","T","?","R","E","$","M","R","B",null,"R","$","E","B",null],"character_chosen":"THE_SILENT","items_purchased":["Bandage Up","Escape Plan","TheAbacus","Caltrops","Panache"],"campfire_rested":0,"item_purchase_floors":[11,11,37,37,47],"current_hp_per_floor":[70,63,56,56,56,56,56,56,56,56,56,56,65,69,69,67,70,69,70,70,35,26,30,34,34,34,35,35,35,35,30,30,27,35,37,37,39,33,37,32,32,40,40,40,40,46,47,49,49,41,49,49,49,16,19],"gold":117,"neow_bonus":"THREE_ENEMY_KILL","is_daily":false,"chose_seed":false,"campfire_upgraded":9,"win_rate":0.0,"timestamp":1613395360,"path_taken":["M","?","?","$","?","E","R","E","T","M","?","R","E","M","R","BOSS","M","M","?","?","M","E","M","R","T","E","R","M","E","M","R","BOSS","M","M","$","?","M","E","R","M","T","?","R","E","$","M","R","BOSS","R","$","E","BOSS"],"items_purchased_type":["Card","Card","Relic","Card","Card"],"build_version":"2020-12-22","purchased_purges":2,"victory":true,"max_hp_per_floor":[70,70,70,70,70,70,70,70,70,70,70,70,70,70,70,70,70,70,70,70,35,35,35,35,35,35,35,35,35,35,35,35,35,35,37,39,39,43,43,43,43,45,45,45,45,47,47,49,49,49,49,49,49,49,49],"card_choices":[{"not_picked":["Terror","Riddle With Holes"],"picked":"Cloak And Dagger","floor":1},{"not_picked":["Dagger Spray","Poisoned Stab"],"picked":"Cloak And Dagger","floor":6},{"not_picked":["Bane","Outmaneuver"],"picked":"Backflip","floor":8},{"not_picked":["Dodge and Roll","Backflip"],"picked":"Quick Slash","floor":10},{"not_picked":["Dagger Throw","Prepared"],"picked":"Blade Dance","floor":13},{"not_picked":["Phantasmal Killer","Dagger Spray"],"picked":"Terror","floor":14},{"not_picked":["Wraith Form v2","Burst"],"picked":"After Image","floor":16},{"not_picked":["Catalyst","Dash+1"],"picked":"Slice+1","floor":18},{"not_picked":["Backflip","Bane"],"picked":"Flying Knee","floor":19},{"not_picked":["Backstab","Dodge and Roll"],"picked":"Distraction+1","floor":22},{"not_picked":["Bane","Bullet Time","Flying Knee"],"picked":"SKIP","floor":23},{"not_picked":["Choke","Flying Knee"],"picked":"Dagger Spray","floor":24},{"not_picked":["Heel Hook","Dagger Spray"],"picked":"Outmaneuver+1","floor":27},{"not_picked":["Poisoned Stab+1","Outmaneuver"],"picked":"Blade Dance","floor":29},{"not_picked":["Flying Knee","Deflect+1"],"picked":"Blade Dance+1","floor":30},{"not_picked":["Footwork","Predator+1"],"picked":"Venomology","floor":31},{"not_picked":["Phantasmal Killer","Night Terror"],"picked":"Storm of Steel","floor":33},{"not_picked":["Outmaneuver"],"picked":"Singing Bowl","floor":35},{"not_picked":["Dagger Throw+1"],"picked":"Singing Bowl","floor":36},{"not_picked":[],"picked":"Panacea","floor":38},{"not_picked":["Enlightenment"],"picked":"Singing Bowl","floor":38},{"not_picked":["Purity"],"picked":"Singing Bowl","floor":38},{"not_picked":[],"picked":"Cloak And Dagger+1","floor":39},{"not_picked":[],"picked":"Noxious Fumes+1","floor":40},{"not_picked":["Quick Slash+1"],"picked":"Singing Bowl","floor":42},{"not_picked":["Underhanded Strike+1"],"picked":"Singing Bowl","floor":46},{"not_picked":["Riddle With Holes+1"],"picked":"Singing Bowl","floor":48},{"not_picked":[],"picked":"PiercingWail+1","floor":54}],"player_experience":95122,"relics_obtained":[{"floor":6,"key":"Torii"},{"floor":8,"key":"Toy Ornithopter"},{"floor":9,"key":"Lantern"},{"floor":13,"key":"Paper Crane"},{"floor":23,"key":"Tiny Chest"},{"floor":26,"key":"Singing Bowl"},{"floor":27,"key":"MealTicket"},{"floor":30,"key":"MawBank"},{"floor":40,"key":"Art of War"},{"floor":46,"key":"Molten Egg 2"},{"floor":54,"key":"Pocketwatch"}],"event_choices":[{"damage_healed":0,"gold_gain":0,"player_choice":"Success","damage_taken":7,"relics_obtained":["HornCleat"],"max_hp_gain":0,"max_hp_loss":0,"event_name":"Scrap Ooze","floor":2,"gold_loss":0},{"cards_removed":["Strike_G"],"damage_healed":0,"gold_gain":0,"player_choice":"Card Removal","damage_taken":7,"max_hp_gain":0,"max_hp_loss":0,"event_name":"Golden Wing","floor":3,"gold_loss":0},{"damage_healed":0,"gold_gain":0,"cards_transformed":["Strike_G"],"player_choice":"Change","damage_taken":0,"max_hp_gain":0,"max_hp_loss":0,"event_name":"Living Wall","floor":5,"gold_loss":0,"cards_obtained":["Predator"]},{"cards_removed":["Strike_G"],"damage_healed":0,"gold_gain":0,"player_choice":"Gave Gold","damage_taken":0,"max_hp_gain":0,"max_hp_loss":0,"event_name":"Beggar","floor":20,"gold_loss":75},{"damage_healed":0,"gold_gain":0,"player_choice":"Became a Ghost","damage_taken":0,"max_hp_gain":0,"max_hp_loss":35,"event_name":"Ghosts","floor":21,"gold_loss":0,"cards_obtained":["Ghostly","Ghostly","Ghostly","Ghostly","Ghostly"]},{"damage_healed":0,"gold_gain":0,"player_choice":"Memory 3","damage_taken":10,"max_hp_gain":0,"max_hp_loss":0,"event_name":"SensoryStone","floor":38,"gold_loss":0},{"cards_removed":["Quick Slash"],"damage_healed":0,"gold_gain":0,"player_choice":"Removed Attack","damage_taken":0,"max_hp_gain":0,"max_hp_loss":0,"event_name":"Falling","floor":44,"gold_loss":0}],"is_beta":false,"boss_relics":[{"not_picked":["Runic Pyramid","Velvet Choker"],"picked":"Ring of the Serpent"},{"not_picked":["Cursed Key","Runic Dome"],"picked":"Busted Crown"}],"items_purged_floors":[4,37],"is_endless":false,"potions_floor_spawned":[1,6,16,22,23,24,29,33,40,42,48,54],"ascension_level":2}}