{"host":"dx8mnueonnkh60qu","time":1613363902,"event":{"mods":["AchievementEnabler","Act Like it!","Aspiration","BaseMod","Better Silent Start","Better Third Choice","Bossed Relics","CCEM2","Conspire","Defuse TimeMaze Blight","Dota2Spire","Downfall","Hubris","Infinite Spire","Marked Mod","Minty Spire (QoL Compilation)","Quarter Circle Forward PUNCH!","Rare Cards Sparkle","Relic Stats","Reliquary","Robot Space Explorer","Spicy Shops","Spikes Relics","StSLib","SuperFastMode","The Blue Laboratory","The Caster"],"gold_per_floor":[112,112,123,66,66,94,94,128,128,147,247,264,121,134,134,239,239,254,272,272,292,156,187,187,232,283,330,392,392,392,448,448,448,448],"floor_reached":33,"language":"ENG","playtime":1149,"items_purged":[],"score":407,"play_id":"660e9d27-36c8-4148-800a-b82a0b781116","local_time":"20210214233822","is_ascension_mode":true,"campfire_choices":[{"floor":15.0,"key":"REST"},{"data":"Night Terror","floor":24.0,"key":"SMITH"},{"data":"Cloak And Dagger","floor":29.0,"key":"SMITH"},{"floor":32.0,"key":"REST"}],"circlet_count":0,"master_deck":["Strike_G","Strike_G","Strike_G","Defend_G+1","Defend_G+1","Defend_G+1","Defend_G+1","Survivor+1","Neutralize+1","Dagger Spray","Finisher","Doubt","Cloak And Dagger+1","Quick Slash","Sucker Punch","Calculated Gamble","aspiration:Lunge","Glass Knife","Infinite Blades+1","Blade Dance","Noxious Fumes","Footwork","Night Terror+1","Terror+1","Backflip","Accuracy","Night Terror","Die Die Die"],"relics":["Snake Skull","Runic Cube","Spirit Poop","sneckomod:ConfusingCodex","Slimebound:TarBlob","infinitespire:Chaos","reliquary:Craggleroot","Nloth\u0027s Gift","Dota2Spire:HandOfMidas","reliquary:PorcupineQuills","CCEMRelics:LagavulinClaw"],"acts_visited":["Exordium","TheCity"],"potions_floor_usage":[33],"damage_taken":[{"damage":0.0,"enemies":"Jaw Worm","floor":1.0,"turns":1.0},{"damage":0.0,"enemies":"2 Louse","floor":3.0,"turns":2.0},{"damage":0.0,"enemies":"3 Sentries","floor":6.0,"turns":1.0},{"damage":19.0,"enemies":"Lagavulin","floor":8.0,"turns":11.0},{"damage":1.0,"enemies":"Small Slimes","floor":10.0,"turns":3.0},{"damage":0.0,"enemies":"Looter","floor":12.0,"turns":3.0},{"damage":2.0,"enemies":"Red Slaver","floor":14.0,"turns":2.0},{"damage":44.0,"enemies":"Slime Boss","floor":16.0,"turns":11.0},{"damage":0.0,"enemies":"3 Byrds","floor":18.0,"turns":2.0},{"damage":12.0,"enemies":"Shell Parasite","floor":19.0,"turns":5.0},{"damage":0.0,"enemies":"3 Cultists","floor":21.0,"turns":2.0},{"damage":12.0,"enemies":"Nightmare","floor":23.0,"turns":8.0},{"damage":9.0,"enemies":"Shelled Parasite and Fungi","floor":25.0,"turns":4.0},{"damage":9.0,"enemies":"conspire:HollyBat","floor":27.0,"turns":6.0},{"damage":10.0,"enemies":"Book of Stabbing","floor":28.0,"turns":5.0},{"damage":25.0,"enemies":"Gremlin Leader","floor":31.0,"turns":6.0},{"damage":10,"enemies":"Automaton","floor":33,"turns":6}],"seed_played":"803325091568142350","potions_obtained":[{"floor":6.0,"key":"Explosive Potion"},{"floor":8.0,"key":"Regen Potion"},{"floor":16.0,"key":"hexamod:SoulburnPotion"},{"floor":18.0,"key":"ColorlessPotion"},{"floor":25.0,"key":"blueLaboratory:BottledHope"},{"floor":27.0,"key":"Poison Potion"},{"floor":31.0,"key":"AttackPotion"}],"is_trial":false,"path_per_floor":["M","?","M","$","?","E","?","E","T","M","?","M","$","M","R","B",null,"M","M","?","M","$","NM","R","M","T","M","E","R","?","E","R","B"],"character_chosen":"THE_SILENT","items_purchased":["War Paint","infinitespire:Chaos","Footwork"],"campfire_rested":2,"item_purchase_floors":[4,13,22],"current_hp_per_floor":[70,75,75,75,60,60,60,41,41,40,40,40,40,38,60,16,75,75,63,63,63,63,51,51,42,42,45,35,35,35,10,32,22,22],"gold":448,"neow_bonus":"THREE_ENEMY_KILL","is_daily":false,"chose_seed":false,"campfire_upgraded":2,"win_rate":0.0,"timestamp":1613363902,"path_taken":["M","?","M","$","?","E","?","E","T","M","?","M","$","?","R","BOSS","M","M","?","M","$","NM","R","M","T","?","E","R","?","E","R","BOSS"],"items_purchased_type":["Relic","Relic","Card"],"build_version":"2020-12-22","purchased_purges":0,"victory":false,"max_hp_per_floor":[70,75,75,75,75,75,75,75,75,75,75,75,75,75,75,75,75,75,75,75,75,75,75,75,75,75,75,75,75,75,75,75,75,75],"relic_stats":{"counters":[17,78],"Snake Skull":[26],"Nloth\u0027s Gift":2,"obtain_stats":[{"Dota2Spire:HandOfMidas":23,"NeowsBlessing":0,"Blue Candle":9,"infinitespire:EmptyRelic":13,"Spirit Poop":13,"Snake Skull":13,"War Paint":4,"Slimebound:TarBlob":13,"Centennial Puzzle":8,"reliquary:PorcupineQuills":28,"sneckomod:ConfusingCodex":13,"reliquary:Craggleroot":17,"reliquary:SculptingSteel":6,"Nloth\u0027s Gift":20,"CCEMRelics:PaperClip":13,"infinitespire:Chaos":13,"CCEMRelics:LagavulinClaw":31,"Ring of the Snake":0,"Runic Cube":13},{"Dota2Spire:HandOfMidas":12,"NeowsBlessing":0,"Blue Candle":4,"infinitespire:EmptyRelic":6,"Spirit Poop":6,"Snake Skull":6,"War Paint":2,"Slimebound:TarBlob":6,"Centennial Puzzle":4,"reliquary:PorcupineQuills":15,"sneckomod:ConfusingCodex":6,"reliquary:Craggleroot":8,"reliquary:SculptingSteel":3,"Nloth\u0027s Gift":10,"CCEMRelics:PaperClip":6,"infinitespire:Chaos":6,"CCEMRelics:LagavulinClaw":16,"Ring of the Snake":0,"Runic Cube":6},{"Dota2Spire:HandOfMidas":51,"NeowsBlessing":0,"Blue Candle":15,"infinitespire:EmptyRelic":21,"Spirit Poop":21,"Snake Skull":21,"War Paint":3,"Slimebound:TarBlob":21,"Centennial Puzzle":15,"reliquary:PorcupineQuills":66,"sneckomod:ConfusingCodex":21,"reliquary:Craggleroot":34,"reliquary:SculptingSteel":4,"Nloth\u0027s Gift":41,"CCEMRelics:PaperClip":21,"infinitespire:Chaos":21,"CCEMRelics:LagavulinClaw":72,"Ring of the Snake":0,"Runic Cube":21}],"Runic Cube":[0]},"card_choices":[{"not_picked":["Flying Knee","Quick Slash"],"picked":"Dagger Spray","floor":1.0},{"not_picked":["Flying Knee","Eviscerate"],"picked":"Finisher","floor":3.0},{"not_picked":["InfectiousVector","Accuracy","hubris:Sniper"],"picked":"SKIP","floor":6.0},{"not_picked":["hubris:SlightOfHand","Prepared"],"picked":"Quick Slash","floor":8.0},{"not_picked":["Backflip","Pace"],"picked":"Sucker Punch","floor":10.0},{"not_picked":["hubris:Sniper","Dagger Throw"],"picked":"Calculated Gamble","floor":12.0},{"not_picked":["Concentrate","Blade Dance"],"picked":"aspiration:Lunge","floor":14.0},{"not_picked":["Burst","Storm of Steel"],"picked":"Glass Knife","floor":16.0},{"not_picked":["Slice+1","Sucker Punch"],"picked":"Infinite Blades+1","floor":18.0},{"not_picked":["hubris:TrickCloak","Flying Knee"],"picked":"Blade Dance","floor":19.0},{"not_picked":["conspire:PoisonWeapons+1","Deadly Poison"],"picked":"Noxious Fumes","floor":21.0},{"not_picked":["Glass Knife","Slice"],"picked":"Night Terror","floor":23.0},{"not_picked":["Caltrops","Flying Knee"],"picked":"Terror+1","floor":25.0},{"not_picked":["Deflect","Outmaneuver"],"picked":"Backflip","floor":27.0},{"not_picked":["All Out Attack+1","Underhanded Strike+1"],"picked":"Accuracy","floor":28.0},{"not_picked":["Predator","Acrobatics+1"],"picked":"Die Die Die","floor":31.0}],"player_experience":636904,"relics_obtained":[{"floor":6.0,"key":"reliquary:SculptingSteel"},{"floor":8.0,"key":"Centennial Puzzle"},{"floor":9.0,"key":"Blue Candle"},{"floor":23.0,"key":"Dota2Spire:HandOfMidas"},{"floor":28.0,"key":"reliquary:PorcupineQuills"},{"floor":31.0,"key":"CCEMRelics:LagavulinClaw"}],"event_choices":[{"damage_healed":0.0,"max_hp_gain":5.0,"max_hp_loss":0.0,"gold_gain":0.0,"event_name":"Big Fish","player_choice":"Donut","floor":2.0,"gold_loss":0.0,"damage_taken":0.0},{"damage_healed":75.0,"max_hp_gain":0.0,"max_hp_loss":75.0,"gold_gain":0.0,"event_name":"betterThird:BetterShining","player_choice":"Upgrade","floor":5.0,"gold_loss":0.0,"damage_taken":15.0,"cards_upgraded":["Defend_G","Neutralize"]},{"damage_healed":0.0,"max_hp_gain":0.0,"max_hp_loss":0.0,"gold_gain":100.0,"event_name":"Wheel of Change","player_choice":"Gold","floor":11.0,"gold_loss":0.0,"damage_taken":0.0},{"damage_healed":0.0,"max_hp_gain":0.0,"max_hp_loss":0.0,"gold_gain":0.0,"event_name":"N\u0027loth","player_choice":"Traded Relic","floor":20.0,"relics_lost":["CCEMRelics:PaperClip"],"gold_loss":0.0,"damage_taken":0.0,"relics_obtained":["Nloth\u0027s Gift"]},{"damage_healed":0.0,"max_hp_gain":0.0,"max_hp_loss":0.0,"gold_gain":0.0,"cards_transformed":["Strike_G"],"event_name":"Transmorgrifier","player_choice":"Transformed","floor":30.0,"gold_loss":0.0,"damage_taken":0.0,"cards_obtained":["Night Terror"]}],"is_beta":false,"boss_relics":[{"not_picked":["Busted Crown","CCEMRelics:ReaperScythe"],"picked":"reliquary:Craggleroot"}],"items_purged_floors":[],"is_endless":false,"potions_floor_spawned":[6,8,16,18,21,25,27,31],"killed_by":"Automaton","ascension_level":4}}