{"host":"3mt4w4o4jnuk8q1t","time":1613405965,"event":{"mods":["Act Like it!","BaseMod","Colored Map","Colored Powertips","Decade(王小明)","Gensokyo","GungeonMod","Hermit","Jedi Mod","Marisa（F雨　魔理沙）","Minty Spire (QoL Compilation)","Red Circlet Mod","Reimu（博丽灵梦）","Remilia（蕾米莉亚）","Replay The Spire","RumiaBox-露米娅的神秘盒子","Shop Mod","Spicy Shops","StSLib","TestMod","The Jungle","Waifu the Spire","Yakumo Yukari mod","Youmu（魂魄妖梦）","[IsaacMod]以撒尖塔","【功能Mod】混沌之环修复补丁","【功能Mod】聪明的最终Boss"],"gold_per_floor":[12,12,25,41,441,470,102,102,102,102,118,451,451,461,461,461,461],"floor_reached":16,"language":"ZHS","playtime":1801,"items_purged":[],"score":141,"play_id":"a865d341-c5fe-415f-9ed0-cf3005f8bb26","local_time":"20210216001925","is_ascension_mode":true,"campfire_choices":[{"data":"DecadeViolentEmotion","floor":10,"key":"SMITH"},{"floor":13,"key":"RECALL"},{"floor":15,"key":"REST"}],"circlet_count":0,"master_deck":["Decade_Attack","Decade_Attack","Decade_Attack","Decade_Attack","KamenRide","Decade_SpecialSkill","Decade_Defend","Decade_Defend","Decade_Defend","Decade_Defend","DecadeViolentEmotion+1","FormRideAxel","Blade_Beat","Blade_Metal","DenO_Sword","Blade_Beat","FormRideBasshaa","Gensokyo:BlemishedSteel","Clumsy","DenO_Ax","Kuuga_Rising","Kuuga_Rising"],"relics":["Decadriver","TOEIDeficitBill","HushsDoor","testmod-TestBox","GuppysTail","testmod-RandomTest","Baka2","Counterbalance","SteamSale","Gensokyo:NagashiBinaDoll","Oddly Smooth Stone","Centennial Puzzle"],"acts_visited":["Exordium"],"potions_floor_usage":[11,12],"damage_taken":[{"damage":0,"enemies":"Gensokyo:2_Kodama","floor":1,"turns":4},{"damage":0,"enemies":"Gensokyo:Python","floor":3,"turns":3},{"damage":0,"enemies":"Gensokyo:3_Fairies","floor":4,"turns":2},{"damage":0,"enemies":"Gensokyo:Mamizou","floor":6,"turns":5},{"damage":18,"enemies":"Gensokyo:Kitsune","floor":11,"turns":5},{"damage":35,"enemies":"Gensokyo:Aya","floor":12,"turns":4},{"damage":3,"enemies":"Gensokyo:2_Rabbits","floor":14,"turns":2},{"damage":36,"enemies":"Gensokyo:Reimu","floor":16,"turns":4}],"seed_played":"-5563831482523889338","potions_obtained":[{"floor":3,"key":"Dexterity Potion"},{"floor":6,"key":"Energy Potion"}],"is_trial":false,"path_per_floor":["M","?","M","M","?","E","COS","?","T","R","M","E","R","M","R","B"],"character_chosen":"Decade","items_purchased":[],"campfire_rested":1,"item_purchase_floors":[],"current_hp_per_floor":[70,70,70,70,70,70,70,70,70,70,52,17,17,14,35,0,0],"gold":461,"neow_bonus":"THREE_RARE_CARDS","is_daily":false,"chose_seed":false,"campfire_upgraded":1,"win_rate":0.0,"timestamp":1613405965,"path_taken":["M","?","M","?","?","E","COS","?","T","R","?","E","R","M","R","BOSS"],"items_purchased_type":[],"build_version":"2020-12-22","purchased_purges":0,"victory":false,"max_hp_per_floor":[70,70,70,70,70,70,70,70,70,70,70,70,70,70,70,70,70],"card_choices":[{"not_picked":["FormRideAxel","TimeVent"],"picked":"DecadeViolentEmotion","floor":0},{"not_picked":["UnarmedAttack7","RideBooker_Skill_2"],"picked":"FormRideAxel","floor":1},{"not_picked":["FormRideDragon","FormRidePegasus"],"picked":"Blade_Beat","floor":2},{"not_picked":["Kiva_Bats","FormRideStorm"],"picked":"Blade_Metal","floor":2},{"not_picked":["PhotonAcceleration","UnarmedAttack3"],"picked":"DenO_Sword","floor":3},{"not_picked":["Decade_Dash2","UnarmedAttack1"],"picked":"Blade_Beat","floor":4},{"not_picked":["Hibiki_Attack1","Decade_Defend3"],"picked":"FormRideBasshaa","floor":4},{"not_picked":["Decade_Dash1","Decade_Illusion","Kiva_Bats"],"picked":"SKIP","floor":6},{"not_picked":["DragShield","DragClaw","FormRideFlame"],"picked":"SKIP","floor":6},{"not_picked":["Decade_Dash2","RideBooker_Skill_3"],"picked":"DenO_Ax","floor":11},{"not_picked":["Kiva_Eat+1","Decade_Dash2+1","FormRidePegasus+1"],"picked":"SKIP","floor":11},{"not_picked":["FormRideJack","Hibiki_Attack3","Kiva_Bats"],"picked":"SKIP","floor":11},{"not_picked":["NMDAZYYGL","Hibiki_FEVER"],"picked":"Kuuga_Rising","floor":12},{"not_picked":["Dragreder","Hibiki_Attack2"],"picked":"Kuuga_Rising","floor":12},{"not_picked":["UnarmedAttack3","FormRideDogga","FormRideFlame"],"picked":"SKIP","floor":12},{"not_picked":["FormRideFlame","PhotonAcceleration","Decade_Dash2"],"picked":"SKIP","floor":12}],"player_experience":208383,"relics_obtained":[{"floor":1,"key":"Baka"},{"floor":3,"key":"Baka2"},{"floor":6,"key":"Counterbalance"},{"floor":12,"key":"Centennial Puzzle"}],"event_choices":[{"damage_healed":0,"gold_gain":400,"player_choice":"Sell","damage_taken":0,"max_hp_gain":0,"max_hp_loss":0,"event_name":"恩洛斯的盘子","floor":5,"relics_lost":["DemoMod:GlassGuonStoneRelic"],"gold_loss":0}],"is_beta":false,"boss_relics":[],"items_purged_floors":[],"is_endless":false,"potions_floor_spawned":[3,6],"killed_by":"Gensokyo:Reimu","ascension_level":1}}