{"host":"89iuq2p5kwriuwfq","time":1613415458,"event":{"mods":["BaseMod","Curses Come First","Minty Spire (QoL Compilation)","Permanent Neow","StSLib"],"gold_per_floor":[115,2,77,91,103,132,132,161,161,161,190,205,235,254,254,331,331,346,445,471,471,11,11,11,24,24,55,75,104,114,127,127,205,205,218,218,228,240,240,274,274,306,354,386,386,399,45,45,45,45],"floor_reached":51,"language":"ENG","playtime":4315,"items_purged":[],"score":1540,"play_id":"9552ef75-ed04-4fdb-89f4-8c6479f7658e","local_time":"20210215185738","is_ascension_mode":true,"campfire_choices":[{"data":"Glass Knife","floor":7,"key":"SMITH"},{"floor":15,"key":"REST"},{"data":"Footwork","floor":23,"key":"SMITH"},{"floor":32,"key":"REST"},{"data":"A Thousand Cuts","floor":45,"key":"SMITH"},{"data":"Footwork","floor":49,"key":"SMITH"}],"circlet_count":0,"master_deck":["AscendersBane","Strike_G","Strike_G","Strike_G","Strike_G","Strike_G","Defend_G","Defend_G","Defend_G","Survivor","Neutralize","Dagger Spray","Footwork+1","Escape Plan","Blur","Cloak And Dagger","Glass Knife+1","Escape Plan+1","Dash","Prepared+1","Underhanded Strike","Backflip+1","Glass Knife","Blade Dance+1","Dodge and Roll+1","Footwork+1","Dagger Throw","Backflip+1","Underhanded Strike","PiercingWail+1","Backflip+1","Dagger Throw","A Thousand Cuts+1","Blade Dance+1","Madness+1","Madness+1","Dash","Noxious Fumes+1","Acrobatics+1","Footwork+1","Blur+1","Apotheosis+1","Acrobatics+1","Well Laid Plans","Infinite Blades","Infinite Blades","Normality"],"relics":["Ring of the Snake","Tough Bandages","The Courier","Toxic Egg 2","Kunai","PreservedInsect","HoveringKite","Red Mask","Ninja Scroll","Oddly Smooth Stone","DollysMirror","InkBottle","Bottled Lightning","Nunchaku","Coffee Dripper","Juzu Bracelet","Blood Vial","Happy Flower","Boot"],"acts_visited":["Exordium","TheCity","TheBeyond"],"potions_floor_usage":[6,11,12,16,27,33,33,50,50],"damage_taken":[{"damage":2,"enemies":"Jaw Worm","floor":1,"turns":5},{"damage":0,"enemies":"2 Louse","floor":4,"turns":3},{"damage":0,"enemies":"Small Slimes","floor":5,"turns":3},{"damage":2,"enemies":"3 Sentries","floor":6,"turns":7},{"damage":24,"enemies":"Lagavulin","floor":8,"turns":9},{"damage":5,"enemies":"Gremlin Nob","floor":11,"turns":4},{"damage":0,"enemies":"3 Louse","floor":12,"turns":5},{"damage":0,"enemies":"Blue Slaver","floor":14,"turns":3},{"damage":0,"enemies":"The Guardian","floor":16,"turns":16},{"damage":19,"enemies":"2 Thieves","floor":18,"turns":5},{"damage":28,"enemies":"Masked Bandits","floor":20,"turns":8},{"damage":0,"enemies":"Shell Parasite","floor":25,"turns":7},{"damage":0,"enemies":"Gremlin Leader","floor":27,"turns":7},{"damage":10,"enemies":"Shelled Parasite and Fungi","floor":28,"turns":6},{"damage":0,"enemies":"Book of Stabbing","floor":29,"turns":5},{"damage":0,"enemies":"Snecko","floor":30,"turns":5},{"damage":0,"enemies":"Centurion and Healer","floor":31,"turns":8},{"damage":18,"enemies":"Automaton","floor":33,"turns":15},{"damage":0,"enemies":"3 Darklings","floor":35,"turns":5},{"damage":0,"enemies":"Orb Walker","floor":37,"turns":1},{"damage":0,"enemies":"Spire Growth","floor":38,"turns":4},{"damage":32,"enemies":"Nemesis","floor":40,"turns":6},{"damage":0,"enemies":"Reptomancer","floor":42,"turns":6},{"damage":0,"enemies":"Nemesis","floor":44,"turns":7},{"damage":1,"enemies":"Writhing Mass","floor":46,"turns":8},{"damage":50,"enemies":"Time Eater","floor":50,"turns":13}],"seed_played":"-1215666515540205399","potions_obtained":[{"floor":4,"key":"Strength Potion"},{"floor":8,"key":"PowerPotion"},{"floor":11,"key":"Swift Potion"},{"floor":12,"key":"SkillPotion"},{"floor":16,"key":"Strength Potion"},{"floor":18,"key":"Dexterity Potion"},{"floor":28,"key":"CunningPotion"},{"floor":31,"key":"Regen Potion"},{"floor":33,"key":"FearPotion"},{"floor":37,"key":"BlessingOfTheForge"}],"is_trial":false,"path_per_floor":["M","$","?","M","M","E","R","E","T","?","E","M","?","M","R","B",null,"M","?","?","?","$","R","?","M","T","E","M","E","M","M","R","B",null,"M","?","M","M","?","E","?","E","T","E","R","M","$","?","R","B",null],"character_chosen":"THE_SILENT","items_purchased":["Footwork","Escape Plan","Ninja Scroll","Oddly Smooth Stone","DollysMirror","Dagger Throw","Apotheosis+1","Acrobatics+1","Well Laid Plans","Infinite Blades","Infinite Blades"],"campfire_rested":2,"item_purchase_floors":[2,2,22,22,22,22,47,47,47,47,47],"current_hp_per_floor":[43,43,32,32,32,30,30,6,6,6,1,1,1,1,22,22,58,39,39,11,11,11,11,11,11,11,11,1,1,1,1,22,19,57,57,48,48,48,48,16,61,61,61,61,61,60,60,60,60,11],"gold":45,"neow_bonus":"ONE_RARE_RELIC","is_daily":false,"chose_seed":false,"campfire_upgraded":4,"win_rate":0.0,"timestamp":1613415458,"path_taken":["M","$","?","M","M","E","R","E","T","?","E","M","?","M","R","BOSS","M","?","?","?","$","R","?","M","T","E","M","E","?","M","R","BOSS","M","?","M","M","?","E","?","E","T","E","R","M","$","?","R","BOSS"],"items_purchased_type":["Card","Card","Relic","Relic","Relic","Card","Card","Card","Card","Card","Card"],"build_version":"2020-12-22","purchased_purges":0,"victory":true,"max_hp_per_floor":[70,70,70,70,70,70,70,70,70,70,70,70,70,70,70,70,70,70,70,70,70,70,70,70,70,70,70,70,70,70,70,70,70,70,70,70,70,70,70,70,61,61,61,61,61,61,61,61,61,61],"card_choices":[{"not_picked":["Flying Knee","Catalyst"],"picked":"Dagger Spray","floor":1},{"not_picked":["Endless Agony","Escape Plan"],"picked":"Blur","floor":4},{"not_picked":["Expertise","Deflect"],"picked":"Cloak And Dagger","floor":5},{"not_picked":["PiercingWail","Outmaneuver"],"picked":"Glass Knife","floor":6},{"not_picked":["Slice","PiercingWail+1"],"picked":"Escape Plan+1","floor":8},{"not_picked":["Predator","Outmaneuver+1"],"picked":"Prepared+1","floor":11},{"not_picked":["Outmaneuver+1","Caltrops"],"picked":"Underhanded Strike","floor":12},{"not_picked":["Poisoned Stab","Accuracy"],"picked":"Backflip+1","floor":14},{"not_picked":["Doppelganger+1","After Image"],"picked":"Glass Knife","floor":16},{"not_picked":["Sucker Punch+1","Dodge and Roll+1"],"picked":"Blade Dance+1","floor":18},{"not_picked":["Poisoned Stab","Sucker Punch"],"picked":"Dodge and Roll+1","floor":20},{"not_picked":["Deflect+1","Distraction+1"],"picked":"Backflip+1","floor":25},{"not_picked":["Corpse Explosion+1","Catalyst+1"],"picked":"Underhanded Strike","floor":27},{"not_picked":["All Out Attack","Skewer+1"],"picked":"PiercingWail+1","floor":28},{"not_picked":["Outmaneuver+1","Poisoned Stab"],"picked":"Backflip+1","floor":29},{"not_picked":["Sucker Punch","Riddle With Holes","Slice"],"picked":"SKIP","floor":30},{"not_picked":["Dagger Spray","Bane"],"picked":"Dagger Throw","floor":31},{"not_picked":["Unload","Phantasmal Killer+1"],"picked":"A Thousand Cuts","floor":33},{"not_picked":["Skewer+1","Sucker Punch"],"picked":"Blade Dance+1","floor":35},{"not_picked":["Outmaneuver+1","Sucker Punch+1"],"picked":"Dash","floor":37},{"not_picked":["Glass Knife","Underhanded Strike"],"picked":"Noxious Fumes+1","floor":38},{"not_picked":["Riddle With Holes","Concentrate+1"],"picked":"Acrobatics+1","floor":40},{"not_picked":["Flying Knee","Acrobatics+1"],"picked":"Footwork+1","floor":42},{"not_picked":["Caltrops","Masterful Stab"],"picked":"Blur+1","floor":44},{"not_picked":["Underhanded Strike","Deadly Poison+1","Venomology+1"],"picked":"SKIP","floor":46}],"player_experience":689047,"relics_obtained":[{"floor":6,"key":"The Courier"},{"floor":8,"key":"Toxic Egg 2"},{"floor":9,"key":"Kunai"},{"floor":11,"key":"PreservedInsect"},{"floor":20,"key":"Red Mask"},{"floor":26,"key":"InkBottle"},{"floor":27,"key":"Bottled Lightning"},{"floor":29,"key":"Nunchaku"},{"floor":40,"key":"Juzu Bracelet"},{"floor":42,"key":"Blood Vial"},{"floor":43,"key":"Happy Flower"},{"floor":44,"key":"Boot"}],"event_choices":[{"damage_healed":0,"gold_gain":75,"player_choice":"Gather Gold","damage_taken":11,"max_hp_gain":0,"max_hp_loss":0,"event_name":"World of Goop","floor":3,"gold_loss":0},{"damage_healed":0,"gold_gain":0,"cards_transformed":["Defend_G"],"player_choice":"Change","damage_taken":0,"max_hp_gain":0,"max_hp_loss":0,"event_name":"Living Wall","floor":10,"gold_loss":0,"cards_obtained":["Dash"]},{"damage_healed":0,"gold_gain":30,"player_choice":"Searched \u00271\u0027 times","damage_taken":0,"max_hp_gain":0,"max_hp_loss":0,"event_name":"Dead Adventurer","floor":13,"gold_loss":0},{"damage_healed":0,"gold_gain":99,"player_choice":"Stole From Cult","damage_taken":0,"max_hp_gain":0,"max_hp_loss":0,"event_name":"Nest","floor":19,"gold_loss":0},{"damage_healed":0,"gold_gain":0,"player_choice":"Fought Bandits","damage_taken":0,"max_hp_gain":0,"max_hp_loss":0,"event_name":"Masked Bandits","floor":20,"gold_loss":0},{"damage_healed":0,"gold_gain":0,"player_choice":"Ignored","damage_taken":0,"max_hp_gain":0,"max_hp_loss":0,"event_name":"Cursed Tome","floor":21,"gold_loss":0},{"damage_healed":0,"gold_gain":0,"player_choice":"Smashed Altar","damage_taken":0,"max_hp_gain":0,"max_hp_loss":0,"event_name":"Forgotten Altar","floor":24,"gold_loss":0,"cards_obtained":["Decay"]},{"damage_healed":0,"gold_gain":0,"player_choice":"Embrace Madness","damage_taken":9,"max_hp_gain":0,"max_hp_loss":0,"event_name":"Winding Halls","floor":36,"gold_loss":0,"cards_obtained":["Madness","Madness"]},{"cards_removed":["Defend_G"],"damage_healed":0,"gold_gain":0,"player_choice":"Removed Skill","damage_taken":0,"max_hp_gain":0,"max_hp_loss":0,"event_name":"Falling","floor":39,"gold_loss":0},{"damage_healed":61,"gold_gain":0,"player_choice":"Heal","damage_taken":0,"max_hp_gain":0,"max_hp_loss":9,"event_name":"The Moai Head","floor":41,"gold_loss":0},{"damage_healed":0,"gold_gain":0,"cards_transformed":["Decay"],"player_choice":"Transformed","damage_taken":0,"max_hp_gain":0,"max_hp_loss":0,"event_name":"Transmorgrifier","floor":48,"gold_loss":0,"cards_obtained":["Normality"]}],"is_beta":false,"boss_relics":[{"not_picked":["Fusion Hammer","Black Star"],"picked":"HoveringKite"},{"not_picked":["Busted Crown","Velvet Choker"],"picked":"Coffee Dripper"}],"items_purged_floors":[],"is_endless":false,"potions_floor_spawned":[4,8,11,12,16,18,28,31,33,37,40,46],"ascension_level":13}}