{"host":"y36bp6mnm73x3iob","time":1613417115,"event":{"mods":["2.2 Compatiblity","BaseMod","Bossed Relics","GifTheSpireLib","Hermit","Minty Spire (QoL Compilation)","Reliquary","StSLib"],"gold_per_floor":[117,129,129,129,141,141,141,96,96,96,96,96,111,39,39,39,39],"floor_reached":16,"language":"ENG","playtime":342,"items_purged":[],"score":97,"play_id":"6f76da63-f168-4ee3-977c-41082f0a975d","local_time":"20210215212515","is_ascension_mode":true,"campfire_choices":[{"data":"hermit:Coalescence","floor":7,"key":"SMITH"},{"data":"hermit:Glare","floor":11,"key":"SMITH"},{"data":"hermit:Determination","floor":15,"key":"SMITH"}],"circlet_count":0,"master_deck":["hermit:Strike_Hermit","hermit:Strike_Hermit","hermit:Strike_Hermit","hermit:Strike_Hermit","hermit:Defend_Hermit","hermit:Defend_Hermit","hermit:Defend_Hermit","hermit:Defend_Hermit","hermit:Snapshot","hermit:Covet","hermit:Coalescence+1","hermit:BlackWind","hermit:Glare+1","Regret","hermit:Determination+1"],"relics":["hermit:Momento","NeowsBlessing","FaceOfCleric","hermit:Horseshoe","Blue Candle","Golden Idol","hermit:RyeStalk"],"acts_visited":["Exordium"],"potions_floor_usage":[16,16],"damage_taken":[{"damage":0,"enemies":"2 Louse","floor":1,"turns":1},{"damage":0,"enemies":"Cultist","floor":2,"turns":1},{"damage":0,"enemies":"Small Slimes","floor":5,"turns":1},{"damage":8,"enemies":"Blue Slaver","floor":13,"turns":3},{"damage":64,"enemies":"The Guardian","floor":16,"turns":10}],"seed_played":"6623228006009421483","potions_obtained":[{"floor":2,"key":"LiquidBronze"},{"floor":13,"key":"SneckoOil"}],"is_trial":false,"path_per_floor":["M","M","?","?","M","?","R","$","T","?","R","?","M","$","R","B"],"character_chosen":"HERMIT","items_purchased":["hermit:Glare","hermit:Determination"],"campfire_rested":0,"item_purchase_floors":[8,14],"current_hp_per_floor":[75,75,75,75,76,73,73,73,73,70,70,70,63,63,63,0,0],"gold":39,"neow_bonus":"THREE_ENEMY_KILL","is_daily":false,"chose_seed":false,"campfire_upgraded":3,"win_rate":0.0,"timestamp":1613417115,"path_taken":["M","M","?","?","?","?","R","$","T","?","R","?","M","?","R","BOSS"],"items_purchased_type":["Card","Card"],"build_version":"2020-12-22","purchased_purges":0,"victory":false,"max_hp_per_floor":[75,75,75,75,76,76,76,76,76,70,70,70,71,71,71,71,71],"card_choices":[{"not_picked":["hermit:HighCaliber","hermit:CalledShot"],"picked":"hermit:Coalescence","floor":1},{"not_picked":["hermit:WideOpen","hermit:Headshot"],"picked":"hermit:BlackWind","floor":2},{"not_picked":["hermit:LowProfile","hermit:HighCaliber","hermit:Desperado"],"picked":"SKIP","floor":5},{"not_picked":["hermit:Vantage","hermit:Misfire","hermit:Horror"],"picked":"SKIP","floor":13}],"player_experience":555087,"relics_obtained":[{"floor":9,"key":"Blue Candle"}],"event_choices":[{"damage_healed":0,"gold_gain":0,"player_choice":"Leave","damage_taken":0,"max_hp_gain":0,"max_hp_loss":0,"event_name":"The Cleric","floor":3,"gold_loss":0},{"damage_healed":0,"gold_gain":0,"player_choice":"Trade","damage_taken":0,"relics_obtained":["FaceOfCleric"],"max_hp_gain":0,"max_hp_loss":0,"event_name":"FaceTrader","floor":4,"gold_loss":0},{"damage_healed":0,"gold_gain":0,"player_choice":"Success","damage_taken":3,"relics_obtained":["hermit:Horseshoe"],"max_hp_gain":0,"max_hp_loss":0,"event_name":"Scrap Ooze","floor":6,"gold_loss":0},{"damage_healed":0,"gold_gain":0,"player_choice":"Lose Max HP","damage_taken":0,"relics_obtained":["Golden Idol"],"max_hp_gain":0,"max_hp_loss":6,"event_name":"Golden Idol","floor":10,"gold_loss":0},{"damage_healed":0,"gold_gain":0,"player_choice":"Box","damage_taken":0,"relics_obtained":["hermit:RyeStalk"],"max_hp_gain":0,"max_hp_loss":0,"event_name":"Big Fish","floor":12,"gold_loss":0,"cards_obtained":["Regret"]}],"is_beta":false,"boss_relics":[],"items_purged_floors":[],"is_endless":false,"potions_floor_spawned":[2,13],"killed_by":"The Guardian","ascension_level":2}}