{"host":"m5ot5sucdtsdvl98","time":1613356387,"event":{"mods":["Act Like it!","BaseMod","Friendly Minions","GungeonMod","Minty Spire (QoL Compilation)","StSLib","SuperFastMode","The Blackbeard","The Jungle","Waifu the Spire"],"gold_per_floor":[110,121,121,141,141,170,186,196,223,223,234,234,255,270,270,367,367,378,397,397,409,409,409,427,438,507,17,37,72,72,99,99,99,99,99],"floor_reached":33,"language":"KOR","playtime":1249,"items_purged":["blackbeard:BlackbeardStrike"],"score":321,"play_id":"267a45da-9ea7-4150-83c1-f27819a85208","local_time":"20210215113307","is_ascension_mode":false,"campfire_choices":[{"data":"blackbeard:Revenge","floor":12.0,"key":"SMITH"},{"data":"blackbeard:CannonballSupply","floor":15,"key":"SMITH"},{"data":"RitualDagger","floor":23,"key":"SMITH"},{"data":"blackbeard:CloakAndCannonball","floor":30,"key":"SMITH"},{"floor":32,"key":"REST"}],"circlet_count":0,"master_deck":["blackbeard:BlackbeardStrike","blackbeard:BlackbeardStrike","blackbeard:IntimidatingStrike","blackbeard:BlackbeardDefend","blackbeard:BlackbeardDefend","blackbeard:BlackbeardDefend+1","blackbeard:Cutlass+1","blackbeard:BlindAttacks","blackbeard:Dagger","blackbeard:CannonballSupply+1","blackbeard:SmithingHammer","blackbeard:Revenge+1","blackbeard:FieryDefense","blackbeard:Halberd","blackbeard:CloakAndCannonball+1","RitualDagger+1","blackbeard:CloakAndCannonball","blackbeard:DoubleCannonball+1"],"relics":["blackbeard:LoadTheGoldenCannons","NeowsBlessing","blackbeard:HipFlask","Smiling Mask","Odd Mushroom","blackbeard:MagicalCauldron","Molten Egg 2","Ice Cream","PreservedInsect","Red Mask","DemoMod:WeirdEgg"],"acts_visited":["Exordium","TheCity"],"potions_floor_usage":[13,16,16,16,21,29,29,29,31,33,33],"damage_taken":[{"damage":0.0,"enemies":"2 Louse","floor":1.0,"turns":1.0},{"damage":0.0,"enemies":"Jaw Worm","floor":2.0,"turns":1.0},{"damage":0.0,"enemies":"Small Slimes","floor":4.0,"turns":1.0},{"damage":36.0,"enemies":"3 Sentries","floor":6.0,"turns":6.0},{"damage":0.0,"enemies":"2 Fungi Beasts","floor":7.0,"turns":2.0},{"damage":10.0,"enemies":"Exordium Wildlife","floor":8.0,"turns":2.0},{"damage":1.0,"enemies":"Blue Slaver","floor":11.0,"turns":3.0},{"damage":2,"enemies":"The Mushroom Lair","floor":13,"turns":3},{"damage":0,"enemies":"Large Slime","floor":14,"turns":2},{"damage":0,"enemies":"Slime Boss","floor":16,"turns":5},{"damage":4,"enemies":"Chosen","floor":18,"turns":5},{"damage":9,"enemies":"Spheric Guardian","floor":19,"turns":5},{"damage":25,"enemies":"Shelled Parasite and Fungi","floor":21,"turns":5},{"damage":3,"enemies":"Cultist and Chosen","floor":24,"turns":4},{"damage":8,"enemies":"Snecko","floor":25,"turns":3},{"damage":10,"enemies":"Shelled Parasite and Fungi","floor":28,"turns":3},{"damage":2,"enemies":"Masked Bandits","floor":29,"turns":2},{"damage":9,"enemies":"Slavers","floor":31,"turns":3},{"damage":45,"enemies":"Champ","floor":33,"turns":6}],"seed_played":"-8557380042015634636","potions_obtained":[{"floor":2.0,"key":"DemoMod:LeadSkinPotion"},{"floor":6.0,"key":"DuplicationPotion"},{"floor":7.0,"key":"EssenceOfSteel"},{"floor":14,"key":"AttackPotion"},{"floor":18,"key":"BlessingOfTheForge"},{"floor":24,"key":"Strength Potion"},{"floor":31,"key":"AttackPotion"}],"is_trial":false,"path_per_floor":["M","M","?","M","?","E","M","M","T","?","M","R","?","M","R","B",null,"M","M","?","M","?","R","M","M","T","$","M","?","R","E","R","B"],"character_chosen":"BLACKBEARD_CLASS","items_purchased":["Ice Cream","PreservedInsect"],"campfire_rested":1,"item_purchase_floors":[27,27],"current_hp_per_floor":[75,75,75,75,68,32,32,22,22,7,6,6,4,4,4,4,75,71,62,62,37,31,31,28,20,20,20,10,13,13,4,26,0,0,0],"gold":99,"neow_bonus":"THREE_ENEMY_KILL","is_daily":false,"chose_seed":false,"campfire_upgraded":4,"win_rate":0.0,"timestamp":1613356387,"path_taken":["M","M","?","M","?","E","M","M","T","?","?","R","?","M","R","BOSS","M","M","?","M","?","R","?","M","T","$","M","?","R","E","R","BOSS"],"items_purchased_type":["Relic","Relic"],"build_version":"2020-12-22","purchased_purges":1,"victory":false,"max_hp_per_floor":[75,75,75,75,75,75,75,75,75,75,75,75,75,75,75,75,75,75,75,75,75,75,75,75,75,75,75,75,75,75,75,75,75,75,75],"card_choices":[{"not_picked":["blackbeard:Sharpening","blackbeard:Sword"],"picked":"blackbeard:BlindAttacks","floor":1.0},{"not_picked":["blackbeard:Toast","blackbeard:PirateEarring"],"picked":"blackbeard:Dagger","floor":2.0},{"not_picked":["blackbeard:FishingNets","blackbeard:Scrap"],"picked":"blackbeard:CannonballSupply","floor":4.0},{"not_picked":["blackbeard:Sword","blackbeard:Toast"],"picked":"blackbeard:SmithingHammer","floor":6.0},{"not_picked":["blackbeard:Dagger","blackbeard:TacticalRetreat"],"picked":"blackbeard:Revenge","floor":7.0},{"not_picked":["blackbeard:Spear","blackbeard:Sword"],"picked":"blackbeard:FieryDefense","floor":8.0},{"not_picked":["blackbeard:TheDrunkenSailor","blackbeard:Spear","blackbeard:GoldenDefense"],"picked":"SKIP","floor":11.0},{"not_picked":["blackbeard:DelayedPain","blackbeard:Boarding","blackbeard:Sword"],"picked":"SKIP","floor":14},{"not_picked":["blackbeard:Intoxication","blackbeard:PowerHungry"],"picked":"blackbeard:Halberd","floor":16},{"not_picked":["blackbeard:WiseDefense","blackbeard:DelayedPain","blackbeard:PowderKeg"],"picked":"SKIP","floor":18},{"not_picked":["blackbeard:FieryDefense","blackbeard:DeadlyArsenal"],"picked":"blackbeard:CloakAndCannonball","floor":19},{"not_picked":["blackbeard:CatONineTails+1","blackbeard:Recklessness","blackbeard:BlindAttacks"],"picked":"SKIP","floor":21},{"not_picked":["blackbeard:TacticalRetreat","blackbeard:BlindAttacks","blackbeard:DeadlyArsenal+1"],"picked":"SKIP","floor":24},{"not_picked":["blackbeard:GhostInTheRum","blackbeard:BuriedTreasure"],"picked":"blackbeard:CloakAndCannonball","floor":25},{"not_picked":["blackbeard:Fencing","blackbeard:GoldenDefense","blackbeard:Boarding+1"],"picked":"SKIP","floor":28},{"not_picked":["blackbeard:TerrorOfTheSeas","blackbeard:JollyRoger"],"picked":"blackbeard:DoubleCannonball+1","floor":29},{"not_picked":["blackbeard:GoldenStrike+1","blackbeard:Fencing+1","blackbeard:VengefulSpirit"],"picked":"SKIP","floor":31}],"player_experience":223269,"relics_obtained":[{"floor":6.0,"key":"blackbeard:HipFlask"},{"floor":9.0,"key":"Smiling Mask"},{"floor":13,"key":"Odd Mushroom"},{"floor":26,"key":"Molten Egg 2"},{"floor":29,"key":"Red Mask"},{"floor":31,"key":"DemoMod:WeirdEgg"}],"event_choices":[{"cards_removed":["blackbeard:BlackbeardStrike"],"damage_healed":0.0,"max_hp_gain":0.0,"max_hp_loss":0.0,"gold_gain":0.0,"event_name":"Living Wall","player_choice":"Forget","floor":3.0,"gold_loss":0.0,"damage_taken":0.0},{"cards_removed":["blackbeard:BlackbeardDefend"],"damage_healed":0.0,"max_hp_gain":0.0,"max_hp_loss":0.0,"gold_gain":0.0,"event_name":"Golden Wing","player_choice":"Card Removal","floor":5.0,"gold_loss":0.0,"damage_taken":7.0},{"damage_healed":0.0,"max_hp_gain":0.0,"max_hp_loss":0.0,"gold_gain":0.0,"event_name":"Shining Light","player_choice":"Entered Light","floor":10.0,"gold_loss":0.0,"damage_taken":15.0,"cards_upgraded":["blackbeard:Cutlass","blackbeard:BlackbeardDefend"]},{"damage_healed":0,"gold_gain":0,"player_choice":"Fought Mushrooms","damage_taken":0,"max_hp_gain":0,"max_hp_loss":0,"event_name":"Mushrooms","floor":13,"gold_loss":0},{"damage_healed":0,"gold_gain":0,"player_choice":"Opened","damage_taken":0,"relics_obtained":["blackbeard:MagicalCauldron"],"max_hp_gain":0,"max_hp_loss":0,"event_name":"The Mausoleum","floor":20,"gold_loss":0},{"damage_healed":0,"gold_gain":0,"player_choice":"Joined the Cult","damage_taken":6,"max_hp_gain":0,"max_hp_loss":0,"event_name":"Nest","floor":22,"gold_loss":0,"cards_obtained":["RitualDagger"]},{"damage_healed":0,"gold_gain":0,"player_choice":"Fought Bandits","damage_taken":0,"max_hp_gain":0,"max_hp_loss":0,"event_name":"Masked Bandits","floor":29,"gold_loss":0}],"is_beta":false,"boss_relics":[{"not_picked":["Black Star","Fusion Hammer"],"picked":"blackbeard:LoadTheGoldenCannons"}],"items_purged_floors":[27],"is_endless":false,"potions_floor_spawned":[2,6,7,11,14,18,24,25,28,31],"killed_by":"Champ","ascension_level":0}}