{"host":"b7dyfc527bmrkvbm","time":1613419994,"event":{"mods":["2.2 Compatiblity","Act Like it!","BaseMod","Better Altar","Better Match","Better Note","Better Sensory Stone","Better Skull","Better Third Choice","BetterRewards","Conspire","Downfall","Duelist Mod","Ekko","Elementarium","Hubris","Infinite Spire","Mimic Mod","Minty Spire (QoL Compilation)","Rare Cards Sparkle","Reliquary","Replay The Spire","Shop Mod","Smile Girya","Spire Arcade","StSLib","The Accelerator","The Animator","The Blackbeard","The Construct","The Cursed","The Disciple","The Jungle","The Runesmith","The Vixen"],"gold_per_floor":[99,114,564,576,576,576,576,144,157,157,174,74,99,117,136,236,236,136,51,51,51,69,85,85,113,113,145,161,180,6,26,46,46,46,46],"floor_reached":33,"language":"ENG","playtime":3163,"items_purged":["champ:Defend"],"score":466,"play_id":"22d208c7-10a5-40e5-8cac-fe56450d7471","local_time":"20210215151314","is_ascension_mode":false,"campfire_choices":[{"floor":1,"key":"DIG"},{"data":"champ:FaceSlap","floor":6,"key":"SMITH"},{"floor":10,"key":"RECALL"},{"data":"champ:BringItOn","floor":12,"key":"SMITH"},{"data":"champ:StrikeOfGenius","floor":18,"key":"SMITH"},{"data":"champ:StanceDance","floor":26,"key":"SMITH"}],"circlet_count":0,"master_deck":["champ:Strike+1","champ:Defend","champ:Execute","champ:Taunt+1","champ:RapidStrikes+1","downfall:Icky","downfall:Icky","downfall:Icky","champ:FaceSlap+1","downfall:Malfunctioning","champ:TripleStrike","champ:StanceDance+1","champ:RecklessLeap","champ:BringItOn+1","champ:FocusedBerserking","champ:CalledShot","champ:HeartStrike","champ:StrikeOfGenius+1","champ:TripleStrike","Overencumbered","champ:FaceSlap","champ:StrikeOfGenius+1","champ:Backstep","champ:EndlessRage+1","champ:BringItOn","champ:FocusedDefense","ReplayTheSpireMod:Brewmster","champ:AdrenalArmor","champ:PerfectedStrike"],"relics":["champ:ChampionCrown","Lantern","PreservedInsect","Toolbox","Replay:Mystery Machine","downfall:HeartBlessingRed","Pet Ghost","Kintsugi","downfall:HeartBlessingGreen","Eternal Feather","Replay:Wax Seal","Du-Vu Doll","Mirror"],"acts_visited":["Exordium","TheCity"],"potions_floor_usage":[23,27,30,30,30,33,33],"damage_taken":[{"damage":10,"enemies":"Small Slimes","floor":2,"turns":3},{"damage":12,"enemies":"conspire:RoseBush","floor":4,"turns":4},{"damage":15,"enemies":"downfall:FleeingMerchant","floor":8,"turns":4},{"damage":15,"enemies":"2 Louse","floor":9,"turns":1},{"damage":24,"enemies":"Red Slaver","floor":11,"turns":3},{"damage":20,"enemies":"Gremlin Nob","floor":13,"turns":2},{"damage":26,"enemies":"Lots of Slimes","floor":14,"turns":2},{"damage":22,"enemies":"downfall:LooterAlt","floor":15,"turns":3},{"damage":68,"enemies":"DF_ARCHETYPE_STREAMLINE","floor":16,"turns":7},{"damage":79,"enemies":"3 Byrds","floor":19,"turns":6},{"damage":38,"enemies":"Chosen","floor":22,"turns":4},{"damage":38,"enemies":"Sentry and Sphere","floor":23,"turns":4},{"damage":30,"enemies":"theDuelist:KaibaA2","floor":25,"turns":2},{"damage":60,"enemies":"Slavers","floor":27,"turns":4},{"damage":29,"enemies":"Snake Plant","floor":28,"turns":2},{"damage":24,"enemies":"Centurion and Healer","floor":29,"turns":3},{"damage":10,"enemies":"downfall:FleeingMerchant","floor":30,"turns":4},{"damage":27,"enemies":"Cultist and Chosen","floor":31,"turns":4},{"damage":17,"enemies":"conspire:HollyBat","floor":32,"turns":6},{"damage":25,"enemies":"WA_ARCHETYPE_CALM","floor":33,"turns":5}],"seed_played":"161626728550720026","potions_obtained":[{"floor":2,"key":"Dexterity Potion"},{"floor":11,"key":"Languid Potion"},{"floor":13,"key":"champ:TechniquePotion"},{"floor":19,"key":"SkillPotion"},{"floor":28,"key":"champ:CounterPotion"},{"floor":29,"key":"AttackPotion"},{"floor":31,"key":"hexamod:SoulburnPotion"}],"is_trial":false,"path_per_floor":["R","M","?","M","?","R","T","$","M","R","M","R","E","M","M","B",null,"R","M","?","?","M","M","T","E","R","E","M","M","$","M","M","B"],"character_chosen":"THE_CHAMP","items_purchased":["champ:StanceDance","champ:RecklessLeap","Toolbox","Replay:Mystery Machine","Mirror","ReplayTheSpireMod:Brewmster"],"campfire_rested":0,"item_purchase_floors":[8,8,8,8,30,30],"current_hp_per_floor":[99,99,99,97,97,97,97,97,97,97,83,83,83,77,70,37,99,99,70,55,55,52,49,49,49,61,41,32,18,18,18,12,0,0,0],"gold":46,"neow_bonus":"TEN_PERCENT_HP_BONUS","is_daily":false,"chose_seed":false,"campfire_upgraded":4,"win_rate":0.0,"timestamp":1613419994,"path_taken":["R","M","?","M","?","R","T","$","M","R","M","R","E","M","M","BOSS","R","M","?","?","?","M","T","E","R","E","M","?","?","M","M","BOSS"],"items_purchased_type":["Card","Card","Relic","Relic","Relic","Card"],"build_version":"2020-12-22","purchased_purges":1,"victory":false,"max_hp_per_floor":[99,99,99,99,99,99,99,99,99,99,99,99,99,99,99,99,99,99,99,99,99,99,99,99,99,99,99,99,99,99,99,99,99,99,99],"card_choices":[{"not_picked":["champ:Backstep","champ:EnGarde"],"picked":"champ:RapidStrikes","floor":2},{"not_picked":["champ:EnGarde","champ:AdrenalArmor"],"picked":"champ:FaceSlap","floor":4},{"not_picked":["champ:Shatter","champ:Haymaker"],"picked":"champ:TripleStrike","floor":8},{"not_picked":["champ:EnGarde","champ:CalledShot"],"picked":"champ:BringItOn","floor":9},{"not_picked":["champ:HeartStrike","champ:Backstep"],"picked":"champ:FocusedBerserking","floor":11},{"not_picked":["champ:TornadoPunch","champ:PreemptiveStrike"],"picked":"champ:CalledShot","floor":13},{"not_picked":["champ:CrownThrow","champ:FalseCounter"],"picked":"champ:HeartStrike","floor":14},{"not_picked":["champ:HeartStrike","champ:ShieldSlam"],"picked":"champ:StrikeOfGenius","floor":15},{"not_picked":["champ:Devastate","champ:VampiricStrike"],"picked":"champ:TripleStrike","floor":16},{"not_picked":["champ:CalledShot","champ:BerserkersShout"],"picked":"champ:FaceSlap","floor":19},{"not_picked":["champ:GutPunch+1","champ:Haymaker"],"picked":"champ:Backstep","floor":22},{"not_picked":["champ:BringItOn","champ:EnGarde","champ:FalseCounter"],"picked":"SKIP","floor":23},{"not_picked":["champ:BladeFlurry","champ:EnGarde+1","champ:SteelEdge"],"picked":"SKIP","floor":25},{"not_picked":["champ:Shatter","champ:FlashCut+1"],"picked":"champ:EndlessRage+1","floor":27},{"not_picked":["champ:TornadoPunch+1","champ:BladeFlurry"],"picked":"champ:BringItOn","floor":28},{"not_picked":["champ:Shatter","champ:PreciseThrust+1"],"picked":"champ:FocusedDefense","floor":29},{"not_picked":["champ:CalledShot+1","champ:FlashCut","champ:Parry"],"picked":"SKIP","floor":30},{"not_picked":["champ:BringItOn","champ:HeartStrike+1"],"picked":"champ:AdrenalArmor","floor":31},{"not_picked":["champ:FlashCut","champ:FaceSlap"],"picked":"champ:PerfectedStrike","floor":32}],"player_experience":618754,"relics_obtained":[{"floor":1,"key":"Lantern"},{"floor":7,"key":"PreservedInsect"},{"floor":13,"key":"Pet Ghost"},{"floor":24,"key":"Eternal Feather"},{"floor":25,"key":"Replay:Wax Seal"},{"floor":27,"key":"Du-Vu Doll"}],"event_choices":[],"is_beta":false,"boss_relics":[{"not_picked":["Busted Crown","Runesmith:UraniumAnvil"],"picked":"Kintsugi"}],"items_purged_floors":[30],"is_endless":false,"potions_floor_spawned":[2,11,13,16,19,28,29,31],"killed_by":"WA_ARCHETYPE_CALM","ascension_level":0}}