{"host":"ura9vbtm363prie8","time":1613383302,"event":{"mods":["BaseMod","JesterMod","Minty Spire (QoL Compilation)","Prisma Mod","Remilia£®¿Ÿ√◊¿Ú—«£©","StSLib","The Alterego","The Bug Knight","The Servant 0.9.4","Waifu the Spire","Youmu£®ªÍ∆«—˝√Œ£©","noobMod"],"gold_per_floor":[116,132,150,166,182,217,231,256,256,33,48,94,7,41,41,158,208,228,241,241,241,44,75,85,120,120,120,148,168,168,202,202,302,302,321,321,355,405,405,471,75,85,85,96,124,124,198,198,198,218],"floor_reached":51,"language":"ZHT","playtime":6287,"items_purged":["Defend_RM","Defend_RM","Defend_RM","Strike_RM"],"score":1033,"play_id":"ef6efd27-5f2b-43dc-9096-d23374a0c3b7","local_time":"20210215180142","is_ascension_mode":true,"campfire_choices":[{"data":"FitfulNightmare","floor":15,"key":"SMITH"},{"data":"KillingBlow","floor":32,"key":"SMITH"},{"floor":46,"key":"RECALL"},{"data":"Strike_RM","floor":49,"key":"PURGE"}],"circlet_count":0,"master_deck":["Strike_RM+1","Strike_RM","RedMoon","ScarletShoot+1","BadLadyScramble","ScarletDevil+1","ScarletImprint","BloodyHallows","BloodHunter","DiffusionOfMisfortune","FitfulNightmare+1","TransientEternity+1","FavorOfDestiny","CharismaGuard","StarOfDavid","UnderTheZenith+1","NightDance","MillenniumVampire","VampirishNight","UltimateOffering","KillingBlow+1","DiffusionOfMisfortune","BombardNight+1","Stigmanizer","BombardNight","CharismaGuard","VampireFantasy","ScarletDevil+1","ScarletDream","Ultimatum+1","ChainGang+1","ReincarnationDial","VampirishNight+1","BloodySeventeenLaser","FavorOfDestiny+1","Ultimatum+1","FitfulNightmare+1","VampireClaw+1","ScarletGensokyo","QueenOfMidnight","EndlessAdversity","AfternoonTea+1","MastersStateliness","ScarletDevil","ScarletDevilSign+1"],"relics":["ScarletHat","ice","Meat on the Bone","Smiling Mask","White Beast Statue","Ice Cream","Tiny House","MutagenicStrength","alterego_mod:SomeoneToFightFor","Centennial Puzzle","WingedGreaves","Sundial","Incense Burner","Nilry\u0027s Codex","APieceOfRedMist","TungstenRod","Mummified Hand","Whetstone","Chemical X","Question Card","HollowMod:PaleOreRelic","Peace Pipe"],"acts_visited":["Exordium","TheCity","TheBeyond"],"potions_floor_usage":[6,8,12,12,16,16,16,16,16,18,33,50,50],"damage_taken":[{"damage":1,"enemies":"Cultist","floor":1,"turns":3},{"damage":3,"enemies":"Small Slimes","floor":2,"turns":5},{"damage":1,"enemies":"Jaw Worm","floor":3,"turns":4},{"damage":3,"enemies":"2 Fungi Beasts","floor":4,"turns":3},{"damage":50,"enemies":"Exordium Thugs","floor":5,"turns":6},{"damage":15,"enemies":"3 Sentries","floor":6,"turns":7},{"damage":8,"enemies":"Blue Slaver","floor":7,"turns":3},{"damage":31,"enemies":"Lagavulin","floor":8,"turns":4},{"damage":0,"enemies":"2 Fungi Beasts","floor":11,"turns":4},{"damage":27,"enemies":"Gremlin Nob","floor":12,"turns":4},{"damage":2,"enemies":"Looter","floor":14,"turns":4},{"damage":24,"enemies":"Slime Boss","floor":16,"turns":5},{"damage":1,"enemies":"Spheric Guardian","floor":18,"turns":4},{"damage":52,"enemies":"Shell Parasite","floor":19,"turns":4},{"damage":36,"enemies":"HollowMod:Nosk","floor":23,"turns":4},{"damage":22,"enemies":"Snake Plant","floor":24,"turns":5},{"damage":39,"enemies":"Book of Stabbing","floor":25,"turns":4},{"damage":43,"enemies":"Gremlin Leader","floor":28,"turns":2},{"damage":19,"enemies":"Centurion and Healer","floor":29,"turns":4},{"damage":0,"enemies":"Cultist and Chosen","floor":31,"turns":5},{"damage":170,"enemies":"Champ","floor":33,"turns":8},{"damage":0,"enemies":"Orb Walker","floor":35,"turns":1},{"damage":73,"enemies":"3 Darklings","floor":37,"turns":2},{"damage":8,"enemies":"Mind Bloom Boss Battle","floor":38,"turns":2},{"damage":0,"enemies":"Giant Head","floor":40,"turns":5},{"damage":37,"enemies":"Transient","floor":42,"turns":5},{"damage":0,"enemies":"Sphere and 2 Shapes","floor":44,"turns":2},{"damage":0,"enemies":"Nemesis","floor":45,"turns":3},{"damage":7,"enemies":"2 Orb Walkers","floor":47,"turns":3},{"damage":146,"enemies":"Time Eater","floor":50,"turns":7}],"seed_played":"-8740948776936443701","potions_obtained":[{"floor":1,"key":"DuplicationPotion"},{"floor":2,"key":"GamblersBrew"},{"floor":6,"key":"SkillPotion"},{"floor":8,"key":"FearPotion"},{"floor":11,"key":"Explosive Potion"},{"floor":12,"key":"EntropicBrew"},{"floor":14,"key":"Regen Potion"},{"floor":16,"key":"Fruit Juice"},{"floor":17,"key":"FearPotion"},{"floor":18,"key":"Weak Potion"},{"floor":25,"key":"BlessingOfTheForge"},{"floor":33,"key":"Dexterity Potion"}],"is_trial":false,"path_per_floor":["M","M","M","M","M","E","M","E","T","$","M","E","$","M","R","B",null,"M","M","?","?","$","E","M","E","T","?","E","M","?","M","R","B",null,"M","?","M","?","T","E","$","M","T","M","E","R","?","?","R","B",null],"character_chosen":"REMILIA","items_purchased":["FavorOfDestiny","CharismaGuard","StarOfDavid","UnderTheZenith","VampirishNight","BombardNight","CharismaGuard","VampireFantasy","QueenOfMidnight","EndlessAdversity","Chemical X"],"campfire_rested":0,"item_purchase_floors":[10,10,10,10,13,22,22,22,41,41,41],"current_hp_per_floor":[81,79,78,75,27,82,80,54,54,54,55,51,51,52,52,55,107,106,69,69,69,69,51,43,26,26,26,25,22,6,42,42,136,136,136,129,89,101,101,132,132,136,136,136,136,136,141,141,141,146],"gold":218,"neow_bonus":"TEN_PERCENT_HP_BONUS","is_daily":false,"chose_seed":false,"campfire_upgraded":2,"win_rate":0.0,"timestamp":1613383302,"path_taken":["M","M","M","M","M","E","M","E","T","?","M","E","$","M","R","BOSS","M","M","?","?","$","E","M","E","T","?","E","?","?","M","R","BOSS","M","?","M","?","?","E","$","?","T","M","E","R","?","?","R","BOSS"],"items_purchased_type":["Card","Card","Card","Card","Card","Card","Card","Card","Card","Card","Relic"],"build_version":"2020-12-22","purchased_purges":4,"victory":true,"max_hp_per_floor":[82,82,82,82,82,84,86,88,88,88,91,93,93,96,96,102,107,110,114,114,114,114,116,122,126,126,126,126,128,128,133,133,136,136,136,129,130,130,130,132,132,136,136,136,137,137,141,141,141,146],"card_choices":[{"not_picked":["BloodHunter","MastersStateliness"],"picked":"BadLadyScramble","floor":1},{"not_picked":["UnderTheZenith","VampireKiss"],"picked":"ScarletDevil","floor":2},{"not_picked":["StarOfDavid","DevilSight"],"picked":"ScarletImprint","floor":3},{"not_picked":["EndlessAdversity","CharismaGuard"],"picked":"BloodyHallows","floor":4},{"not_picked":["Stigmanizer","UnderTheZenith"],"picked":"BloodHunter","floor":5},{"not_picked":["StarOfDavid","MastersStateliness"],"picked":"DiffusionOfMisfortune","floor":6},{"not_picked":["HunterOfTheNight","ScarletDevilSign"],"picked":"FitfulNightmare","floor":7},{"not_picked":["LeisurelyOfLord","BloodHunter"],"picked":"TransientEternity","floor":8},{"not_picked":["StarOfDavid","MastersStateliness"],"picked":"NightDance","floor":11},{"not_picked":["ChainGang","NightDance"],"picked":"MillenniumVampire","floor":12},{"not_picked":["EternalNight","RedRainbow"],"picked":"UltimateOffering","floor":14},{"not_picked":["HeartBreak","CurseOfVladTepes"],"picked":"KillingBlow","floor":16},{"not_picked":["GlobalNightmare","EmergencyRegeneration"],"picked":"DiffusionOfMisfortune","floor":17},{"not_picked":["Septette","StarOfDavid"],"picked":"BombardNight+1","floor":18},{"not_picked":["NightDance","FavorOfDestiny"],"picked":"Stigmanizer","floor":19},{"not_picked":["EndlessAdversity","TricksterDevil"],"picked":"ScarletDevil+1","floor":23},{"not_picked":["ForbiddenFruit","StarOfDavid"],"picked":"ScarletDream","floor":24},{"not_picked":["CharismaGuard","Septette"],"picked":"Ultimatum+1","floor":25},{"not_picked":["BadLadyScramble","CurseOfVladTepes"],"picked":"ChainGang+1","floor":28},{"not_picked":["VampireSweep","BombardNight"],"picked":"ReincarnationDial","floor":29},{"not_picked":["ScarletDevil","CharismaGuard"],"picked":"VampirishNight+1","floor":31},{"not_picked":["TricksterDevil","CurseOfVladTepes"],"picked":"BloodySeventeenLaser","floor":33},{"not_picked":["MillenniumVampire","RedMagic"],"picked":"FavorOfDestiny+1","floor":35},{"not_picked":["RedRainbow+1","FitfulNightmare"],"picked":"Ultimatum+1","floor":37},{"not_picked":["RedRainbow","VampireSweep"],"picked":"FitfulNightmare+1","floor":38},{"not_picked":["DevilSight","ChainGang+1"],"picked":"VampireClaw+1","floor":40},{"not_picked":["VampirishNight+1","ChainGang+1"],"picked":"ScarletGensokyo","floor":40},{"not_picked":["VampireFantasy","Stigmanizer"],"picked":"AfternoonTea+1","floor":42},{"not_picked":["BloodHunter+1","RedRainbow","Stigmanizer+1"],"picked":"MastersStateliness","floor":44},{"not_picked":["ScarletImprint","BloodHunter","MastersStateliness+1"],"picked":"ScarletDevil","floor":45},{"not_picked":["VampireFantasy+1","BloodyHallows","UnderTheZenith+1"],"picked":"ScarletDevilSign+1","floor":47}],"player_experience":74193,"relics_obtained":[{"floor":6,"key":"Meat on the Bone"},{"floor":8,"key":"Smiling Mask"},{"floor":9,"key":"White Beast Statue"},{"floor":12,"key":"Ice Cream"},{"floor":23,"key":"Centennial Puzzle"},{"floor":25,"key":"WingedGreaves"},{"floor":26,"key":"Sundial"},{"floor":28,"key":"Incense Burner"},{"floor":30,"key":"Nilry\u0027s Codex"},{"floor":38,"key":"TungstenRod"},{"floor":39,"key":"Mummified Hand"},{"floor":40,"key":"Whetstone"},{"floor":43,"key":"Question Card"},{"floor":45,"key":"HollowMod:PaleOreRelic"},{"floor":47,"key":"Peace Pipe"}],"event_choices":[{"damage_healed":0,"gold_gain":0,"player_choice":"Inject Mutagens","damage_taken":0,"relics_obtained":["MutagenicStrength"],"max_hp_gain":0,"max_hp_loss":0,"event_name":"Drug Dealer","floor":20,"gold_loss":0},{"damage_healed":0,"gold_gain":0,"player_choice":"Choice 2","damage_taken":0,"relics_obtained":["alterego_mod:SomeoneToFightFor"],"max_hp_gain":0,"max_hp_loss":0,"event_name":"∞Æµƒ…Ò •ª®‘∞","floor":21,"gold_loss":0},{"cards_removed":["Defend_RM"],"damage_healed":0,"gold_gain":0,"player_choice":"Purged","damage_taken":0,"max_hp_gain":0,"max_hp_loss":0,"event_name":"Purifier","floor":27,"gold_loss":0},{"damage_healed":0,"gold_gain":0,"player_choice":"Obtained Book","damage_taken":16,"max_hp_gain":0,"max_hp_loss":0,"event_name":"Cursed Tome","floor":30,"gold_loss":0},{"damage_healed":0,"gold_gain":0,"player_choice":"Max HP","damage_taken":0,"max_hp_gain":0,"max_hp_loss":7,"event_name":"Winding Halls","floor":36,"gold_loss":0},{"damage_healed":0,"gold_gain":0,"player_choice":"Fight","damage_taken":0,"max_hp_gain":0,"max_hp_loss":0,"event_name":"MindBloom","floor":38,"gold_loss":0},{"damage_healed":0,"gold_gain":0,"player_choice":"Fight","damage_taken":0,"max_hp_gain":0,"max_hp_loss":0,"event_name":"Mysterious Sphere","floor":47,"gold_loss":0},{"damage_healed":0,"gold_gain":0,"player_choice":"Forge","damage_taken":0,"max_hp_gain":0,"max_hp_loss":0,"event_name":"Accursed Blacksmith","floor":48,"gold_loss":0,"cards_upgraded":["TransientEternity"]}],"is_beta":false,"boss_relics":[{"not_picked":["Runic Pyramid","Fusion Hammer"],"picked":"Tiny House"},{"not_picked":["Busted Crown","Black Star"],"picked":"APieceOfRedMist"}],"items_purged_floors":[10,13,22,41],"is_endless":false,"potions_floor_spawned":[1,2,6,8,11,12,14,16,18,19,23,24,25,28,29,31,33,35,37,38,40,42,44,45,47],"ascension_level":1}}