{"host":"c83fcgyuu74iknko","time":1613385803,"event":{"mods":["BaseMod","BetterRewards","Colored Map","Colored Powertips","Minty Spire (QoL Compilation)","Quick Restart","StSLib","The Animator","The Senshi"],"gold_per_floor":[119,131,141,103,103,103,103,103,103,103,131,11,25,51,51,148,148,160,90,110,125,125,152,152,183,183,202,232,243,275,294,294,391,391,404,404,404,457,367,10,10,25,25,25,25,25,25,56,56,56],"floor_reached":51,"language":"ENG","playtime":2485,"items_purged":[],"score":1210,"play_id":"1f7296e2-6797-4be1-909a-30dcc1596241","local_time":"20210215024323","is_ascension_mode":true,"campfire_choices":[{"data":"theSenshi:MarsPride","floor":6,"key":"SMITH"},{"data":"theSenshi:PlutosSolemnity","floor":8,"key":"SMITH"},{"data":"theSenshi:SailorJupiterAssists","floor":10,"key":"SMITH"},{"data":"theSenshi:SailorPlanetPower","floor":15,"key":"SMITH"},{"data":"theSenshi:SailorCosmosAssists","floor":24,"key":"SMITH"},{"data":"theSenshi:SailorStarMakerAssists","floor":32,"key":"SMITH"},{"floor":41,"key":"RECALL"},{"floor":46,"key":"REST"},{"floor":49,"key":"REST"}],"circlet_count":0,"master_deck":["theSenshi:SailorKick","theSenshi:SailorKick","theSenshi:SailorBlock+1","theSenshi:SailorBlock+1","theSenshi:SailorBlock","theSenshi:MoonPrismPowerMakeUp","theSenshi:MarsPride+1","theSenshi:SailorMercuryAssists","theSenshi:SailorJupiterAssists+1","theSenshi:PlutosSolemnity+1","theSenshi:SailorPlanetPower+1","theSenshi:MercurysCunning","theSenshi:MercurysCunning","theSenshi:SailorCosmosAssists+1","theSenshi:SailorVenusAssists","theSenshi:SailorUranusAssists","theSenshi:SailorMarsAssists","theSenshi:SailorPlanetPower+1","theSenshi:SailorMarsAssists","theSenshi:SailorMercuryAssists+1","theSenshi:SailorVenusAssists","theSenshi:PlutosSolemnity+1","theSenshi:KlutzyLuck","theSenshi:SailorVenusAssists","theSenshi:SailorStarMakerAssists+1","theSenshi:SailorMarsAssists+1","theSenshi:SailorSaturnAssists","theSenshi:UranusStrength","theSenshi:SailorNeptuneAssists+1","Sadistic Nature","Panacea","Thinking Ahead+1","theSenshi:SailorJupiterAssists"],"relics":["theSenshi:TransformationBroochRelic","HornCleat","The Courier","theSenshi:FeatherClipsRelic","White Beast Statue","Juzu Bracelet","Sozu","Strawberry","theSenshi:SuperSailorFukuRelic","Ornamental Fan","Calipers","Orichalcum","Fusion Hammer","Incense Burner","War Paint","Question Card"],"acts_visited":["Exordium","TheCity","TheBeyond"],"potions_floor_usage":[],"damage_taken":[{"damage":0,"enemies":"Cultist","floor":1,"turns":3},{"damage":0,"enemies":"Jaw Worm","floor":2,"turns":4},{"damage":2,"enemies":"Small Slimes","floor":3,"turns":4},{"damage":24,"enemies":"3 Sentries","floor":11,"turns":8},{"damage":1,"enemies":"Red Slaver","floor":13,"turns":2},{"damage":14,"enemies":"Lagavulin","floor":14,"turns":5},{"damage":24,"enemies":"The Guardian","floor":16,"turns":11},{"damage":10,"enemies":"Shell Parasite","floor":18,"turns":5},{"damage":0,"enemies":"Chosen","floor":20,"turns":4},{"damage":0,"enemies":"Snecko","floor":21,"turns":4},{"damage":4,"enemies":"Book of Stabbing","floor":23,"turns":5},{"damage":24,"enemies":"Gremlin Leader","floor":25,"turns":4},{"damage":4,"enemies":"Shelled Parasite and Fungi","floor":27,"turns":5},{"damage":0,"enemies":"Book of Stabbing","floor":28,"turns":4},{"damage":0,"enemies":"Snake Plant","floor":29,"turns":3},{"damage":26,"enemies":"Slavers","floor":30,"turns":7},{"damage":0,"enemies":"Chosen and Byrds","floor":31,"turns":4},{"damage":53,"enemies":"Automaton","floor":33,"turns":7},{"damage":0,"enemies":"3 Darklings","floor":35,"turns":7},{"damage":10,"enemies":"2 Orb Walkers","floor":38,"turns":6},{"damage":0,"enemies":"Orb Walker","floor":42,"turns":1},{"damage":0,"enemies":"Reptomancer","floor":48,"turns":4},{"damage":0,"enemies":"Awakened One","floor":50,"turns":10}],"seed_played":"2821131695433094056","potions_obtained":[{"floor":1,"key":"Dexterity Potion"},{"floor":11,"key":"Regen Potion"},{"floor":13,"key":"Fire Potion"}],"is_trial":false,"path_per_floor":["M","M","M","$","T","R","?","R","T","R","E","$","M","E","R","B",null,"M","$","M","M","?","E","R","E","T","M","E","M","E","M","R","B",null,"M","?","?","?","?","$","R","M","T","?","$","R","?","E","R","B",null],"character_chosen":"THE_SENSHI","items_purchased":["theSenshi:MarsPride","HornCleat","theSenshi:PlutosSolemnity","theSenshi:SailorPlanetPower","theSenshi:MercurysCunning","theSenshi:SailorUranusAssists","theSenshi:SailorMarsAssists","Sadistic Nature","Panacea","Thinking Ahead"],"campfire_rested":2,"item_purchase_floors":[0,0,4,12,12,19,19,40,40,40],"current_hp_per_floor":[62,62,60,60,60,60,65,65,65,65,47,47,52,44,44,26,80,76,76,80,80,80,87,87,69,69,71,77,83,63,69,69,22,87,87,87,87,83,83,83,83,87,87,87,87,87,87,87,87,87],"gold":56,"neow_bonus":"","is_daily":false,"chose_seed":false,"campfire_upgraded":6,"win_rate":0.0,"timestamp":1613385803,"path_taken":["M","M","M","$","?","R","?","R","T","R","E","$","M","E","R","BOSS","M","$","M","M","?","E","R","E","T","M","E","M","E","M","R","BOSS","M","?","?","?","?","$","R","M","T","?","?","R","?","E","R","BOSS"],"items_purchased_type":["Card","Relic","Card","Card","Card","Card","Card","Card","Card","Card"],"build_version":"2020-12-22","purchased_purges":0,"victory":true,"max_hp_per_floor":[75,75,75,75,75,75,80,80,80,80,80,80,80,80,80,80,80,80,80,80,80,80,87,87,87,87,87,87,87,87,87,87,87,87,87,87,87,87,87,87,87,87,87,87,87,87,87,87,87,87],"card_choices":[{"not_picked":["theSenshi:MoonPrincessHalation","theSenshi:MoonKick","theSenshi:RainbowMoonHeartAche"],"picked":"SKIP","floor":1},{"not_picked":["theSenshi:MoonHealingEscalation","theSenshi:SchoolBag"],"picked":"theSenshi:SailorMercuryAssists","floor":2},{"not_picked":["theSenshi:MercurysCunning","theSenshi:MoonPower"],"picked":"theSenshi:SailorJupiterAssists","floor":3},{"not_picked":["theSenshi:MoonPower","theSenshi:MoonCrystalPowerMakeUp","theSenshi:SchoolBag"],"picked":"SKIP","floor":11},{"not_picked":["theSenshi:MoonsReflection","theSenshi:MoonPower","theSenshi:MoonCrisisMakeUp"],"picked":"SKIP","floor":13},{"not_picked":["theSenshi:LateForSchool","theSenshi:LunaWiseMentor"],"picked":"theSenshi:MercurysCunning","floor":14},{"not_picked":["theSenshi:WarriorOfTheMoon","theSenshi:FatedKiss"],"picked":"theSenshi:SailorCosmosAssists","floor":16},{"not_picked":["theSenshi:MoonTiaraMagic","theSenshi:DramaticEntrance+1"],"picked":"theSenshi:SailorVenusAssists","floor":18},{"not_picked":["theSenshi:MarsPride","theSenshi:VenusGlamour"],"picked":"theSenshi:SailorPlanetPower+1","floor":20},{"not_picked":["theSenshi:MoonPunch+1","theSenshi:MoonsReflection"],"picked":"theSenshi:SailorMarsAssists","floor":21},{"not_picked":["theSenshi:SteeledNerves","theSenshi:MoonHealingEscalation"],"picked":"theSenshi:SailorMercuryAssists+1","floor":23},{"not_picked":["theSenshi:SupersonicWaves+1","theSenshi:HesSoDreamy"],"picked":"theSenshi:SailorVenusAssists","floor":25},{"not_picked":["theSenshi:TuxedoMaskAssists","theSenshi:SailorUranusAssists"],"picked":"theSenshi:PlutosSolemnity+1","floor":27},{"not_picked":["theSenshi:FatedKiss","theSenshi:MoonKick+1"],"picked":"theSenshi:KlutzyLuck","floor":28},{"not_picked":["theSenshi:Sidestep","theSenshi:LunasBite+1"],"picked":"theSenshi:SailorVenusAssists","floor":29},{"not_picked":["theSenshi:MoonSpiralHeartAttack","theSenshi:DramaticEntrance"],"picked":"theSenshi:SailorStarMakerAssists","floor":30},{"not_picked":["theSenshi:Sidestep+1","theSenshi:MoonPunch+1"],"picked":"theSenshi:SailorMarsAssists+1","floor":31},{"not_picked":["theSenshi:FatedKiss","theSenshi:MoonEternalMakeUp"],"picked":"theSenshi:SailorSaturnAssists","floor":33},{"not_picked":["theSenshi:SailorMarsAssists+1","theSenshi:PlutosSolemnity"],"picked":"theSenshi:UranusStrength","floor":35},{"not_picked":["theSenshi:GatheringStrength","theSenshi:SailorJupiterAssists+1"],"picked":"theSenshi:SailorNeptuneAssists+1","floor":38},{"not_picked":["theSenshi:LunasBite","theSenshi:MoonKick+1","theSenshi:LateForSchool+1"],"picked":"SKIP","floor":42},{"not_picked":["theSenshi:MoonGorgeousMeditation","theSenshi:SailorMercuryAssists+1"],"picked":"theSenshi:SailorJupiterAssists","floor":48}],"player_experience":234741,"relics_obtained":[{"floor":5,"key":"The Courier"},{"floor":9,"key":"theSenshi:FeatherClipsRelic"},{"floor":11,"key":"White Beast Statue"},{"floor":14,"key":"Juzu Bracelet"},{"floor":23,"key":"Strawberry"},{"floor":25,"key":"theSenshi:SuperSailorFukuRelic"},{"floor":26,"key":"Ornamental Fan"},{"floor":28,"key":"Calipers"},{"floor":30,"key":"Orichalcum"},{"floor":38,"key":"Incense Burner"},{"floor":43,"key":"War Paint"},{"floor":48,"key":"Question Card"}],"event_choices":[{"damage_healed":0,"gold_gain":0,"player_choice":"Donut","damage_taken":0,"max_hp_gain":5,"max_hp_loss":0,"event_name":"Big Fish","floor":7,"gold_loss":0},{"cards_removed":["theSenshi:SailorKick"],"damage_healed":0,"gold_gain":0,"player_choice":"Purged","damage_taken":0,"max_hp_gain":0,"max_hp_loss":0,"event_name":"Purifier","floor":22,"gold_loss":0},{"cards_removed":["theSenshi:RoseThrow"],"damage_healed":0,"gold_gain":0,"player_choice":"Purged","damage_taken":0,"max_hp_gain":0,"max_hp_loss":0,"event_name":"Purifier","floor":36,"gold_loss":0},{"cards_removed":["theSenshi:SailorBlock"],"damage_healed":0,"gold_gain":0,"player_choice":"Removed Skill","damage_taken":0,"max_hp_gain":0,"max_hp_loss":0,"event_name":"Falling","floor":37,"gold_loss":0},{"damage_healed":0,"gold_gain":0,"player_choice":"Fight","damage_taken":0,"max_hp_gain":0,"max_hp_loss":0,"event_name":"Mysterious Sphere","floor":38,"gold_loss":0},{"cards_removed":["theSenshi:SailorKick"],"damage_healed":0,"gold_gain":0,"player_choice":"Upgrade and Remove","damage_taken":0,"max_hp_gain":0,"max_hp_loss":0,"event_name":"Designer","floor":39,"gold_loss":90,"cards_upgraded":["theSenshi:SailorBlock"]},{"damage_healed":0,"gold_gain":0,"player_choice":"Full Heal","damage_taken":0,"max_hp_gain":0,"max_hp_loss":0,"event_name":"Wheel of Change","floor":44,"gold_loss":0},{"damage_healed":0,"gold_gain":0,"player_choice":"0 cards matched","damage_taken":0,"max_hp_gain":0,"max_hp_loss":0,"event_name":"Match and Keep!","floor":47,"gold_loss":0,"cards_obtained":[]}],"is_beta":false,"boss_relics":[{"not_picked":["Snecko Eye","Empty Cage"],"picked":"Sozu"},{"not_picked":["Black Star","Tiny House"],"picked":"Fusion Hammer"}],"items_purged_floors":[],"is_endless":false,"potions_floor_spawned":[1,11,13,14,16,18,20,21,23,25,27,28,29,30,31,33,35,38,42,48],"ascension_level":3}}