{"host":"fiyp7st036s1x8z1","time":1613380284,"event":{"mods":["BaseMod","Colored Map","Colored Powertips","Minty Spire (QoL Compilation)","Permanent Neow","Rare Cards Sparkle","Relic Stats","StSLib","SuperFastMode"],"gold_per_floor":[118,118,131,148,161,161,192,192,192,220,220,7,34,63,63,137,137,154,154,79,79,0,35,35,70,70,89,89,89,123,138,138,212,212,230,230,247,298,298,333,60,60,114,114,64,77,77,112,112,112,112,112,112,5,39,39],"floor_reached":57,"language":"ZHS","playtime":1887,"items_purged":["Defend_P","PathToVictory","DeceiveReality","SpiritShield+1"],"score":2885,"play_id":"c51bea2e-5680-47b3-aaec-f279df2f0c7e","local_time":"20210215171124","is_ascension_mode":true,"campfire_choices":[{"data":"WheelKick","floor":6.0,"key":"SMITH"},{"floor":8.0,"key":"RECALL"},{"floor":11.0,"key":"REST"},{"data":"Ragnarok","floor":15.0,"key":"SMITH"},{"floor":24.0,"key":"REST"},{"data":"Adaptation","floor":28.0,"key":"SMITH"},{"data":"Tantrum","floor":32.0,"key":"SMITH"},{"data":"MentalFortress","floor":42.0,"key":"SMITH"},{"data":"CutThroughFate","floor":44.0,"key":"SMITH"},{"data":"Crescendo","floor":49.0,"key":"SMITH"},{"data":"Indignation","floor":53.0,"key":"SMITH"}],"circlet_count":0,"master_deck":["AscendersBane","Eruption+1","Vigilance+1","WheelKick+1","Indignation+1","CutThroughFate+1","Ragnarok+1","DevaForm+1","Adaptation+1","FearNoEvil","Tantrum+1","Crescendo+1","MentalFortress+1","Halt+1","MentalFortress+1","LessonLearned"],"relics":["Runic Pyramid","Pantograph","Singing Bowl","Meat on the Bone","Bag of Preparation","Letter Opener","Odd Mushroom","Philosopher\u0027s Stone","Oddly Smooth Stone","TeardropLocket","Matryoshka","Gremlin Horn","Damaru","Pandora\u0027s Box","Boot","Ginger","Darkstone Periapt","TheAbacus","Smiling Mask","Akabeko","Happy Flower","StrikeDummy"],"acts_visited":["Exordium","TheCity","TheBeyond","TheEnding"],"potions_floor_usage":[56,56],"damage_taken":[{"damage":0.0,"enemies":"Cultist","floor":1.0,"turns":4.0},{"damage":2.0,"enemies":"2 Louse","floor":3.0,"turns":2.0},{"damage":1.0,"enemies":"Small Slimes","floor":4.0,"turns":3.0},{"damage":2.0,"enemies":"Red Slaver","floor":5.0,"turns":4.0},{"damage":4.0,"enemies":"Gremlin Nob","floor":7.0,"turns":3.0},{"damage":28.0,"enemies":"3 Sentries","floor":10.0,"turns":6.0},{"damage":3.0,"enemies":"Gremlin Nob","floor":13.0,"turns":3.0},{"damage":5.0,"enemies":"The Mushroom Lair","floor":14.0,"turns":3.0},{"damage":13.0,"enemies":"The Guardian","floor":16.0,"turns":7.0},{"damage":9.0,"enemies":"Shell Parasite","floor":18.0,"turns":3.0},{"damage":27.0,"enemies":"Book of Stabbing","floor":23.0,"turns":3.0},{"damage":0.0,"enemies":"Gremlin Leader","floor":25.0,"turns":4.0},{"damage":0.0,"enemies":"Chosen","floor":27.0,"turns":2.0},{"damage":55.0,"enemies":"Slavers","floor":30.0,"turns":3.0},{"damage":0.0,"enemies":"3 Cultists","floor":31.0,"turns":2.0},{"damage":15.0,"enemies":"Champ","floor":33.0,"turns":5.0},{"damage":0.0,"enemies":"3 Darklings","floor":35.0,"turns":2.0},{"damage":1.0,"enemies":"3 Shapes","floor":37.0,"turns":3.0},{"damage":11.0,"enemies":"2 Orb Walkers","floor":38.0,"turns":4.0},{"damage":0.0,"enemies":"Giant Head","floor":40.0,"turns":4.0},{"damage":0.0,"enemies":"Transient","floor":46.0,"turns":6.0},{"damage":3.0,"enemies":"Nemesis","floor":48.0,"turns":3.0},{"damage":19.0,"enemies":"Awakened One","floor":50.0,"turns":6.0},{"damage":1.0,"enemies":"Donu and Deca","floor":51.0,"turns":6.0},{"damage":35.0,"enemies":"Shield and Spear","floor":55.0,"turns":6.0},{"damage":32,"enemies":"The Heart","floor":56,"turns":6}],"seed_played":"-3144637282250770544","potions_obtained":[{"floor":5.0,"key":"Block Potion"},{"floor":7.0,"key":"Weak Potion"},{"floor":10.0,"key":"SmokeBomb"},{"floor":16.0,"key":"SpeedPotion"},{"floor":25.0,"key":"Block Potion"},{"floor":31.0,"key":"Energy Potion"},{"floor":38.0,"key":"Fire Potion"}],"is_trial":false,"path_per_floor":["M","?","M","M","M","R","E","R","T","E","R","$","E","?","R","B",null,"M","?","$","?","$","E","R","E","T","M","R","?","E","M","R","B",null,"M","T","M","?","?","E","$","R","T","R","$","M","?","E","R","B","B",null,"R","$","E","B",null],"character_chosen":"WATCHER","items_purchased":["Bag of Preparation","Indignation","FearNoEvil","TheAbacus","PowerPotion"],"campfire_rested":2,"item_purchase_floors":[12,12,22,41,54],"current_hp_per_floor":[61,61,59,58,56,56,52,52,52,26,47,47,44,39,39,51,65,58,58,58,58,58,45,67,69,69,71,71,71,28,42,42,54,75,77,77,76,67,67,67,67,67,67,67,67,69,69,68,68,71,89,90,90,90,57,50],"gold":39,"neow_bonus":"BOSS_RELIC","is_daily":false,"chose_seed":false,"campfire_upgraded":8,"win_rate":0.0,"timestamp":1613380284,"path_taken":["M","?","M","?","M","R","E","R","T","E","R","$","E","?","R","BOSS","M","?","$","?","$","E","R","E","T","M","R","?","E","M","R","BOSS","M","?","M","?","?","E","$","R","T","R","$","M","?","E","R","BOSS","BOSS","R","$","E","BOSS"],"items_purchased_type":["Relic","Card","Card","Relic","Potion"],"build_version":"2020-12-22","purchased_purges":4,"victory":true,"max_hp_per_floor":[68,68,68,68,68,68,68,68,68,70,70,70,70,70,70,70,70,72,72,72,72,72,74,74,76,76,78,78,78,78,80,80,82,82,84,84,84,86,86,86,86,86,86,86,86,88,88,90,90,90,90,90,90,90,92,92],"relic_stats":{"Darkstone Periapt":0,"Singing Bowl":24,"Gremlin Horn":[13,14],"Happy Flower":[8],"counters":[26,103],"Bag of Preparation":[40],"Letter Opener":[155],"Ginger":[4],"Boot":[348],"Smiling Mask":175,"TheAbacus":[324],"Pantograph":116,"Pandora\u0027s Box":["SpiritShield","Crescendo","MentalFortress","PathToVictory","DeceiveReality","Halt","EmptyFist"],"obtain_stats":[{"Darkstone Periapt":40,"Singing Bowl":9,"Gremlin Horn":29,"Happy Flower":48,"Oddly Smooth Stone":23,"Damaru":30,"Bag of Preparation":12,"Letter Opener":13,"TeardropLocket":25,"Ginger":38,"Odd Mushroom":14,"Boot":36,"Smiling Mask":43,"Akabeko":43,"Matryoshka":26,"TheAbacus":41,"Pantograph":7,"Philosopher\u0027s Stone":17,"Pandora\u0027s Box":34,"PureWater":0,"StrikeDummy":55,"Runic Pyramid":0,"Meat on the Bone":10},{"Darkstone Periapt":20,"Singing Bowl":5,"Gremlin Horn":13,"Happy Flower":22,"Oddly Smooth Stone":11,"Damaru":14,"Bag of Preparation":6,"Letter Opener":7,"TeardropLocket":12,"Ginger":19,"Odd Mushroom":8,"Boot":17,"Smiling Mask":20,"Akabeko":20,"Matryoshka":12,"TheAbacus":20,"Pantograph":5,"Philosopher\u0027s Stone":9,"Pandora\u0027s Box":16,"PureWater":0,"StrikeDummy":25,"Runic Pyramid":0,"Meat on the Bone":6},{"Darkstone Periapt":70,"Singing Bowl":16,"Gremlin Horn":47,"Happy Flower":79,"Oddly Smooth Stone":41,"Damaru":50,"Bag of Preparation":22,"Letter Opener":25,"TeardropLocket":45,"Ginger":66,"Odd Mushroom":28,"Boot":59,"Smiling Mask":70,"Akabeko":70,"Matryoshka":45,"TheAbacus":70,"Pantograph":16,"Philosopher\u0027s Stone":35,"Pandora\u0027s Box":57,"PureWater":0,"StrikeDummy":97,"Runic Pyramid":0,"Meat on the Bone":22}],"Meat on the Bone":36},"card_choices":[{"not_picked":["FlyingSleeves","PathToVictory","JustLucky"],"picked":"SKIP","floor":1.0},{"not_picked":["EmptyFist","WreathOfFlame","Halt"],"picked":"SKIP","floor":3.0},{"not_picked":["Meditate","EmptyFist"],"picked":"WheelKick","floor":4.0},{"not_picked":["Pray","ReachHeaven","ThirdEye"],"picked":"SKIP","floor":5.0},{"not_picked":["WindmillStrike","Establishment","Meditate"],"picked":"SKIP","floor":7.0},{"not_picked":["EmptyFist","Wireheading","Crescendo"],"picked":"Singing Bowl","floor":10.0},{"not_picked":["Prostrate","WheelKick"],"picked":"CutThroughFate","floor":13.0},{"not_picked":["Consecrate","Collect"],"picked":"Ragnarok","floor":14.0},{"not_picked":["Devotion","ConjureBlade"],"picked":"DevaForm","floor":16.0},{"not_picked":["FollowUp","BattleHymn+1","PathToVictory"],"picked":"Singing Bowl","floor":18.0},{"not_picked":["Consecrate","ClearTheMind","ReachHeaven"],"picked":"Singing Bowl","floor":23.0},{"not_picked":["Crescendo","EmptyBody","CrushJoints"],"picked":"Singing Bowl","floor":25.0},{"not_picked":["Crescendo+1","WreathOfFlame+1","EmptyBody"],"picked":"Singing Bowl","floor":27.0},{"not_picked":["BowlingBash","Devotion"],"picked":"Tantrum","floor":30.0},{"not_picked":["CrushJoints","EmptyBody+1","FlurryOfBlows"],"picked":"Singing Bowl","floor":31.0},{"not_picked":["ConjureBlade","MasterReality","Ragnarok"],"picked":"Singing Bowl","floor":33.0},{"not_picked":["CutThroughFate","Study+1","Prostrate"],"picked":"Singing Bowl","floor":35.0},{"not_picked":["JustLucky","PathToVictory"],"picked":"MentalFortress+1","floor":37.0},{"not_picked":["Halt+1","SashWhip","PathToVictory+1"],"picked":"Singing Bowl","floor":38.0},{"not_picked":["Tantrum","WaveOfTheHand"],"picked":"LessonLearned","floor":40.0},{"not_picked":["ReachHeaven","MentalFortress","Pray"],"picked":"Singing Bowl","floor":46.0},{"not_picked":["EmptyMind","Sanctity","CrushJoints"],"picked":"Singing Bowl","floor":48.0},{"not_picked":["Brilliance","Tantrum","Halt"],"picked":"Singing Bowl","floor":55.0}],"player_experience":1021100,"relics_obtained":[{"floor":7.0,"key":"Pantograph"},{"floor":9.0,"key":"Singing Bowl"},{"floor":10.0,"key":"Meat on the Bone"},{"floor":13.0,"key":"Letter Opener"},{"floor":14.0,"key":"Odd Mushroom"},{"floor":23.0,"key":"Oddly Smooth Stone"},{"floor":25.0,"key":"TeardropLocket"},{"floor":26.0,"key":"Matryoshka"},{"floor":30.0,"key":"Damaru"},{"floor":36.0,"key":"Boot"},{"floor":38.0,"key":"Ginger"},{"floor":40.0,"key":"Darkstone Periapt"},{"floor":43.0,"key":"Smiling Mask"},{"floor":43.0,"key":"Akabeko"},{"floor":48.0,"key":"Happy Flower"},{"floor":55.0,"key":"StrikeDummy"}],"event_choices":[{"damage_healed":0.0,"max_hp_gain":0.0,"max_hp_loss":0.0,"gold_gain":0.0,"event_name":"Upgrade Shrine","player_choice":"Upgraded","floor":2.0,"gold_loss":0.0,"damage_taken":0.0,"cards_upgraded":["Eruption"]},{"damage_healed":0.0,"max_hp_gain":0.0,"max_hp_loss":0.0,"gold_gain":0.0,"event_name":"Mushrooms","player_choice":"Fought Mushrooms","floor":14.0,"gold_loss":0.0,"damage_taken":0.0},{"damage_healed":0.0,"max_hp_gain":0.0,"max_hp_loss":0.0,"gold_gain":0.0,"event_name":"The Library","player_choice":"Read","floor":19.0,"gold_loss":0.0,"damage_taken":0.0,"cards_obtained":["Adaptation"]},{"damage_healed":0.0,"max_hp_gain":0.0,"max_hp_loss":0.0,"gold_gain":0.0,"event_name":"Vampires","player_choice":"Ignored","floor":21.0,"gold_loss":0.0,"damage_taken":0.0},{"damage_healed":0.0,"max_hp_gain":0.0,"max_hp_loss":0.0,"gold_gain":0.0,"event_name":"WeMeetAgain","player_choice":"Gave Potion","floor":29.0,"gold_loss":0.0,"damage_taken":0.0,"relics_obtained":["Gremlin Horn"]},{"damage_healed":0.0,"max_hp_gain":0.0,"max_hp_loss":0.0,"gold_gain":0.0,"event_name":"Mysterious Sphere","player_choice":"Fight","floor":38.0,"gold_loss":0.0,"damage_taken":0.0},{"cards_removed":["EmptyFist"],"damage_healed":0.0,"max_hp_gain":0.0,"max_hp_loss":0.0,"gold_gain":0.0,"event_name":"Falling","player_choice":"Removed Attack","floor":39.0,"gold_loss":0.0,"damage_taken":0.0},{"damage_healed":0.0,"max_hp_gain":0.0,"max_hp_loss":0.0,"gold_gain":0.0,"event_name":"Tomb of Lord Red Mask","player_choice":"Ignored","floor":47.0,"gold_loss":0.0,"damage_taken":0.0}],"is_beta":false,"boss_relics":[{"not_picked":["Busted Crown","Astrolabe"],"picked":"Philosopher\u0027s Stone"},{"not_picked":["Runic Dome","SlaversCollar"],"picked":"Pandora\u0027s Box"}],"items_purged_floors":[20,41,45,54],"is_endless":false,"potions_floor_spawned":[5,7,10,16,25,31,35,38],"ascension_level":20}}