{"host":"gaqyve1328ta0etl","time":1613429912,"event":{"mods":["BaseMod","Colored Map","Colored Powertips","Duelist Mod","Googly Eyes","Hero for Fun","Minty Spire (QoL Compilation)","Shop Mod","StSLib","SuperFastMode","The Hierophant","The Runesmith"],"gold_per_floor":[111,43,56,67,67,67,84,84,84,184,219,219,239,270,270,370,370,380,67,81,91,39,72,72,104,104,104,114,114,39,39,39,39,39],"floor_reached":33,"language":"ENG","playtime":670,"items_purged":["Strike_R"],"score":509,"play_id":"bbed1afa-4a09-4c0a-8512-dfe80e9f5116","local_time":"20210215145832","is_ascension_mode":true,"campfire_choices":[{"data":"Body Slam","floor":6,"key":"SMITH"},{"data":"Body Slam","floor":8,"key":"SMITH"},{"data":"Feed","floor":12,"key":"SMITH"},{"data":"Armaments","floor":15,"key":"SMITH"},{"floor":24,"key":"REST"},{"floor":27,"key":"REST"},{"data":"Bludgeon","floor":32,"key":"SMITH"}],"circlet_count":0,"master_deck":["AscendersBane","Defend_R","Defend_R","Defend_R","Defend_R","Bash","Trip","Body Slam+1","Bludgeon+1","Iron Wave","Twin Strike","Body Slam+1","Feed+1","Armaments+1","Feed","True Grit+1","Berserk+1","Shrug It Off","Shrug It Off+1"],"relics":["Burning Blood","HornCleat","Sundial","Ice Cream","Empty Cage","Runesmith:Nanobots","Juzu Bracelet","Vajra","StrikeDummy"],"acts_visited":["Exordium","TheCity"],"potions_floor_usage":[4,14,16,25,33],"damage_taken":[{"damage":6,"enemies":"Cultist","floor":1,"turns":4},{"damage":7,"enemies":"2 Louse","floor":3,"turns":3},{"damage":7,"enemies":"Small Slimes","floor":4,"turns":3},{"damage":6,"enemies":"Looter","floor":7,"turns":2},{"damage":0,"enemies":"Gremlin Nob","floor":11,"turns":2},{"damage":14,"enemies":"Red Slaver","floor":13,"turns":2},{"damage":10,"enemies":"3 Sentries","floor":14,"turns":4},{"damage":40,"enemies":"The Guardian","floor":16,"turns":9},{"damage":18,"enemies":"Shell Parasite","floor":18,"turns":5},{"damage":8,"enemies":"Spheric Guardian","floor":20,"turns":5},{"damage":13,"enemies":"Snecko","floor":21,"turns":5},{"damage":6,"enemies":"theDuelist:KaibaA2","floor":23,"turns":5},{"damage":64,"enemies":"Book of Stabbing","floor":25,"turns":6},{"damage":23,"enemies":"Sentry and Sphere","floor":28,"turns":4},{"damage":67,"enemies":"Collector","floor":33,"turns":6}],"seed_played":"-1600471474323106101","potions_obtained":[{"floor":1,"key":"BlessingOfTheForge"},{"floor":7,"key":"PowerPotion"},{"floor":13,"key":"PowerPotion"},{"floor":20,"key":"Strength Potion"},{"floor":21,"key":"EssenceOfSteel"},{"floor":28,"key":"DistilledChaos"}],"is_trial":false,"path_per_floor":["M","$","M","M","?","R","M","R","T","?","E","R","M","E","R","B",null,"M","$","M","M","$","E","R","E","T","R","M","?","?","?","R","B"],"character_chosen":"IRONCLAD","items_purchased":["Bludgeon","Runesmith:Nanobots","Shrug It Off"],"campfire_rested":2,"item_purchase_floors":[2,19,22],"current_hp_per_floor":[72,72,71,70,63,63,63,63,63,63,69,69,61,61,61,27,70,58,58,56,49,49,49,74,16,16,41,28,28,28,57,57,0,0],"gold":39,"neow_bonus":"RANDOM_COLORLESS","is_daily":false,"chose_seed":false,"campfire_upgraded":5,"win_rate":0.0,"timestamp":1613429912,"path_taken":["M","$","M","?","?","R","M","R","T","?","E","R","?","E","R","BOSS","M","$","M","M","$","E","R","E","T","R","M","?","?","?","R","BOSS"],"items_purchased_type":["Card","Relic","Card"],"build_version":"2020-12-22","purchased_purges":1,"victory":false,"max_hp_per_floor":[80,80,80,80,80,80,80,80,80,80,80,80,80,84,84,84,84,84,84,84,84,84,84,84,84,84,84,88,88,88,88,88,88,88],"card_choices":[{"not_picked":["Dramatic Entrance","Flash of Steel"],"picked":"Trip","floor":0},{"not_picked":["Clash","Heavy Blade"],"picked":"Body Slam","floor":1},{"not_picked":["Dark Embrace","Corruption"],"picked":"Iron Wave","floor":3},{"not_picked":["Anger","Seeing Red"],"picked":"Twin Strike","floor":4},{"not_picked":["Sword Boomerang","Reckless Charge"],"picked":"Body Slam","floor":7},{"not_picked":["Iron Wave","Feel No Pain"],"picked":"Feed","floor":11},{"not_picked":["Metallicize","Sentinel"],"picked":"Armaments","floor":13},{"not_picked":["Pummel","Warcry","Cleave"],"picked":"SKIP","floor":14},{"not_picked":["Bludgeon","Double Tap"],"picked":"Feed","floor":16},{"not_picked":["Perfected Strike","Clash"],"picked":"True Grit+1","floor":18},{"not_picked":["Cleave","Rage","Anger"],"picked":"SKIP","floor":20},{"not_picked":["Headbutt","Body Slam+1"],"picked":"Berserk","floor":21},{"not_picked":["Warcry","Heavy Blade","Pummel"],"picked":"SKIP","floor":23},{"not_picked":["Pommel Strike","Warcry","Reckless Charge"],"picked":"SKIP","floor":25},{"not_picked":["Thunderclap","Body Slam"],"picked":"Shrug It Off+1","floor":28}],"player_experience":2201597,"relics_obtained":[{"floor":9,"key":"HornCleat"},{"floor":11,"key":"Sundial"},{"floor":14,"key":"Ice Cream"},{"floor":23,"key":"Juzu Bracelet"},{"floor":25,"key":"Vajra"},{"floor":26,"key":"StrikeDummy"}],"event_choices":[{"cards_removed":["Strike_R"],"damage_healed":0,"gold_gain":0,"player_choice":"Card Removal","damage_taken":7,"max_hp_gain":0,"max_hp_loss":0,"event_name":"Golden Wing","floor":5,"gold_loss":0},{"damage_healed":0,"gold_gain":100,"player_choice":"Gold","damage_taken":0,"max_hp_gain":0,"max_hp_loss":0,"event_name":"Wheel of Change","floor":10,"gold_loss":0},{"damage_healed":0,"gold_gain":0,"player_choice":"Forge","damage_taken":0,"max_hp_gain":0,"max_hp_loss":0,"event_name":"Accursed Blacksmith","floor":29,"gold_loss":0,"cards_upgraded":["Berserk"]},{"cards_removed":["Strike_R"],"damage_healed":0,"gold_gain":0,"player_choice":"Gave Gold","damage_taken":0,"max_hp_gain":0,"max_hp_loss":0,"event_name":"Beggar","floor":30,"gold_loss":75},{"damage_healed":29,"gold_gain":0,"player_choice":"Heal","damage_taken":0,"max_hp_gain":0,"max_hp_loss":0,"event_name":"The Library","floor":31,"gold_loss":0}],"is_beta":false,"boss_relics":[{"not_picked":["Ectoplasm","Black Blood"],"picked":"Empty Cage"}],"items_purged_floors":[19],"is_endless":false,"potions_floor_spawned":[1,7,13,20,21,23,28],"killed_by":"Collector","ascension_level":12}}