{"host":"t9zjxed0utvsfjwc","time":1613433213,"event":{"mods":["2.2 Compatiblity","Act Like it!","Aspiration","BaseMod","Better Altar","Better Match","Better Note","Better Sensory Stone","Better Skull","Better Third Choice","Block Reminder","Colored Map","Colored Powertips","Conspire","Custom Start","Downfall","Energized Spire","Hermit","Highlight Path","Hubris","Infinite Spire","Marisa????????","Minty Spire (QoL Compilation)","Quick Restart","Rare Cards Sparkle","Relic Sorter","Reliquary","Replay The Spire","Ruina","StSLib","The Cursed","The Marked","The Runesmith","Unceasing Turn Reminder","everything is the same but u backflip on backflip"],"gold_per_floor":[116,116,46,65,65,94,19,19,19],"floor_reached":8,"language":"ENG","playtime":321,"items_purged":["Strike_G"],"score":62,"play_id":"02887f39-1f9b-4ed8-84c2-ee10d17f7883","local_time":"20210215235333","is_ascension_mode":true,"campfire_choices":[],"circlet_count":0,"master_deck":["Strike_G","Strike_G","Strike_G","Defend_G","Defend_G+1","Defend_G","Defend_G","Defend_G+1","Survivor","Neutralize","Hidden Blade","ReplayTheSpireMod:Scrap Shanks"],"relics":["Ring of the Snake","aspiration:Nostalgia","TheCursedMod:BlackMagic101","reliquary:Buckler"],"acts_visited":["Exordium"],"potions_floor_usage":[6],"damage_taken":[{"damage":6,"enemies":"2 Louse","floor":1,"turns":3},{"damage":3,"enemies":"Jaw Worm","floor":4,"turns":8},{"damage":54,"enemies":"Gremlin Nob","floor":6,"turns":6},{"damage":7,"enemies":"3 Sentries","floor":8,"turns":2}],"seed_played":"4372416735977407034","potions_obtained":[{"floor":1,"key":"PowerPotion"}],"is_trial":false,"path_per_floor":["M","?","$","M","?","E","$","E"],"character_chosen":"THE_SILENT","items_purchased":["ReplayTheSpireMod:Scrap Shanks"],"campfire_rested":0,"item_purchase_floors":[3],"current_hp_per_floor":[64,64,64,61,61,7,7,0,0],"gold":19,"neow_bonus":"NOSTALGIA","is_daily":false,"chose_seed":false,"campfire_upgraded":0,"win_rate":0.0,"timestamp":1613433213,"path_taken":["M","?","?","?","?","E","$","E"],"items_purchased_type":["Card"],"build_version":"2020-12-22","purchased_purges":1,"victory":false,"max_hp_per_floor":[70,70,70,70,70,70,70,70,70],"card_choices":[{"not_picked":["Sucker Punch","hubris:Counter"],"picked":"Hidden Blade","floor":1},{"not_picked":["Leg Sweep","Acrobatics","Sucker Punch"],"picked":"SKIP","floor":4},{"not_picked":["Underhanded Strike","PiercingWail","Expertise"],"picked":"SKIP","floor":6}],"player_experience":572936,"relics_obtained":[{"floor":6,"key":"reliquary:Buckler"}],"event_choices":[{"cards_removed":["Strike_G"],"damage_healed":0,"gold_gain":0,"player_choice":"Forget","damage_taken":0,"max_hp_gain":0,"max_hp_loss":0,"event_name":"Living Wall","floor":2,"gold_loss":0}],"is_beta":false,"boss_relics":[],"items_purged_floors":[7],"is_endless":false,"potions_floor_spawned":[1],"killed_by":"3 Sentries","ascension_level":3}}