{"host":"s24sb66hw4a4sfft","time":1613348758,"event":{"mods":["AchievementEnabler","BaseMod","Colored Map","Colored Powertips","Googly Eyes","Hermit","Hubris","Minty Spire (QoL Compilation)","Quick Restart","Shop Mod","StSLib"],"gold_per_floor":[109,120,120,134,149,149,177,177,177,177,177],"floor_reached":10,"language":"ENG","playtime":298,"items_purged":[],"score":116,"play_id":"d706ffec-ed53-4afc-bb44-ad52629eb42d","local_time":"20210214192558","is_ascension_mode":true,"campfire_choices":[{"floor":6,"key":"REST"}],"circlet_count":0,"master_deck":["AscendersBane","Strike_G","Strike_G","Strike_G","Strike_G","Strike_G","Defend_G","Defend_G","Defend_G+1","Defend_G","Defend_G","Survivor","Neutralize+1","Blade Dance","Deadly Poison","Blade Dance","Poisoned Stab","Bane","Pain"],"relics":["Ring of the Snake","NeowsBlessing","Frozen Egg 2","WarpedTongs","Pear"],"acts_visited":["Exordium"],"potions_floor_usage":[10,10],"damage_taken":[{"damage":0,"enemies":"Cultist","floor":1,"turns":1},{"damage":0,"enemies":"Small Slimes","floor":2,"turns":1},{"damage":0,"enemies":"2 Louse","floor":4,"turns":1},{"damage":7,"enemies":"Large Slime","floor":5,"turns":5},{"damage":51,"enemies":"3 Sentries","floor":7,"turns":13},{"damage":11,"enemies":"Gremlin Nob","floor":10,"turns":3}],"seed_played":"-8170277232685383351","potions_obtained":[{"floor":5,"key":"BlessingOfTheForge"},{"floor":7,"key":"DuplicationPotion"}],"is_trial":false,"path_per_floor":["M","M","?","M","M","R","E","?","T","E"],"character_chosen":"THE_SILENT","items_purchased":[],"campfire_rested":1,"item_purchase_floors":[],"current_hp_per_floor":[59,59,46,46,39,58,7,7,17,6,6],"gold":177,"neow_bonus":"THREE_ENEMY_KILL","is_daily":false,"chose_seed":false,"campfire_upgraded":0,"win_rate":0.0,"timestamp":1613348758,"path_taken":["M","M","?","M","M","R","E","?","T","E"],"items_purchased_type":[],"build_version":"2020-12-22","purchased_purges":0,"victory":false,"max_hp_per_floor":[66,66,66,66,66,66,66,66,76,76,76],"card_choices":[{"not_picked":["Dagger Throw","Slice"],"picked":"Blade Dance","floor":1},{"not_picked":["Calculated Gamble","Backflip"],"picked":"Deadly Poison","floor":2},{"not_picked":["Eviscerate","Underhanded Strike"],"picked":"Blade Dance","floor":4},{"not_picked":["Quick Slash","Cloak And Dagger"],"picked":"Poisoned Stab","floor":5},{"not_picked":["Slice","Blur"],"picked":"Bane","floor":7}],"player_experience":642680,"relics_obtained":[{"floor":7,"key":"Frozen Egg 2"},{"floor":9,"key":"Pear"}],"event_choices":[{"damage_healed":0,"gold_gain":0,"player_choice":"Entered Light","damage_taken":13,"max_hp_gain":0,"max_hp_loss":0,"event_name":"Shining Light","floor":3,"gold_loss":0,"cards_upgraded":["Neutralize","Defend_G"]},{"damage_healed":0,"gold_gain":0,"player_choice":"Rummage","damage_taken":0,"relics_obtained":["WarpedTongs"],"max_hp_gain":0,"max_hp_loss":0,"event_name":"Accursed Blacksmith","floor":8,"gold_loss":0,"cards_obtained":["Pain"]}],"is_beta":false,"boss_relics":[],"items_purged_floors":[],"is_endless":false,"potions_floor_spawned":[5,7],"killed_by":"Gremlin Nob","ascension_level":14}}