{"host":"o5jvvi5yapo90aia","time":1613385917,"event":{"mods":["BaseMod","CapriCore","Minty Spire (QoL Compilation)","MostiFishMod","Prisma Mod","Spicy Shops","StSLib","TestMod","The Immortal","Yakumo Yukari mod","【人物mod】游戏王New YuGiOh mod","【功能Mod】Neow奖励"],"gold_per_floor":[117,129,143,155,155,180,255,281,363,288,317,327,341,368,368,445,445,459,474,210,210,210,240,240,272,272,272,272],"floor_reached":27,"language":"ZHS","playtime":580,"items_purged":["Regret","SignatureMove"],"score":692,"play_id":"1adbb41a-8a16-4a1a-a3e6-dfca0fd0bdd7","local_time":"20210215184517","is_ascension_mode":true,"campfire_choices":[{"data":"Strike_P","floor":15,"key":"PURGE"},{"data":"Eruption","floor":24,"key":"SMITH"}],"circlet_count":0,"master_deck":["AscendersBane","Defend_P","Defend_P","Defend_P","Defend_P","Eruption+1","Vigilance","MostiFishMod:OutWit+1","Establishment+1","MostiFishMod:Clarity+1","MostiFishMod:Speedup","MentalFortress","InnerPeace","Scrawl","FearNoEvil"],"relics":["DaveBox","testmod-TestBox","Astrolabe","PatriotShield","testmod-Déjàvu","SynthV:TestCard","Letter Opener","DaCapo","testmod-TurbochargingSystem","Frozen Egg 2","Odd Mushroom","Blood Vial","Runic Pyramid","BrkXgEgg","testmod-Justice","Nunchaku"],"acts_visited":["Exordium","TheCity"],"potions_floor_usage":[1,25],"damage_taken":[{"damage":0,"enemies":"Cultist","floor":1,"turns":4},{"damage":9,"enemies":"Jaw Worm","floor":2,"turns":2},{"damage":0,"enemies":"2 Louse","floor":3,"turns":2},{"damage":0,"enemies":"Blue Slaver","floor":4,"turns":1},{"damage":0,"enemies":"3 Sentries","floor":6,"turns":2},{"damage":0,"enemies":"Gremlin Nob","floor":8,"turns":2},{"damage":0,"enemies":"The Mushroom Lair","floor":11,"turns":2},{"damage":0,"enemies":"Large Slime","floor":12,"turns":2},{"damage":0,"enemies":"2 Fungi Beasts","floor":13,"turns":2},{"damage":0,"enemies":"Lagavulin","floor":14,"turns":3},{"damage":9,"enemies":"Hexaghost","floor":16,"turns":4},{"damage":31,"enemies":"3 Byrds","floor":18,"turns":7},{"damage":6,"enemies":"2 Thieves","floor":19,"turns":5},{"damage":12,"enemies":"Book of Stabbing","floor":23,"turns":5},{"damage":12,"enemies":"Slavers","floor":25,"turns":3},{"damage":21,"enemies":"Gremlin Leader","floor":27,"turns":2}],"seed_played":"8625143381930244741","potions_obtained":[{"floor":1,"key":"testmod-SpacePotion"},{"floor":3,"key":"PowerPotion"},{"floor":4,"key":"SteroidPotion"},{"floor":6,"key":"ColorlessPotion"},{"floor":25,"key":"SteroidPotion"}],"is_trial":false,"path_per_floor":["M","M","M","M","?","E","?","E","T","$","?","M","M","E","R","B",null,"M","M","$","?","?","E","R","E","T","E"],"character_chosen":"WATCHER","items_purchased":["BrkXgEgg"],"campfire_rested":0,"item_purchase_floors":[20],"current_hp_per_floor":[61,53,54,55,55,56,45,46,46,46,47,48,49,50,50,45,62,35,33,33,33,33,25,25,17,17,0,0],"gold":272,"neow_bonus":"BOSS_RELIC","is_daily":false,"chose_seed":false,"campfire_upgraded":1,"win_rate":0.0,"timestamp":1613385917,"path_taken":["M","?","M","?","?","E","?","E","T","$","?","M","M","E","R","BOSS","M","M","$","?","?","E","R","E","T","E"],"items_purchased_type":["Relic"],"build_version":"2020-12-22","purchased_purges":2,"victory":false,"max_hp_per_floor":[68,68,68,68,68,68,68,68,68,68,68,68,68,68,68,68,68,68,68,68,68,68,68,68,68,68,68,68],"card_choices":[{"not_picked":["Wireheading","Indignation"],"picked":"MostiFishMod:Speedup","floor":1},{"not_picked":["Evaluate","Worship","Consecrate","SignatureMove","EmptyBody"],"picked":"SKIP","floor":2},{"not_picked":["Evaluate","Worship","Consecrate","EmptyBody"],"picked":"SignatureMove","floor":2},{"not_picked":["ReachHeaven","FlyingSleeves","Halt","MostiFishMod:LegendTransform"],"picked":"MentalFortress","floor":3},{"not_picked":["ForeignInfluence","Prostrate","FlurryOfBlows","JustLucky","Crescendo"],"picked":"SKIP","floor":4},{"not_picked":["MostiFishMod:Pointsdynamics","SashWhip","SignatureMove","LikeWater","EmptyBody"],"picked":"SKIP","floor":6},{"not_picked":["FollowUp","WindmillStrike","Halt","ClearTheMind"],"picked":"InnerPeace","floor":8},{"not_picked":["Crescendo","CutThroughFate","WheelKick","ThirdEye","Protect"],"picked":"SKIP","floor":12},{"not_picked":["Indignation","BowlingBash","FollowUp","Halt","MentalFortress+1"],"picked":"SKIP","floor":13},{"not_picked":["WheelKick","Collect","MentalFortress+1","Nirvana+1"],"picked":"Scrawl","floor":14},{"not_picked":["Crescendo","Halt","ThirdEye","FlurryOfBlows","FlyingSleeves"],"picked":"SKIP","floor":18},{"not_picked":["JustLucky","MostiFishMod:Nomercy+1","PathToVictory","LikeWater+1"],"picked":"FearNoEvil","floor":19},{"not_picked":["Brilliance+1","ClearTheMind","Evaluate","Halt","Crescendo"],"picked":"SKIP","floor":23},{"not_picked":["ThirdEye","SashWhip","FlurryOfBlows","Worship","ReachHeaven"],"picked":"SKIP","floor":25}],"player_experience":1542760,"relics_obtained":[{"floor":1,"key":"SynthV:TestCard"},{"floor":6,"key":"DaCapo"},{"floor":8,"key":"testmod-TurbochargingSystem"},{"floor":9,"key":"Frozen Egg 2"},{"floor":11,"key":"Odd Mushroom"},{"floor":14,"key":"Blood Vial"},{"floor":23,"key":"testmod-Justice"},{"floor":25,"key":"Nunchaku"}],"event_choices":[{"damage_healed":0,"gold_gain":0,"player_choice":"Box","damage_taken":0,"relics_obtained":["Letter Opener"],"max_hp_gain":0,"max_hp_loss":0,"event_name":"Big Fish","floor":5,"gold_loss":0,"cards_obtained":["Regret"]},{"damage_healed":0,"gold_gain":75,"player_choice":"Gather Gold","damage_taken":11,"max_hp_gain":0,"max_hp_loss":0,"event_name":"World of Goop","floor":7,"gold_loss":0},{"damage_healed":0,"gold_gain":0,"player_choice":"Fought Mushrooms","damage_taken":0,"max_hp_gain":0,"max_hp_loss":0,"event_name":"Mushrooms","floor":11,"gold_loss":0},{"damage_healed":0,"gold_gain":0,"player_choice":"Ignored","damage_taken":0,"max_hp_gain":0,"max_hp_loss":0,"event_name":"Ghosts","floor":21,"gold_loss":0},{"damage_healed":0,"gold_gain":0,"player_choice":"Ignored","damage_taken":0,"max_hp_gain":0,"max_hp_loss":0,"event_name":"Vampires","floor":22,"gold_loss":0}],"is_beta":false,"boss_relics":[{"not_picked":["testmod-SaigiyounoYou","Sozu"],"picked":"Runic Pyramid"}],"items_purged_floors":[10,20],"is_endless":false,"potions_floor_spawned":[1,3,4,6,8,14,16,18,23,25],"killed_by":"Gremlin Leader","ascension_level":20}}