{"host":"8cqz7u612ax6p4mk","time":1613411555,"event":{"mods":["AchievementEnabler","BaseMod","Bestiary","Colored Map","DeckTracker","Highlight Path","Minty Spire (QoL Compilation)","Relic Stats","The Servant 0.9.4"],"gold_per_floor":[118,134,134,148,163,194,194,228,252,252,252,88,88,188,188,286,286,305,325,225,51,51,76,76,76],"floor_reached":24,"language":"ENG","playtime":1096,"items_purged":["Defend_B","Strike_B","Defend_B"],"score":233,"play_id":"dc234d20-e7f6-458e-a9c0-ed3f146af628","local_time":"20210215125235","is_ascension_mode":true,"campfire_choices":[{"data":"Fission","floor":7,"key":"SMITH"},{"floor":11,"key":"REST"},{"floor":13,"key":"REST"},{"data":"Chaos","floor":15,"key":"SMITH"}],"circlet_count":0,"master_deck":["Strike_B","Strike_B","Defend_B","Defend_B","Zap","Dualcast","Chaos+1","Hologram","Conserve Battery","Streamline","Cold Snap","Fission+1","Doom and Gloom","Conserve Battery","Lockon","Seek"],"relics":["Cracked Core","WingedGreaves","Omamori","Black Star","Juzu Bracelet","Art of War","Boot"],"acts_visited":["Exordium","TheCity"],"potions_floor_usage":[16,23,23],"damage_taken":[{"damage":6,"enemies":"Cultist","floor":1,"turns":3},{"damage":0,"enemies":"Small Slimes","floor":2,"turns":3},{"damage":2,"enemies":"2 Louse","floor":4,"turns":3},{"damage":6,"enemies":"Large Slime","floor":5,"turns":7},{"damage":31,"enemies":"Gremlin Nob","floor":6,"turns":4},{"damage":11,"enemies":"Lagavulin","floor":8,"turns":6},{"damage":24,"enemies":"Slime Boss","floor":16,"turns":9},{"damage":15,"enemies":"Spheric Guardian","floor":18,"turns":4},{"damage":6,"enemies":"3 Byrds","floor":19,"turns":4},{"damage":31,"enemies":"Gremlin Leader","floor":23,"turns":6},{"damage":24,"enemies":"Centurion and Healer","floor":24,"turns":6}],"seed_played":"-5136238075331703019","potions_obtained":[{"floor":1,"key":"LiquidMemories"},{"floor":6,"key":"Swift Potion"},{"floor":8,"key":"Regen Potion"}],"is_trial":false,"path_per_floor":["M","M","?","M","M","E","R","E","T","?","R","$","R","?","R","B",null,"M","M","$","$","?","E","M"],"character_chosen":"DEFECT","items_purchased":["Conserve Battery","Lockon","Explosive Potion"],"campfire_rested":2,"item_purchase_floors":[12,12,21],"current_hp_per_floor":[69,69,69,67,61,30,30,19,19,1,23,23,45,45,45,33,75,60,54,54,54,54,23,0,0],"gold":76,"neow_bonus":"THREE_CARDS","is_daily":false,"chose_seed":false,"campfire_upgraded":2,"win_rate":0.0,"timestamp":1613411555,"path_taken":["M","?","?","M","?","E","R","E","T","?","R","$","R","?","R","BOSS","M","M","?","$","?","E","M"],"items_purchased_type":["Card","Card","Potion"],"build_version":"2020-12-22","purchased_purges":3,"victory":false,"max_hp_per_floor":[75,75,75,75,75,75,75,75,75,75,75,75,75,75,75,75,75,75,75,75,75,75,75,75,75],"relic_stats":{"counters":[11,55],"Black Star":1,"Juzu Bracelet":0,"Art of War":[1],"Boot":[0],"obtain_stats":[{"WingedGreaves":6,"Omamori":8,"Black Star":17,"Juzu Bracelet":22,"Art of War":23,"Cracked Core":0,"Boot":23},{"WingedGreaves":5,"Omamori":6,"Black Star":7,"Juzu Bracelet":9,"Art of War":10,"Cracked Core":0,"Boot":10},{"WingedGreaves":20,"Omamori":26,"Black Star":35,"Juzu Bracelet":43,"Art of War":49,"Cracked Core":0,"Boot":49}]},"card_choices":[{"not_picked":["Barrage","Scrape"],"picked":"Chaos","floor":0},{"not_picked":["Compile Driver","BootSequence"],"picked":"Hologram","floor":1},{"not_picked":["Scrape","Stack","Hello World"],"picked":"SKIP","floor":2},{"not_picked":["Steam","Aggregate"],"picked":"Streamline","floor":4},{"not_picked":["Chill","Turbo"],"picked":"Cold Snap","floor":5},{"not_picked":["Stack","Consume"],"picked":"Fission","floor":6},{"not_picked":["Cold Snap","Electrodynamics"],"picked":"Doom and Gloom","floor":8},{"not_picked":["Machine Learning","Meteor Strike"],"picked":"Seek","floor":16},{"not_picked":["Stack+1","Reinforced Body+1","Ball Lightning"],"picked":"SKIP","floor":18},{"not_picked":["Go for the Eyes","Gash","Stack"],"picked":"SKIP","floor":19},{"not_picked":["Ball Lightning","Cold Snap","Rip and Tear"],"picked":"SKIP","floor":23}],"player_experience":204389,"relics_obtained":[{"floor":6,"key":"WingedGreaves"},{"floor":8,"key":"Omamori"},{"floor":23,"key":"Art of War"},{"floor":23,"key":"Boot"}],"event_choices":[{"damage_healed":0,"gold_gain":0,"cards_transformed":["Strike_B"],"player_choice":"Transformed","damage_taken":0,"max_hp_gain":0,"max_hp_loss":0,"event_name":"Transmorgrifier","floor":3,"gold_loss":0,"cards_obtained":["Conserve Battery"]},{"damage_healed":0,"gold_gain":0,"player_choice":"Fled","damage_taken":18,"max_hp_gain":0,"max_hp_loss":0,"event_name":"Scrap Ooze","floor":10,"gold_loss":0},{"damage_healed":0,"gold_gain":100,"player_choice":"Pray","damage_taken":0,"max_hp_gain":0,"max_hp_loss":0,"event_name":"Golden Shrine","floor":14,"gold_loss":0},{"damage_healed":0,"gold_gain":0,"player_choice":"Opened","damage_taken":0,"relics_obtained":["Juzu Bracelet"],"max_hp_gain":0,"max_hp_loss":0,"event_name":"The Mausoleum","floor":22,"gold_loss":0,"cards_obtained":["Writhe"]}],"is_beta":false,"boss_relics":[{"not_picked":["Busted Crown","Runic Dome"],"picked":"Black Star"}],"items_purged_floors":[12,20,21],"is_endless":false,"potions_floor_spawned":[1,6,8],"killed_by":"Centurion and Healer","ascension_level":1}}