{"host":"kb6kd92pmlm29812","time":1613369630,"event":{"mods":["AchievementEnabler","BaseMod","Colored Map","Highlight Path","Minty Spire (QoL Compilation)","Permanent Neow","Quick Restart","StSLib"],"gold_per_floor":[12,12,22,71,84,84,84,103,128,55,94,0,43,58,58,177,177,196,219,65,85,105,105,139,139,166,17,31,65,86,99,99,219,219,235,110,170,503,503,536,536,47,47,47,73,0,15,32,32,32,32,32,32,59,59,59],"floor_reached":55,"language":"ENG","playtime":5701,"items_purged":["Strike_P","Strike_P","Defend_P","Defend_P"],"score":974,"play_id":"b650e61b-81d6-4b9c-ad15-8f5348360eb4","local_time":"20210215011350","is_ascension_mode":true,"campfire_choices":[{"data":"Eruption","floor":6.0,"key":"SMITH"},{"data":"Vault","floor":15.0,"key":"SMITH"},{"data":"BattleHymn","floor":23.0,"key":"SMITH"},{"data":"ClearTheMind","floor":25.0,"key":"SMITH"},{"data":"CutThroughFate","floor":32.0,"key":"SMITH"},{"data":"Scrawl","floor":41.0,"key":"SMITH"},{"data":"Defend_P","floor":44.0,"key":"PURGE"},{"floor":49.0,"key":"RECALL"},{"data":"TalkToTheHand","floor":52.0,"key":"SMITH"}],"circlet_count":0,"master_deck":["Eruption+1","Vigilance","Thinking Ahead+1","FlurryOfBlows","WindmillStrike","DeceiveReality","TalkToTheHand+1","InnerPeace","Vault+1","Flash of Steel","Conclude","Wireheading","SpiritShield","ClearTheMind+1","BattleHymn+1","CutThroughFate+1","FlurryOfBlows","Scrawl+1","Sanctity+1","EmptyMind+1","FlurryOfBlows","Meditate+1"],"relics":["PureWater","Nunchaku","Anchor","Centennial Puzzle","Sozu","Bronze Scales","Ancient Tea Set","Strawberry","Astrolabe","Bird Faced Urn","Lantern","Peace Pipe","Girya","Pen Nib","Red Mask","Orichalcum"],"acts_visited":["Exordium","TheCity","TheBeyond","TheEnding"],"potions_floor_usage":[],"damage_taken":[{"damage":1.0,"enemies":"2 Louse","floor":1.0,"turns":3.0},{"damage":0.0,"enemies":"Cultist","floor":3.0,"turns":2.0},{"damage":12.0,"enemies":"Jaw Worm","floor":5.0,"turns":2.0},{"damage":0.0,"enemies":"Blue Slaver","floor":8.0,"turns":4.0},{"damage":1.0,"enemies":"3 Sentries","floor":11.0,"turns":6.0},{"damage":10.0,"enemies":"Lagavulin","floor":13.0,"turns":7.0},{"damage":0.0,"enemies":"Exordium Thugs","floor":14.0,"turns":4.0},{"damage":6.0,"enemies":"Hexaghost","floor":16.0,"turns":10.0},{"damage":0.0,"enemies":"3 Byrds","floor":18.0,"turns":3.0},{"damage":10.0,"enemies":"Spheric Guardian","floor":19.0,"turns":5.0},{"damage":0.0,"enemies":"Shelled Parasite and Fungi","floor":21.0,"turns":3.0},{"damage":14.0,"enemies":"Snake Plant","floor":22.0,"turns":5.0},{"damage":4.0,"enemies":"Slavers","floor":24.0,"turns":3.0},{"damage":0.0,"enemies":"Sentry and Sphere","floor":28.0,"turns":3.0},{"damage":0.0,"enemies":"Book of Stabbing","floor":29.0,"turns":4.0},{"damage":0.0,"enemies":"Chosen and Byrds","floor":30.0,"turns":4.0},{"damage":0.0,"enemies":"Snake Plant","floor":31.0,"turns":5.0},{"damage":45.0,"enemies":"Champ","floor":33.0,"turns":11.0},{"damage":0.0,"enemies":"Orb Walker","floor":35.0,"turns":3.0},{"damage":13.0,"enemies":"2 Orb Walkers","floor":37.0,"turns":3.0},{"damage":4.0,"enemies":"Nemesis","floor":40.0,"turns":6.0},{"damage":0.0,"enemies":"Giant Head","floor":45.0,"turns":6.0},{"damage":0.0,"enemies":"3 Darklings","floor":47.0,"turns":2.0},{"damage":0.0,"enemies":"Jaw Worm Horde","floor":48.0,"turns":3.0},{"damage":62.0,"enemies":"Awakened One","floor":50.0,"turns":9.0},{"damage":9.0,"enemies":"Shield and Spear","floor":54.0,"turns":5.0},{"damage":79,"enemies":"The Heart","floor":55,"turns":7}],"seed_played":"-1600123951999553150","potions_obtained":[{"floor":1.0,"key":"DistilledChaos"},{"floor":5.0,"key":"SpeedPotion"},{"floor":8.0,"key":"Explosive Potion"},{"floor":16.0,"key":"Fire Potion"}],"is_trial":false,"path_per_floor":["M","?","M","T","M","R","?","M","T","$","E","$","E","M","R","B",null,"M","M","$","M","M","R","E","R","T","$","M","E","M","M","R","B",null,"M","$","?","?","?","E","R","$","T","R","E","?","M","M","R","B",null,"R","$","E","B"],"character_chosen":"WATCHER","items_purchased":["InnerPeace","Flash of Steel","BattleHymn","FlurryOfBlows","FlurryOfBlows","Peace Pipe"],"campfire_rested":0,"item_purchase_floors":[10,12,20,27,42,42],"current_hp_per_floor":[71,71,71,71,59,59,41,41,41,41,40,40,30,30,30,24,72,72,62,62,62,48,48,44,44,44,44,44,51,51,51,51,6,79,79,79,66,66,66,66,66,66,66,66,70,70,74,78,78,17,79,79,79,70,0,0],"gold":59,"neow_bonus":"RANDOM_COLORLESS_2","is_daily":false,"chose_seed":false,"campfire_upgraded":7,"win_rate":0.0,"timestamp":1613369630,"path_taken":["M","?","?","?","M","R","?","M","T","?","E","$","E","?","R","BOSS","M","M","$","M","M","R","E","R","T","$","?","E","M","M","R","BOSS","M","$","?","?","?","E","R","$","T","R","E","?","M","M","R","BOSS","R","$","E","BOSS"],"items_purchased_type":["Card","Card","Card","Card","Card","Relic"],"build_version":"2020-12-22","purchased_purges":4,"victory":false,"max_hp_per_floor":[72,72,72,72,72,72,72,72,72,72,72,72,72,72,72,72,72,72,72,72,72,72,72,72,72,72,72,72,79,79,79,79,79,79,79,79,79,79,79,79,79,79,79,79,79,79,79,79,79,79,79,79,79,79,79,79],"card_choices":[{"not_picked":["Mayhem","Violence"],"picked":"Thinking Ahead","floor":0.0},{"not_picked":["Sanctity","Conclude"],"picked":"FlurryOfBlows","floor":1.0},{"not_picked":["EmptyBody","Consecrate"],"picked":"WindmillStrike","floor":3.0},{"not_picked":["PathToVictory","FollowUp"],"picked":"DeceiveReality","floor":5.0},{"not_picked":["EmptyBody","JustLucky"],"picked":"TalkToTheHand","floor":8.0},{"not_picked":["BowlingBash","ForeignInfluence"],"picked":"Vault","floor":11.0},{"not_picked":["SignatureMove","MentalFortress"],"picked":"Conclude","floor":13.0},{"not_picked":["ThirdEye","Tantrum"],"picked":"Wireheading","floor":14.0},{"not_picked":["Wish","Brilliance"],"picked":"SpiritShield","floor":16.0},{"not_picked":["FollowUp","FlyingSleeves+1"],"picked":"ClearTheMind","floor":18.0},{"not_picked":["DeceiveReality","Prostrate","Evaluate"],"picked":"SKIP","floor":19.0},{"not_picked":["SashWhip","Pray"],"picked":"CutThroughFate","floor":21.0},{"not_picked":["Judgement","Tantrum+1","Halt"],"picked":"SKIP","floor":22.0},{"not_picked":["ThirdEye+1","SignatureMove","SashWhip+1"],"picked":"SKIP","floor":24.0},{"not_picked":["BowlingBash+1","FearNoEvil","Conclude+1"],"picked":"SKIP","floor":28.0},{"not_picked":["Sanctity+1","Collect","CarveReality"],"picked":"SKIP","floor":29.0},{"not_picked":["Evaluate","ClearTheMind","JustLucky"],"picked":"SKIP","floor":30.0},{"not_picked":["SashWhip","DeceiveReality","ReachHeaven"],"picked":"SKIP","floor":31.0},{"not_picked":["Judgement","SpiritShield"],"picked":"Scrawl","floor":33.0},{"not_picked":["WreathOfFlame+1","Consecrate","Wireheading+1"],"picked":"SKIP","floor":35.0},{"not_picked":["ClearTheMind","SignatureMove","PathToVictory"],"picked":"SKIP","floor":40.0},{"not_picked":["Vengeance+1","ReachHeaven+1","Omniscience"],"picked":"SKIP","floor":45.0},{"not_picked":["InnerPeace","CutThroughFate","CrushJoints+1"],"picked":"SKIP","floor":47.0},{"not_picked":["FollowUp+1","ClearTheMind+1","JustLucky"],"picked":"SKIP","floor":48.0},{"not_picked":["DeceiveReality","PathToVictory"],"picked":"Meditate+1","floor":54.0}],"player_experience":34257,"relics_obtained":[{"floor":9.0,"key":"Nunchaku"},{"floor":11.0,"key":"Anchor"},{"floor":13.0,"key":"Centennial Puzzle"},{"floor":24.0,"key":"Bronze Scales"},{"floor":26.0,"key":"Ancient Tea Set"},{"floor":29.0,"key":"Strawberry"},{"floor":37.0,"key":"Bird Faced Urn"},{"floor":40.0,"key":"Lantern"},{"floor":43.0,"key":"Girya"},{"floor":45.0,"key":"Pen Nib"},{"floor":54.0,"key":"Orichalcum"}],"event_choices":[{"damage_healed":0.0,"max_hp_gain":0.0,"max_hp_loss":0.0,"gold_gain":0.0,"event_name":"Accursed Blacksmith","player_choice":"Forge","floor":2.0,"gold_loss":0.0,"damage_taken":0.0,"cards_upgraded":["Thinking Ahead"]},{"damage_healed":0.0,"max_hp_gain":0.0,"max_hp_loss":0.0,"gold_gain":0.0,"event_name":"Golden Idol","player_choice":"Take Damage","floor":7.0,"gold_loss":0.0,"damage_taken":18.0,"relics_obtained":["Golden Idol"]},{"damage_healed":0.0,"max_hp_gain":0.0,"max_hp_loss":0.0,"gold_gain":0.0,"event_name":"Mysterious Sphere","player_choice":"Fight","floor":37.0,"gold_loss":0.0,"damage_taken":0.0},{"damage_healed":0.0,"max_hp_gain":0.0,"max_hp_loss":0.0,"gold_gain":333.0,"event_name":"The Moai Head","player_choice":"Gave Idol","floor":38.0,"relics_lost":["Golden Idol"],"gold_loss":0.0,"damage_taken":0.0},{"cards_removed":["BattleHymn"],"damage_healed":0.0,"max_hp_gain":0.0,"max_hp_loss":0.0,"gold_gain":0.0,"event_name":"Falling","player_choice":"Removed Power","floor":39.0,"gold_loss":0.0,"damage_taken":0.0},{"damage_healed":0.0,"max_hp_gain":0.0,"max_hp_loss":0.0,"gold_gain":0.0,"event_name":"Tomb of Lord Red Mask","player_choice":"Paid","floor":46.0,"gold_loss":73.0,"damage_taken":0.0,"relics_obtained":["Red Mask"]}],"is_beta":false,"boss_relics":[{"not_picked":["Runic Dome","Empty Cage"],"picked":"Sozu"},{"not_picked":["SacredBark","Coffee Dripper"],"picked":"Astrolabe"}],"items_purged_floors":[20,27,36,42],"is_endless":false,"potions_floor_spawned":[1,5,8,16,18,19,21,22,31,35,37,40,48],"killed_by":"The Heart","ascension_level":3}}