{"host":"cpsutu8lprjuipd6","time":1613403173,"event":{"mods":["BaseMod","Colored Map","Minty Spire (QoL Compilation)","Permanent Neow","StSLib","SuperFastMode","The Bug Knight","Together in Spire"],"gold_per_floor":[121,152,114,137,162,203,215,254,266,290,302,314,401,432,444,553,565,588,614,636,648,660,660],"floor_reached":22,"language":"KOR","playtime":997,"items_purged":[],"score":198,"play_id":"b9d534cf-5e92-47b1-a1b7-e998470d90cf","local_time":"20210216003253","is_ascension_mode":false,"campfire_choices":[{"data":"HollowMod:HuntersJournal","floor":7,"key":"SMITH"},{"floor":12,"key":"REST"},{"floor":15,"key":"REST"}],"circlet_count":0,"master_deck":["HollowMod:NailStrikeStart","HollowMod:NailStrikeStart","HollowMod:NailStrikeStart","HollowMod:QuickDashStart","HollowMod:QuickDashStart","HollowMod:QuickDashStart","HollowMod:PogoStrike","HollowMod:LifebloodCocoon","HollowMod:CycloneSlash","HollowMod:HuntersJournal+1","HollowMod:HuntersJournal","HollowMod:FallenFury","HollowMod:theNailsmith","HollowMod:SoulSplash","HollowMod:CycloneSlash","HollowMod:SlysStrikes","HollowMod:DoubleDash","HollowMod:SharpenedNail","HollowMod:BaldurShell+1"],"relics":["HollowMod:VesselMask","MawBank","Mercury Hourglass","StoneCalendar","Eternal Feather","Empty Cage"],"acts_visited":["Exordium","TheCity"],"potions_floor_usage":[8,20,20,20],"damage_taken":[{"damage":0,"enemies":"Small Slimes","floor":1,"turns":4},{"damage":1,"enemies":"2 Louse","floor":2,"turns":2},{"damage":1,"enemies":"Cultist","floor":4,"turns":3},{"damage":19,"enemies":"Exordium Thugs","floor":5,"turns":5},{"damage":14,"enemies":"Gremlin Nob","floor":6,"turns":4},{"damage":40,"enemies":"Lagavulin","floor":8,"turns":6},{"damage":4,"enemies":"2 Fungi Beasts","floor":10,"turns":2},{"damage":8,"enemies":"Looter","floor":14,"turns":3},{"damage":60,"enemies":"Hexaghost","floor":16,"turns":8},{"damage":10,"enemies":"3 Byrds","floor":18,"turns":3},{"damage":28,"enemies":"Chosen","floor":19,"turns":5},{"damage":34,"enemies":"Sentry and Sphere","floor":20,"turns":5},{"damage":5,"enemies":"Cultist and Chosen","floor":22,"turns":1}],"seed_played":"9213914888836799254","potions_obtained":[{"floor":2,"key":"DuplicationPotion"},{"floor":5,"key":"Dexterity Potion"},{"floor":14,"key":"BlessingOfTheForge"},{"floor":16,"key":"BlessingOfTheForge"},{"floor":18,"key":"PowerPotion"},{"floor":19,"key":"Fire Potion"}],"is_trial":false,"path_per_floor":["M","M","?","M","M","E","R","E","T","M","?","R","?","M","R","B",null,"M","M","M","$","M"],"character_chosen":"THE_BUGKNIGHT","items_purchased":[],"campfire_rested":2,"item_purchase_floors":[],"current_hp_per_floor":[75,74,74,73,54,40,40,10,10,6,6,37,30,32,63,9,75,65,37,3,3,0,0],"gold":660,"neow_bonus":"RANDOM_COMMON_RELIC","is_daily":false,"chose_seed":false,"campfire_upgraded":1,"win_rate":0.0,"timestamp":1613403173,"path_taken":["M","M","?","M","M","E","R","E","T","M","?","R","?","?","R","BOSS","M","M","M","$","M"],"items_purchased_type":[],"build_version":"2020-12-22","purchased_purges":0,"victory":false,"max_hp_per_floor":[75,75,75,75,75,75,75,75,75,75,75,75,75,75,75,75,75,75,75,75,75,75,75],"card_choices":[{"not_picked":["HollowMod:TaintedHusks","HollowMod:CrystalDash"],"picked":"HollowMod:LifebloodCocoon","floor":1},{"not_picked":["HollowMod:InfectedCysts","HollowMod:GoodIntentions"],"picked":"HollowMod:CycloneSlash","floor":2},{"not_picked":["HollowMod:SiblingsSouls","HollowMod:Grubsong"],"picked":"HollowMod:HuntersJournal","floor":4},{"not_picked":["HollowMod:HeavyBlow","HollowMod:ChannelNail"],"picked":"HollowMod:HuntersJournal","floor":5},{"not_picked":["HollowMod:MonarchWings","HollowMod:DoubleDash"],"picked":"HollowMod:FallenFury","floor":6},{"not_picked":["HollowMod:DreamGate","HollowMod:GreatSlash"],"picked":"HollowMod:theNailsmith","floor":8},{"not_picked":["HollowMod:NewLittleFool","HollowMod:MothsMistake"],"picked":"HollowMod:SoulSplash","floor":10},{"not_picked":["HollowMod:GoodIntentions","HollowMod:SoulSplash"],"picked":"HollowMod:CycloneSlash","floor":14},{"not_picked":["HollowMod:ElderbugsWisdom","HollowMod:Hiveblood"],"picked":"HollowMod:SlysStrikes","floor":16},{"not_picked":["HollowMod:VengefulVoid","HollowMod:ChannelNail"],"picked":"HollowMod:DoubleDash","floor":18},{"not_picked":["HollowMod:InfectionAssault","HollowMod:CrystalDash"],"picked":"HollowMod:SharpenedNail","floor":19},{"not_picked":["HollowMod:PureNailStrike","HollowMod:WraithStrike"],"picked":"HollowMod:BaldurShell+1","floor":20}],"player_experience":84049,"relics_obtained":[{"floor":6,"key":"Mercury Hourglass"},{"floor":8,"key":"StoneCalendar"},{"floor":9,"key":"Eternal Feather"}],"event_choices":[{"cards_removed":["HollowMod:QuickDashStart"],"damage_healed":0,"gold_gain":0,"player_choice":"Card Removal","damage_taken":0,"max_hp_gain":0,"max_hp_loss":0,"event_name":"The Cleric","floor":3,"gold_loss":50},{"damage_healed":0,"gold_gain":0,"player_choice":"Ignored","damage_taken":0,"max_hp_gain":0,"max_hp_loss":0,"event_name":"Shining Light","floor":11,"gold_loss":0},{"damage_healed":0,"gold_gain":75,"player_choice":"Touch","damage_taken":7,"max_hp_gain":0,"max_hp_loss":0,"event_name":"FaceTrader","floor":13,"gold_loss":0}],"is_beta":false,"boss_relics":[{"not_picked":["Snecko Eye","HollowMod:VoidIdolRelic"],"picked":"Empty Cage"}],"items_purged_floors":[],"is_endless":false,"potions_floor_spawned":[2,5,14,16,18,19],"killed_by":"Cultist and Chosen","ascension_level":0}}