{"host":"byluu0wia6muw0p7","time":1613379310,"event":{"mods":["2.2 Compatiblity","AchievementEnabler","BaseMod","Colored Map","Colored Powertips","Minty Spire (QoL Compilation)","Quick Restart","Rare Cards Sparkle","StSLib","SuperFastMode"],"gold_per_floor":[117,137,150,166,181,181,198,198,223,244,260,323,348,36,36,36,36],"floor_reached":16,"language":"KOR","playtime":426,"items_purged":["Strike_B"],"score":172,"play_id":"4a03b15f-c7c9-4dcd-b5f3-45781a130d84","local_time":"20210215175510","is_ascension_mode":true,"campfire_choices":[{"data":"Sunder","floor":6,"key":"SMITH"},{"floor":15,"key":"REST"}],"circlet_count":0,"master_deck":["AscendersBane","Strike_B","Strike_B","Strike_B+1","Defend_B","Defend_B","Defend_B","Defend_B","Zap","Dualcast","Machine Learning","Sweeping Beam+1","Sunder+1","Genetic Algorithm","Self Repair","Melter","Capacitor","Buffer","Chill","Conserve Battery","Coolheaded","Recycle"],"relics":["Cracked Core","Golden Idol","Whetstone","Orrery"],"acts_visited":["Exordium"],"potions_floor_usage":[3,16],"damage_taken":[{"damage":7,"enemies":"Small Slimes","floor":1,"turns":3},{"damage":0,"enemies":"2 Louse","floor":2,"turns":2},{"damage":0,"enemies":"Jaw Worm","floor":3,"turns":2},{"damage":17,"enemies":"3 Louse","floor":4,"turns":2},{"damage":20,"enemies":"Looter","floor":5,"turns":4},{"damage":4,"enemies":"Large Slime","floor":7,"turns":4},{"damage":22,"enemies":"Exordium Thugs","floor":10,"turns":4},{"damage":6,"enemies":"Blue Slaver","floor":11,"turns":3},{"damage":0,"enemies":"2 Fungi Beasts","floor":13,"turns":2},{"damage":26,"enemies":"The Guardian","floor":16,"turns":6}],"seed_played":"-3419289333352238270","potions_obtained":[{"floor":2,"key":"Block Potion"},{"floor":3,"key":"SmokeBomb"},{"floor":5,"key":"GamblersBrew"},{"floor":10,"key":"ColorlessPotion"}],"is_trial":false,"path_per_floor":["M","M","M","M","M","R","M","?","T","M","M","?","M","$","R","B"],"character_chosen":"DEFECT","items_purchased":["Orrery","Recycle"],"campfire_rested":1,"item_purchase_floors":[14,14],"current_hp_per_floor":[57,57,57,40,27,27,30,30,30,15,16,16,16,16,35,9,9],"gold":36,"neow_bonus":"ONE_RANDOM_RARE_CARD","is_daily":false,"chose_seed":false,"campfire_upgraded":1,"win_rate":0.0,"timestamp":1613379310,"path_taken":["M","M","M","M","M","R","M","?","T","M","M","?","M","?","R","BOSS"],"items_purchased_type":["Relic","Card"],"build_version":"2020-12-22","purchased_purges":1,"victory":false,"max_hp_per_floor":[71,71,71,71,71,71,71,64,64,64,64,64,64,64,64,64,64],"card_choices":[{"not_picked":["Cold Snap","Fusion"],"picked":"Sweeping Beam","floor":1},{"not_picked":["Skim","Sweeping Beam"],"picked":"Sunder","floor":2},{"not_picked":["Hologram","Coolheaded"],"picked":"Genetic Algorithm","floor":3},{"not_picked":["Redo","Cold Snap"],"picked":"Self Repair","floor":4},{"not_picked":["Turbo","Rebound","Skim"],"picked":"SKIP","floor":5},{"not_picked":["Barrage","Chaos"],"picked":"Melter","floor":7},{"not_picked":["Melter","Sunder","Rebound"],"picked":"SKIP","floor":10},{"not_picked":["Go for the Eyes","Redo"],"picked":"Capacitor","floor":11},{"not_picked":["Barrage","Turbo","Stack"],"picked":"SKIP","floor":13},{"not_picked":["Compile Driver","Rip and Tear"],"picked":"Buffer","floor":14},{"not_picked":["Capacitor","Sweeping Beam"],"picked":"Chill","floor":14},{"not_picked":["Stack","Cold Snap"],"picked":"Conserve Battery","floor":14},{"not_picked":["Thunder Strike","Blizzard"],"picked":"Coolheaded","floor":14}],"player_experience":376743,"relics_obtained":[{"floor":9,"key":"Whetstone"}],"event_choices":[{"damage_healed":0,"gold_gain":0,"player_choice":"Lose Max HP","damage_taken":0,"relics_obtained":["Golden Idol"],"max_hp_gain":0,"max_hp_loss":7,"event_name":"Golden Idol","floor":8,"gold_loss":0},{"damage_healed":0,"gold_gain":63,"player_choice":"Gained Gold","damage_taken":0,"max_hp_gain":0,"max_hp_loss":0,"event_name":"Golden Wing","floor":12,"gold_loss":0}],"is_beta":false,"boss_relics":[],"items_purged_floors":[14],"is_endless":false,"potions_floor_spawned":[2,3,5,10],"killed_by":"The Guardian","ascension_level":15}}