{"host":"jwpp8hxpigr0nknu","time":1613406758,"event":{"mods":["BaseMod","BetterRewards","Colored Map","Colored Powertips","Minty Spire (QoL Compilation)","Rare Cards Sparkle","Shop Mod","StSLib"],"gold_per_floor":[116,116,66,66,117,152,186,186,186],"floor_reached":8,"language":"ENG","playtime":1793,"items_purged":[],"score":90,"play_id":"548f7354-a1aa-4db5-865c-da4e29939a0d","local_time":"20210215103238","daily_mods":["Draft","Heirloom","Flight","DeadlyEvents","Elite Swarm"],"is_ascension_mode":true,"campfire_choices":[],"circlet_count":0,"master_deck":["InnerPeace","Pray","Worship","Tantrum","InnerPeace+1","ThirdEye","EmptyBody","Crescendo","Nirvana","EmptyBody","CutThroughFate","CutThroughFate","EmptyBody+1","CrushJoints","Vengeance","Alpha","Vault"],"relics":["PureWater","Prayer Wheel","Ancient Tea Set","Damaru","Strawberry","CloakClasp"],"acts_visited":["Exordium"],"potions_floor_usage":[7],"damage_taken":[{"damage":9,"enemies":"Small Slimes","floor":1,"turns":4},{"damage":3,"enemies":"3 Sentries","floor":6,"turns":5},{"damage":10,"enemies":"Lagavulin","floor":7,"turns":5},{"damage":18,"enemies":"3 Sentries","floor":8,"turns":6}],"seed_played":"214943453777241376","potions_obtained":[{"floor":1,"key":"SteroidPotion"}],"is_trial":true,"path_per_floor":["M","?","?","?","T","E","E","E"],"character_chosen":"WATCHER","items_purchased":[],"campfire_rested":0,"item_purchase_floors":[],"current_hp_per_floor":[56,44,44,30,30,34,24,6,6],"gold":186,"neow_bonus":"","is_daily":false,"chose_seed":false,"campfire_upgraded":0,"win_rate":0.0,"timestamp":1613406758,"path_taken":["M","?","?","?","?","E","E","E"],"items_purchased_type":[],"build_version":"2020-12-22","purchased_purges":0,"victory":false,"max_hp_per_floor":[72,72,72,72,72,79,79,79,79],"card_choices":[{"not_picked":["EmptyFist","Tantrum"],"picked":"SandsOfTime","floor":0},{"not_picked":["Crescendo","Vengeance"],"picked":"InnerPeace","floor":0},{"not_picked":["Crescendo","EmptyFist"],"picked":"Pray","floor":0},{"not_picked":["Tantrum","Wireheading"],"picked":"Worship","floor":0},{"not_picked":["FollowUp","BowlingBash"],"picked":"Tantrum","floor":0},{"not_picked":["Protect","Halt"],"picked":"InnerPeace","floor":0},{"not_picked":["Tantrum","Crescendo"],"picked":"ThirdEye","floor":0},{"not_picked":["BowlingBash","ReachHeaven"],"picked":"EmptyBody","floor":0},{"not_picked":["ClearTheMind","PathToVictory"],"picked":"Crescendo","floor":0},{"not_picked":["FollowUp","ReachHeaven"],"picked":"Nirvana","floor":0},{"not_picked":["Consecrate","FlurryOfBlows"],"picked":"EmptyBody","floor":0},{"not_picked":["EmptyBody","Consecrate"],"picked":"CutThroughFate","floor":0},{"not_picked":["EmptyBody","ClearTheMind"],"picked":"CutThroughFate","floor":0},{"not_picked":["EmptyFist","Evaluate"],"picked":"EmptyBody","floor":0},{"not_picked":["FlyingSleeves","JustLucky"],"picked":"CrushJoints","floor":0},{"not_picked":["TalkToTheHand","Meditate"],"picked":"Vengeance","floor":1},{"not_picked":["EmptyFist","SashWhip","Sanctity"],"picked":"SKIP","floor":1},{"not_picked":["SpiritShield","Blasphemy"],"picked":"Alpha","floor":6},{"not_picked":["Alpha","MasterReality"],"picked":"Vault","floor":7}],"player_experience":374555,"relics_obtained":[{"floor":5,"key":"Damaru"},{"floor":6,"key":"Strawberry"},{"floor":7,"key":"CloakClasp"}],"event_choices":[{"damage_healed":0,"gold_gain":0,"player_choice":"Success","damage_taken":12,"relics_obtained":["Ancient Tea Set"],"max_hp_gain":0,"max_hp_loss":0,"event_name":"Scrap Ooze","floor":2,"gold_loss":0},{"cards_removed":["SandsOfTime"],"damage_healed":0,"gold_gain":0,"player_choice":"Card Removal","damage_taken":0,"max_hp_gain":0,"max_hp_loss":0,"event_name":"The Cleric","floor":3,"gold_loss":50},{"damage_healed":0,"gold_gain":0,"player_choice":"Entered Light","damage_taken":14,"max_hp_gain":0,"max_hp_loss":0,"event_name":"Shining Light","floor":4,"gold_loss":0,"cards_upgraded":["EmptyBody","InnerPeace"]}],"is_beta":false,"boss_relics":[],"items_purged_floors":[],"is_endless":true,"potions_floor_spawned":[1],"killed_by":"3 Sentries","ascension_level":9}}