{"host":"uceopoba4zvqsgiy","time":1613384581,"event":{"mods":["2.2 Compatiblity","Act Like it!","BaseMod","Better Skull","Better Third Choice","Elementarium","Evolution","GifTheSpireLib","Hermit","Humility","Infinite Spire","Jorbs\u0027s Wanderer Trilogy","Marked Mod","Minty Spire (QoL Compilation)","Potionbrewer","Reliquary","Replay The Spire","Robot Space Explorer","Shade Mod","Spicy Shops","StS++","StSLib","Stuff the Spire","The Blue Laboratory","The Caster","The Cursed","The Dragon Tamer","The Dragonkin","The Hierophant","The Judge","The Jungle","TheSurvivalist","Wandering Minibosses"],"gold_per_floor":[117,117,292,220,237,266,266,284,284,284,313,331,363,363,363,466,466,391,391],"floor_reached":18,"language":"ENG","playtime":1053,"items_purged":[],"score":274,"play_id":"6a6fd4fe-168d-4249-85ef-51cc566004e8","local_time":"20210215205301","is_ascension_mode":true,"campfire_choices":[{"data":"Noxious Fumes","floor":7,"key":"SMITH"},{"data":"ReplayTheSpireMod:Tripwire","floor":10,"key":"SMITH"},{"floor":15,"key":"REST"}],"circlet_count":0,"master_deck":["Strike_G","Strike_G","Strike_G","Strike_G","Strike_G","Defend_G","Defend_G","Defend_G","Defend_G","Defend_G","Survivor","Neutralize","ReplayTheSpireMod:Tripwire+1","Doubt","Noxious Fumes+1","StuffTheSpire:Incantation","Poisoned Stab","Crippling Poison","Tools of the Trade"],"relics":["Ring of the Snake","EVO:Axolotl","NeowsBlessing","Onion Ring","Blue Candle","reliquary:Stiletto","MealTicket","Philosopher\u0027s Stone"],"acts_visited":["Exordium","TheCity"],"potions_floor_usage":[11,11,13,13,18,18,18,18,18],"damage_taken":[{"damage":0,"enemies":"Small Slimes","floor":1,"turns":1},{"damage":0,"enemies":"Jaw Worm","floor":5,"turns":2},{"damage":0,"enemies":"3 Sentries","floor":6,"turns":3},{"damage":4,"enemies":"Cultist","floor":8,"turns":3},{"damage":15,"enemies":"Lagavulin","floor":11,"turns":3},{"damage":6,"enemies":"2 Fungi Beasts","floor":12,"turns":4},{"damage":32,"enemies":"Gremlin Nob","floor":13,"turns":4},{"damage":39,"enemies":"The Guardian","floor":16,"turns":10},{"damage":58,"enemies":"2 Thieves","floor":18,"turns":3}],"seed_played":"-3488200624119934905","potions_obtained":[{"floor":1,"key":"blueLaboratory:EnvenomedCoating"},{"floor":6,"key":"Poison Potion"},{"floor":11,"key":"Toxic Potion"},{"floor":12,"key":"potionbrewer:BoundlessPotion"},{"floor":16,"key":"EntropicBrew"}],"is_trial":false,"path_per_floor":["M","?","?","$","M","E","R","M","T","R","E","M","E","?","R","B",null,"M"],"character_chosen":"THE_SILENT","items_purchased":["Noxious Fumes"],"campfire_rested":1,"item_purchase_floors":[4],"current_hp_per_floor":[63,63,63,63,63,63,63,59,59,59,44,38,6,21,42,3,53,0,0],"gold":391,"neow_bonus":"THREE_ENEMY_KILL","is_daily":false,"chose_seed":false,"campfire_upgraded":2,"win_rate":0.0,"timestamp":1613384581,"path_taken":["M","?","?","$","M","E","R","M","T","R","E","M","E","?","R","BOSS","M"],"items_purchased_type":["Card"],"build_version":"2020-12-22","purchased_purges":0,"victory":false,"max_hp_per_floor":[70,70,70,70,70,70,70,70,70,70,70,70,70,70,70,70,70,70,70],"card_choices":[{"not_picked":["Blade Dance","Predator"],"picked":"ReplayTheSpireMod:Tripwire","floor":1},{"not_picked":["ReplayTheSpireMod:Speed Training","Calculated Gamble"],"picked":"StuffTheSpire:Incantation","floor":5},{"not_picked":["ReplayTheSpireMod:Speed Training","Prepared"],"picked":"Poisoned Stab","floor":6},{"not_picked":["Calculated Gamble","Quick Slash","ReplayTheSpireMod:Speed Training"],"picked":"SKIP","floor":8},{"not_picked":["Concentrate","StuffTheSpire:Incursion","Backflip"],"picked":"SKIP","floor":11},{"not_picked":["StSpp:Dive","StuffTheSpire:Injection"],"picked":"Crippling Poison","floor":12},{"not_picked":["StuffTheSpire:Shiver","Blade Dance","Prepared"],"picked":"SKIP","floor":13},{"not_picked":["StSpp:Landslide","Storm of Steel"],"picked":"Tools of the Trade","floor":16}],"player_experience":1828949,"relics_obtained":[{"floor":6,"key":"Onion Ring"},{"floor":9,"key":"Blue Candle"},{"floor":11,"key":"reliquary:Stiletto"},{"floor":13,"key":"MealTicket"}],"event_choices":[{"damage_healed":0,"gold_gain":0,"player_choice":"Ignored","damage_taken":0,"max_hp_gain":0,"max_hp_loss":0,"event_name":"Golden Wing","floor":2,"gold_loss":0},{"damage_healed":0,"gold_gain":175,"player_choice":"AGREE","damage_taken":117,"max_hp_gain":0,"max_hp_loss":0,"event_name":"betterThird:BetterSerpent","floor":3,"gold_loss":0}],"is_beta":false,"boss_relics":[{"not_picked":["StSpp:Magatama","Sozu"],"picked":"Philosopher\u0027s Stone"}],"items_purged_floors":[],"is_endless":false,"potions_floor_spawned":[1,6,11,12,16],"killed_by":"2 Thieves","ascension_level":7,"is_humility":true}}