{"host":"2c84cb4cp1emursg","time":1613427181,"event":{"mods":["Act Like it!","BaseMod","Better Third Choice","Bossed Relics","Hermit","Mimic Mod","Minty Spire (QoL Compilation)","Permanent Neow","Ruina","StSLib","TheSurvivalist"],"gold_per_floor":[112,131,24,38,57,92,108,136,185,185,185],"floor_reached":10,"language":"ENG","playtime":657,"items_purged":[],"score":126,"play_id":"883de59e-5267-4996-8085-075fd96d2fb9","local_time":"20210215151301","is_ascension_mode":true,"campfire_choices":[],"circlet_count":0,"master_deck":["Strike_B","Strike_B","Strike_B","Strike_B","Defend_B","Defend_B","Defend_B","Defend_B","Zap","Dualcast","Writhe","Echo Form","Go for the Eyes","Undo","Discovery","Streamline","Steam","Hologram","Go for the Eyes","Cold Snap","Sweeping Beam"],"relics":["Cracked Core","Bag of Preparation","Bottled Tornado","CeramicFish"],"acts_visited":["Exordium"],"potions_floor_usage":[8,8,10],"damage_taken":[{"damage":12,"enemies":"Jaw Worm","floor":1,"turns":4},{"damage":0,"enemies":"2 Louse","floor":2,"turns":2},{"damage":1,"enemies":"Cultist","floor":4,"turns":4},{"damage":1,"enemies":"Looter","floor":5,"turns":3},{"damage":54,"enemies":"Gremlin Nob","floor":6,"turns":6},{"damage":1,"enemies":"Blue Slaver","floor":7,"turns":4},{"damage":0,"enemies":"Lagavulin","floor":8,"turns":5},{"damage":8,"enemies":"3 Sentries","floor":10,"turns":4}],"seed_played":"9034373869641285637","potions_obtained":[{"floor":2,"key":"PowerPotion"},{"floor":6,"key":"PotionOfCapacity"},{"floor":8,"key":"Strength Potion"}],"is_trial":false,"path_per_floor":["M","M","$","M","M","E","M","E","T","E"],"character_chosen":"DEFECT","items_purchased":["Discovery","Streamline"],"campfire_rested":0,"item_purchase_floors":[3,3],"current_hp_per_floor":[63,63,63,62,61,7,6,6,6,0,0],"gold":185,"neow_bonus":"THREE_RARE_CARDS","is_daily":false,"chose_seed":false,"campfire_upgraded":0,"win_rate":0.0,"timestamp":1613427181,"path_taken":["M","M","$","M","M","E","M","E","T","E"],"items_purchased_type":["Card","Card"],"build_version":"2020-12-22","purchased_purges":0,"victory":false,"max_hp_per_floor":[75,75,75,75,75,75,75,75,75,75,75],"card_choices":[{"not_picked":["All For One","Creative AI"],"picked":"Echo Form","floor":0},{"not_picked":["Heatsinks","Conserve Battery"],"picked":"Go for the Eyes","floor":1},{"not_picked":["Chill","Static Discharge"],"picked":"Undo","floor":2},{"not_picked":["Scrape","Rebound"],"picked":"Steam","floor":4},{"not_picked":["Cold Snap","Rebound"],"picked":"Hologram","floor":5},{"not_picked":["Beam Cell","Turbo"],"picked":"Go for the Eyes","floor":6},{"not_picked":["Chill","Beam Cell"],"picked":"Cold Snap","floor":7},{"not_picked":["Hyperbeam","Meteor Strike"],"picked":"Sweeping Beam","floor":8}],"player_experience":478377,"relics_obtained":[{"floor":6,"key":"Bag of Preparation"},{"floor":8,"key":"Bottled Tornado"},{"floor":9,"key":"CeramicFish"}],"event_choices":[],"is_beta":false,"boss_relics":[],"items_purged_floors":[],"is_endless":false,"potions_floor_spawned":[2,6,8],"killed_by":"3 Sentries","ascension_level":4}}