{"host":"2eh6kef149pfh93v","time":1613400393,"event":{"mods":["2.2 Compatiblity","Act Like it!","Aspiration","BaseMod","Clockwork Mod","Conspire","Energized Spire","Gensokyo","GifTheSpireLib","Hero for Fun","Hubris","Infinite Spire","Marisa????????","Minty Spire (QoL Compilation)","Reliquary","Replay The Spire","Shop Mod","StSLib","Stuff the Spire","The Servant 0.9.4","Waifu the Spire","Yakumo Yukari mod"],"gold_per_floor":[156,156,189,32,132,132,6,6,6,42,42,42,42,42,42,354,354,405,405,453,403,403,403],"floor_reached":22,"language":"ENG","playtime":985,"items_purged":[],"score":295,"play_id":"a71a0145-dffc-4a31-b5a8-439af845d92a","local_time":"20210215094633","daily_mods":["Hoarder","Specialized","Vintage","Heirloom","Time Dilation","Flight","Lethality","Midas"],"is_ascension_mode":false,"campfire_choices":[{"floor":6,"key":"REST"},{"data":"1","floor":11,"key":"LIFT"},{"floor":15,"key":"REST"}],"circlet_count":0,"master_deck":["Strike_MRS","Strike_MRS","Strike_MRS","Strike_MRS","Defend_MRS","Defend_MRS","Defend_MRS","Defend_MRS","MasterSpark","UpSweep","OortCloud","OortCloud","OortCloud","OortCloud","OortCloud","OortCloud","OortCloud","OortCloud","OortCloud","OortCloud","OortCloud","OortCloud","OortCloud","OortCloud","OortCloud","PowerUp","PowerUp","PowerUp","GrandCross","GrandCross","GrandCross","OortCloud","OortCloud","OortCloud","OortCloud","OortCloud","OortCloud","Gensokyo:BlemishedSteel","Gensokyo:BlemishedSteel","Gensokyo:Shovel","GrandCross","GrandCross","GrandCross"],"relics":["MiniHakkero","Mango","aspiration:PocketMushroom","reliquary:BallBearing","Orrery","The Courier","Girya","Gensokyo:MarisaPhilosophersStone","hubris:CuriousFeather","conspire:InfiniteJournal","SimpleLauncher","conspire:SpecialSausage","ReplayTheSpireMod:Lightbulb","Quantum Egg","Omamori","infinitespire:Joker Card","aspiration:DSix"],"acts_visited":["Gensokyo:Gensokyo","Gensokyo:Gensokyoer"],"potions_floor_usage":[3,20,20],"damage_taken":[{"damage":8,"enemies":"Gensokyo:2_Kodama","floor":1,"turns":7},{"damage":5,"enemies":"Gensokyo:3_Fairies","floor":3,"turns":4},{"damage":0,"enemies":"Gensokyo:Gryphon","floor":10,"turns":5},{"damage":23,"enemies":"Gensokyo:Gryphon","floor":12,"turns":5},{"damage":12,"enemies":"Gensokyo:Kokoro","floor":16,"turns":17},{"damage":16,"enemies":"Gensokyo:2_Gloops","floor":18,"turns":7},{"damage":46,"enemies":"Gensokyo:3_Dogs","floor":20,"turns":6},{"damage":49,"enemies":"Gensokyo:Wraith","floor":22,"turns":2}],"seed_played":"3755038168866031553","potions_obtained":[{"floor":1,"key":"BottledSpark"},{"floor":16,"key":"Ancient Potion"},{"floor":18,"key":"PowerPotion"}],"is_trial":true,"path_per_floor":["M","?","M","$","?","R","COS","?","T","M","R","?","T","$","R","B",null,"M","?","M","?","M"],"character_chosen":"MARISA","items_purchased":["Orrery","conspire:InfiniteJournal","SimpleLauncher"],"campfire_rested":2,"item_purchase_floors":[4,14,14],"current_hp_per_floor":[81,89,84,84,84,89,89,89,89,89,89,66,66,25,51,39,89,73,82,36,43,0,0],"gold":403,"neow_bonus":"","is_daily":false,"chose_seed":false,"campfire_upgraded":0,"win_rate":0.0,"timestamp":1613400393,"path_taken":["M","?","?","$","?","R","COS","?","T","?","R","?","?","?","R","BOSS","M","?","?","?","M"],"items_purchased_type":["Relic","Relic","Relic"],"build_version":"2020-12-22","purchased_purges":0,"victory":false,"max_hp_per_floor":[89,89,89,89,89,89,89,89,89,89,89,89,89,89,89,89,89,89,89,89,96,96,96],"card_choices":[{"not_picked":["SporeBomb","DC"],"picked":"PowerUp","floor":4},{"not_picked":["DarkSpark","LuminesStrike"],"picked":"GrandCross","floor":4},{"not_picked":["ShootTheMoon","MagicAbsorber"],"picked":"OortCloud","floor":4},{"not_picked":["Occultation","GrandCross"],"picked":"OortCloud","floor":4}],"player_experience":8742,"relics_obtained":[{"floor":1,"key":"aspiration:PocketMushroom"},{"floor":3,"key":"reliquary:BallBearing"},{"floor":9,"key":"The Courier"},{"floor":10,"key":"Girya"},{"floor":12,"key":"Gensokyo:MarisaPhilosophersStone"},{"floor":13,"key":"hubris:CuriousFeather"},{"floor":18,"key":"Quantum Egg"},{"floor":20,"key":"aspiration:DSix"}],"event_choices":[],"is_beta":false,"boss_relics":[{"not_picked":["Replay:Bronze Core","aspiration:SecretTechniqueScroll"],"picked":"conspire:SpecialSausage"}],"items_purged_floors":[],"is_endless":false,"potions_floor_spawned":[1,16,18],"killed_by":"Gensokyo:Wraith","ascension_level":0}}