{"host":"mnpd8gh7cwxsn5kh","time":1613409432,"event":{"mods":["BaseMod","Bestiary","Block Reminder","Colored Map","Colored Powertips","Highlight Path","Minty Spire (QoL Compilation)","Relic Sorter","Relic Stats"],"gold_per_floor":[114,114,129,144,159,189,189,189,189,219,231,273,285,69,69,169,169,139,151,151,166,181,211,211,211,236,266,181,131,131,161,161,261,261,276,312,312,534,334,364,364,364,439,439,469,519,519,109,109,109],"floor_reached":51,"language":"ENG","playtime":2668,"items_purged":["Strike_R","Strike_R","Strike_R"],"score":971,"play_id":"e52d93c3-c1d6-42a6-986b-c892f36d2fab","local_time":"20210215181712","daily_mods":["Heirloom","Flight","Night Terrors"],"is_ascension_mode":false,"campfire_choices":[{"data":"Bash","floor":7,"key":"SMITH"},{"data":"Disarm","floor":8,"key":"SMITH"},{"data":"Clothesline","floor":11,"key":"SMITH"},{"data":"Flame Barrier","floor":13,"key":"SMITH"},{"data":"Shrug It Off","floor":15,"key":"SMITH"},{"data":"Bludgeon","floor":24,"key":"SMITH"},{"data":"Rupture","floor":30,"key":"SMITH"},{"data":"Carnage","floor":32,"key":"SMITH"},{"data":"Limit Break","floor":41,"key":"SMITH"},{"data":"Flame Barrier","floor":47,"key":"SMITH"},{"data":"Flame Barrier","floor":49,"key":"SMITH"}],"circlet_count":0,"master_deck":["Strike_R","Strike_R+1","Defend_R+1","Defend_R+1","Defend_R","Defend_R","Bash+1","Combust","Disarm+1","Shrug It Off+1","Ghostly Armor","Clothesline+1","Flame Barrier+1","Juggernaut+1","Blood for Blood+1","Rupture+1","Blood for Blood+1","Carnage+1","Bludgeon+1","Cleave","Dual Wield+1","Inflame+1","Shrug It Off","Limit Break+1","Heavy Blade+1","Sword Boomerang+1","Flame Barrier+1","Shrug It Off+1","Flame Barrier+1"],"relics":["Burning Blood","Torii","Anchor","Orichalcum","MawBank","Letter Opener","PreservedInsect","Snecko Eye","Red Mask","Lantern","Smiling Mask","War Paint","Self Forming Clay","Juzu Bracelet","Velvet Choker","Unceasing Top","Orrery","The Courier","White Beast Statue","CaptainsWheel","Champion Belt","Lee\u0027s Waffle","Lizard Tail"],"acts_visited":["Exordium","TheCity","TheBeyond"],"potions_floor_usage":[16,19,36,50],"damage_taken":[{"damage":8,"enemies":"2 Louse","floor":1,"turns":3},{"damage":0,"enemies":"Jaw Worm","floor":3,"turns":3},{"damage":1,"enemies":"Cultist","floor":4,"turns":3},{"damage":14,"enemies":"Gremlin Gang","floor":5,"turns":4},{"damage":20,"enemies":"Lagavulin","floor":6,"turns":7},{"damage":19,"enemies":"3 Sentries","floor":10,"turns":7},{"damage":5,"enemies":"Lagavulin","floor":12,"turns":7},{"damage":12,"enemies":"Hexaghost","floor":16,"turns":13},{"damage":2,"enemies":"2 Thieves","floor":18,"turns":5},{"damage":7,"enemies":"Masked Bandits","floor":19,"turns":4},{"damage":11,"enemies":"Spheric Guardian","floor":21,"turns":4},{"damage":1,"enemies":"Cultist and Chosen","floor":22,"turns":5},{"damage":4,"enemies":"Book of Stabbing","floor":23,"turns":5},{"damage":2,"enemies":"Slavers","floor":27,"turns":3},{"damage":0,"enemies":"Book of Stabbing","floor":31,"turns":3},{"damage":15,"enemies":"Champ","floor":33,"turns":6},{"damage":2,"enemies":"Orb Walker","floor":35,"turns":3},{"damage":14,"enemies":"2 Orb Walkers","floor":36,"turns":4},{"damage":26,"enemies":"Nemesis","floor":40,"turns":3},{"damage":2,"enemies":"Reptomancer","floor":45,"turns":3},{"damage":0,"enemies":"Mind Bloom Boss Battle","floor":46,"turns":5},{"damage":6,"enemies":"Time Eater","floor":50,"turns":7}],"seed_played":"5535013652570512859","potions_obtained":[{"floor":1,"key":"SpeedPotion"},{"floor":3,"key":"SmokeBomb"},{"floor":6,"key":"Explosive Potion"},{"floor":18,"key":"EntropicBrew"},{"floor":21,"key":"AttackPotion"},{"floor":27,"key":"SteroidPotion"},{"floor":33,"key":"AttackPotion"},{"floor":45,"key":"ColorlessPotion"},{"floor":46,"key":"SteroidPotion"}],"is_trial":false,"path_per_floor":["M","?","M","M","M","E","R","R","T","E","R","E","R","$","R","B",null,"M","?","?","M","M","E","R","?","T","E","?","$","R","E","R","B",null,"M","?","?","?","$","E","R","?","T","?","E","?","R","$","R","B",null],"character_chosen":"IRONCLAD","items_purchased":["PreservedInsect","Battle Trance","Orrery","Lee\u0027s Waffle","Lizard Tail"],"campfire_rested":0,"item_purchase_floors":[14,14,39,48,48],"current_hp_per_floor":[78,62,68,73,65,51,51,51,51,38,38,39,39,39,39,33,80,80,79,79,74,79,80,80,80,80,80,80,80,80,80,80,71,80,80,72,72,72,72,52,52,52,52,52,56,62,62,83,83,83],"gold":109,"neow_bonus":"","is_daily":true,"chose_seed":false,"campfire_upgraded":11,"win_rate":0.0,"timestamp":1613409432,"path_taken":["M","?","M","M","M","E","R","R","T","E","R","E","R","?","R","BOSS","M","?","?","?","?","E","R","?","T","E","?","$","R","E","R","BOSS","M","?","?","?","$","E","R","?","T","?","E","?","R","$","R","BOSS"],"items_purchased_type":["Relic","Card","Relic","Relic","Relic"],"build_version":"2020-12-22","purchased_purges":3,"victory":true,"max_hp_per_floor":[80,80,80,80,80,80,80,80,80,80,80,80,80,80,80,80,80,80,80,80,80,80,80,80,80,80,80,80,80,80,80,80,80,80,80,80,76,76,76,76,76,76,76,76,76,76,76,83,83,83],"relic_stats":{"Lee\u0027s Waffle":21,"Torii":48,"counters":[22,107],"Self Forming Clay":[54],"PreservedInsect":227,"Juzu Bracelet":1,"Letter Opener":[20],"Orichalcum":[144],"War Paint":["Dual Wield","Defend_R"],"MawBank":48,"Smiling Mask":125,"Burning Blood":113,"Lizard Tail":0,"Snecko Eye":[111,106,102,112],"Champion Belt":[1],"obtain_stats":[{"Lantern":23,"Lee\u0027s Waffle":48,"Torii":0,"Self Forming Clay":28,"Velvet Choker":34,"PreservedInsect":14,"The Courier":40,"Juzu Bracelet":31,"Letter Opener":12,"Orichalcum":9,"War Paint":27,"MawBank":10,"Smiling Mask":26,"Burning Blood":0,"White Beast Statue":43,"Anchor":6,"CaptainsWheel":45,"Lizard Tail":48,"Snecko Eye":17,"Orrery":39,"Red Mask":19,"Champion Belt":46,"Unceasing Top":36},{"Lantern":13,"Lee\u0027s Waffle":21,"Torii":0,"Self Forming Clay":14,"Velvet Choker":16,"PreservedInsect":7,"The Courier":19,"Juzu Bracelet":15,"Letter Opener":7,"Orichalcum":5,"War Paint":14,"MawBank":6,"Smiling Mask":13,"Burning Blood":0,"White Beast Statue":19,"Anchor":5,"CaptainsWheel":20,"Lizard Tail":21,"Snecko Eye":8,"Orrery":18,"Red Mask":10,"Champion Belt":21,"Unceasing Top":18},{"Lantern":70,"Lee\u0027s Waffle":100,"Torii":0,"Self Forming Clay":73,"Velvet Choker":82,"PreservedInsect":34,"The Courier":92,"Juzu Bracelet":76,"Letter Opener":34,"Orichalcum":20,"War Paint":73,"MawBank":27,"Smiling Mask":70,"Burning Blood":0,"White Beast Statue":92,"Anchor":20,"CaptainsWheel":95,"Lizard Tail":100,"Snecko Eye":47,"Orrery":89,"Red Mask":56,"Champion Belt":100,"Unceasing Top":89}],"Unceasing Top":[0]},"card_choices":[{"not_picked":["Dark Embrace","Body Slam"],"picked":"Combust","floor":1},{"not_picked":["Dual Wield","Clothesline"],"picked":"Disarm","floor":3},{"not_picked":["Body Slam","Heavy Blade"],"picked":"Shrug It Off","floor":4},{"not_picked":["Bloodletting","Anger"],"picked":"Clash","floor":5},{"not_picked":["Entrench","Perfected Strike"],"picked":"Ghostly Armor","floor":6},{"not_picked":["Pommel Strike","Impervious"],"picked":"Clothesline","floor":10},{"not_picked":["Seeing Red","Warcry"],"picked":"Flame Barrier","floor":12},{"not_picked":["Double Tap","Exhume"],"picked":"Juggernaut","floor":16},{"not_picked":["Sword Boomerang","Warcry"],"picked":"Blood for Blood+1","floor":18},{"not_picked":["Havoc","Perfected Strike+1"],"picked":"Rupture","floor":19},{"not_picked":["Sword Boomerang","Clothesline"],"picked":"Carnage","floor":21},{"not_picked":["Sword Boomerang","Pommel Strike","Disarm"],"picked":"SKIP","floor":22},{"not_picked":["Feel No Pain+1","Headbutt+1"],"picked":"Bludgeon","floor":23},{"not_picked":["Flex+1","Burning Pact"],"picked":"Inflame+1","floor":27},{"not_picked":["Carnage","Rage"],"picked":"Shrug It Off","floor":31},{"not_picked":["Immolate","Brutality"],"picked":"Limit Break","floor":33},{"not_picked":["Metallicize+1","Havoc+1"],"picked":"Heavy Blade+1","floor":35},{"not_picked":["Havoc+1","Rage"],"picked":"Sword Boomerang+1","floor":39},{"not_picked":["Evolve","Pommel Strike+1"],"picked":"Flame Barrier","floor":39},{"not_picked":["Body Slam+1","Cleave+1"],"picked":"Shrug It Off+1","floor":39},{"not_picked":["Flex+1","Cleave"],"picked":"Flame Barrier","floor":40},{"not_picked":["Anger+1","Havoc+1","Intimidate+1"],"picked":"SKIP","floor":45}],"player_experience":555303,"relics_obtained":[{"floor":6,"key":"Anchor"},{"floor":9,"key":"Orichalcum"},{"floor":10,"key":"MawBank"},{"floor":12,"key":"Letter Opener"},{"floor":19,"key":"Red Mask"},{"floor":23,"key":"Lantern"},{"floor":26,"key":"Smiling Mask"},{"floor":27,"key":"War Paint"},{"floor":31,"key":"Juzu Bracelet"},{"floor":36,"key":"Unceasing Top"},{"floor":40,"key":"The Courier"},{"floor":43,"key":"White Beast Statue"},{"floor":45,"key":"CaptainsWheel"},{"floor":46,"key":"Champion Belt"}],"event_choices":[{"damage_healed":0,"gold_gain":0,"player_choice":"Entered Light","damage_taken":16,"max_hp_gain":0,"max_hp_loss":0,"event_name":"Shining Light","floor":2,"gold_loss":0,"cards_upgraded":["Strike_R","Defend_R"]},{"damage_healed":0,"gold_gain":0,"player_choice":"Fought Bandits","damage_taken":0,"max_hp_gain":0,"max_hp_loss":0,"event_name":"Masked Bandits","floor":19,"gold_loss":0},{"damage_healed":0,"gold_gain":0,"player_choice":"Copied","damage_taken":0,"max_hp_gain":0,"max_hp_loss":0,"event_name":"Duplicator","floor":20,"gold_loss":0,"cards_obtained":["Blood for Blood"]},{"damage_healed":0,"gold_gain":0,"cards_transformed":["Battle Trance","Clash"],"player_choice":"Became Test Subject","damage_taken":0,"max_hp_gain":0,"max_hp_loss":0,"event_name":"Drug Dealer","floor":25,"gold_loss":0,"cards_obtained":["Cleave","Dual Wield"]},{"damage_healed":0,"gold_gain":0,"player_choice":"Obtained Relic","damage_taken":0,"relics_obtained":["Self Forming Clay"],"max_hp_gain":0,"max_hp_loss":0,"event_name":"Addict","floor":28,"gold_loss":85},{"damage_healed":0,"gold_gain":0,"player_choice":"Fight","damage_taken":0,"max_hp_gain":0,"max_hp_loss":0,"event_name":"Mysterious Sphere","floor":36,"gold_loss":0},{"damage_healed":0,"gold_gain":0,"player_choice":"Max HP","damage_taken":0,"max_hp_gain":0,"max_hp_loss":4,"event_name":"Winding Halls","floor":37,"gold_loss":0},{"damage_healed":0,"gold_gain":222,"player_choice":"Wore Mask","damage_taken":0,"max_hp_gain":0,"max_hp_loss":0,"event_name":"Tomb of Lord Red Mask","floor":38,"gold_loss":0},{"damage_healed":0,"gold_gain":0,"player_choice":"Memory 1","damage_taken":0,"max_hp_gain":0,"max_hp_loss":0,"event_name":"SensoryStone","floor":42,"gold_loss":0},{"damage_healed":0,"gold_gain":0,"player_choice":"Upgraded","damage_taken":0,"max_hp_gain":0,"max_hp_loss":0,"event_name":"Upgrade Shrine","floor":44,"gold_loss":0,"cards_upgraded":["Juggernaut"]},{"damage_healed":0,"gold_gain":0,"player_choice":"Fight","damage_taken":0,"max_hp_gain":0,"max_hp_loss":0,"event_name":"MindBloom","floor":46,"gold_loss":0}],"is_beta":false,"boss_relics":[{"not_picked":["Empty Cage","Coffee Dripper"],"picked":"Snecko Eye"},{"not_picked":["Runic Cube","Black Blood"],"picked":"Velvet Choker"}],"items_purged_floors":[29,39,48],"is_endless":false,"potions_floor_spawned":[1,3,6,18,21,27,33,35,45,46],"ascension_level":0}}