{"host":"wmrrle71ao22fxdw","time":1613404410,"event":{"mods":["BaseMod","Colored Map","Minty Spire (QoL Compilation)"],"gold_per_floor":[113,128,138,152,163,163,192,192,271,304,379,399,35,46,46,150,150,169,179,197,44,44,73,101,136,136,136,153,153,53,65,65,170,170,187,62,74,92,314,345,345,363,386,402,412,428,461,479,479,479,479],"floor_reached":50,"language":"ENG","playtime":2582,"items_purged":["Strike_P","Defend_P","Defend_P"],"score":635,"play_id":"e5371006-2126-4cfc-891b-7f8249c5844e","local_time":"20210215165330","is_ascension_mode":false,"campfire_choices":[{"data":"EmptyFist","floor":6,"key":"SMITH"},{"floor":15,"key":"REST"},{"data":"Bite","floor":27,"key":"SMITH"},{"data":"Fasting2","floor":29,"key":"SMITH"},{"data":"Bite","floor":32,"key":"SMITH"},{"data":"Conclude","floor":41,"key":"SMITH"},{"data":"FearNoEvil","floor":49,"key":"SMITH"}],"circlet_count":0,"master_deck":["Defend_P","Defend_P","Eruption","Vigilance","Protect","EmptyFist+1","BowlingBash","Conclude+1","FollowUp","Halt","Perseverance","Fasting2+1","FearNoEvil+1","MasterReality","CutThroughFate+1","Bite+1","Bite+1","Bite","Bite","Bite","FlyingSleeves","FearNoEvil+1","WheelKick","DeusExMachina","Collect+1","Protect+1"],"relics":["Velvet Choker","Matryoshka","Bag of Marbles","InkBottle","Boot","Pen Nib","Sozu","Vajra","Mango","Red Mask","Nunchaku","Anchor","Bottled Lightning","Philosopher\u0027s Stone","Blue Candle","Orichalcum","Ancient Tea Set"],"acts_visited":["Exordium","TheCity","TheBeyond"],"potions_floor_usage":[47,50,50],"damage_taken":[{"damage":0,"enemies":"Jaw Worm","floor":1,"turns":4},{"damage":0,"enemies":"Cultist","floor":2,"turns":3},{"damage":2,"enemies":"2 Louse","floor":3,"turns":2},{"damage":28,"enemies":"Gremlin Gang","floor":4,"turns":4},{"damage":0,"enemies":"Blue Slaver","floor":5,"turns":4},{"damage":28,"enemies":"Gremlin Nob","floor":7,"turns":3},{"damage":18,"enemies":"3 Sentries","floor":10,"turns":4},{"damage":0,"enemies":"Exordium Wildlife","floor":12,"turns":3},{"damage":8,"enemies":"Red Slaver","floor":14,"turns":3},{"damage":23,"enemies":"Slime Boss","floor":16,"turns":9},{"damage":10,"enemies":"3 Byrds","floor":18,"turns":5},{"damage":0,"enemies":"Shell Parasite","floor":19,"turns":2},{"damage":11,"enemies":"Snecko","floor":20,"turns":5},{"damage":21,"enemies":"Book of Stabbing","floor":23,"turns":5},{"damage":0,"enemies":"Masked Bandits","floor":24,"turns":1},{"damage":15,"enemies":"Gremlin Leader","floor":25,"turns":3},{"damage":21,"enemies":"Snake Plant","floor":28,"turns":3},{"damage":0,"enemies":"Centurion and Healer","floor":31,"turns":5},{"damage":42,"enemies":"Champ","floor":33,"turns":4},{"damage":0,"enemies":"3 Darklings","floor":35,"turns":2},{"damage":4,"enemies":"Orb Walker","floor":37,"turns":3},{"damage":0,"enemies":"Jaw Worm Horde","floor":38,"turns":4},{"damage":34,"enemies":"Giant Head","floor":40,"turns":7},{"damage":0,"enemies":"Sphere and 2 Shapes","floor":42,"turns":3},{"damage":0,"enemies":"Transient","floor":44,"turns":5},{"damage":16,"enemies":"Spire Growth","floor":45,"turns":3},{"damage":0,"enemies":"Jaw Worm Horde","floor":46,"turns":3},{"damage":0,"enemies":"Nemesis","floor":47,"turns":2},{"damage":0,"enemies":"Sphere and 2 Shapes","floor":48,"turns":2},{"damage":89,"enemies":"Time Eater","floor":50,"turns":5}],"seed_played":"8235428319481965715","potions_obtained":[{"floor":3,"key":"AttackPotion"},{"floor":4,"key":"Regen Potion"},{"floor":5,"key":"ColorlessPotion"}],"is_trial":false,"path_per_floor":["M","M","M","M","M","R","E","?","T","E","?","M","$","M","R","B",null,"M","M","M","$","?","E","?","E","T","R","M","R","$","M","R","B",null,"M","$","M","M","?","E","R","M","T","M","M","M","E","M","R","B"],"character_chosen":"WATCHER","items_purchased":["Pen Nib","Fasting2","FearNoEvil","Vajra"],"campfire_rested":1,"item_purchase_floors":[13,13,13,21],"current_hp_per_floor":[72,72,70,42,42,42,14,38,38,20,13,13,13,5,26,3,72,62,62,51,51,50,51,55,46,46,46,34,34,34,47,47,20,64,64,64,60,64,64,33,33,35,35,48,42,52,54,56,56,0,0],"gold":479,"neow_bonus":"BOSS_RELIC","is_daily":false,"chose_seed":false,"campfire_upgraded":6,"win_rate":0.0,"timestamp":1613404410,"path_taken":["M","M","M","M","M","R","E","?","T","E","?","?","$","?","R","BOSS","M","M","?","$","?","E","?","E","T","R","M","R","$","M","R","BOSS","M","$","M","M","?","E","R","M","T","M","M","M","E","M","R","BOSS"],"items_purchased_type":["Relic","Card","Card","Relic"],"build_version":"2020-12-22","purchased_purges":3,"victory":false,"max_hp_per_floor":[72,72,72,72,72,72,72,72,72,72,72,72,72,72,72,72,72,72,72,72,72,50,64,64,64,64,64,64,64,64,64,64,64,64,64,64,64,64,64,64,64,64,64,64,64,64,64,64,64,64,64],"card_choices":[{"not_picked":["PathToVictory","Evaluate"],"picked":"Protect","floor":1},{"not_picked":["Nirvana","ThirdEye"],"picked":"EmptyFist","floor":2},{"not_picked":["EmptyFist","DeceiveReality"],"picked":"BowlingBash","floor":3},{"not_picked":["Consecrate","Indignation"],"picked":"Conclude","floor":4},{"not_picked":["CrushJoints","FearNoEvil"],"picked":"FollowUp","floor":5},{"not_picked":["FollowUp","SpiritShield"],"picked":"Halt","floor":7},{"not_picked":["EmptyFist","ClearTheMind","CrushJoints"],"picked":"SKIP","floor":10},{"not_picked":["Prostrate","Sanctity"],"picked":"Perseverance","floor":12},{"not_picked":["ClearTheMind","Consecrate","ForeignInfluence"],"picked":"SKIP","floor":14},{"not_picked":["Vault","SpiritShield"],"picked":"MasterReality","floor":16},{"not_picked":["Meditate","DeceiveReality+1","SignatureMove"],"picked":"SKIP","floor":18},{"not_picked":["SashWhip","Pray"],"picked":"CutThroughFate+1","floor":19},{"not_picked":["FollowUp","SignatureMove","PathToVictory"],"picked":"SKIP","floor":20},{"not_picked":["BowlingBash","PathToVictory"],"picked":"FlyingSleeves","floor":23},{"not_picked":["FlurryOfBlows","SashWhip"],"picked":"FearNoEvil+1","floor":24},{"not_picked":["Collect","SashWhip"],"picked":"WheelKick","floor":25},{"not_picked":["PathToVictory","SandsOfTime","Crescendo"],"picked":"SKIP","floor":28},{"not_picked":["EmptyBody","ForeignInfluence","Pray"],"picked":"SKIP","floor":31},{"not_picked":["DevaForm","SpiritShield"],"picked":"DeusExMachina","floor":33},{"not_picked":["Halt+1","Consecrate+1"],"picked":"Collect+1","floor":35},{"not_picked":["Worship","ClearTheMind+1","Evaluate"],"picked":"SKIP","floor":37},{"not_picked":["FollowUp","Evaluate+1","Consecrate"],"picked":"SKIP","floor":38},{"not_picked":["ForeignInfluence","ClearTheMind+1","BattleHymn"],"picked":"SKIP","floor":40},{"not_picked":["Pray","Brilliance","Consecrate"],"picked":"SKIP","floor":42},{"not_picked":["FollowUp+1","CutThroughFate","Evaluate"],"picked":"SKIP","floor":44},{"not_picked":["Adaptation","Prostrate","CrushJoints"],"picked":"SKIP","floor":45},{"not_picked":["ForeignInfluence","Study+1","EmptyBody+1"],"picked":"SKIP","floor":46},{"not_picked":["JustLucky","BowlingBash"],"picked":"Protect+1","floor":47},{"not_picked":["SignatureMove+1","Establishment","Wireheading+1"],"picked":"SKIP","floor":48}],"player_experience":99660,"relics_obtained":[{"floor":7,"key":"Matryoshka"},{"floor":9,"key":"Bag of Marbles"},{"floor":9,"key":"InkBottle"},{"floor":10,"key":"Boot"},{"floor":23,"key":"Mango"},{"floor":24,"key":"Red Mask"},{"floor":25,"key":"Nunchaku"},{"floor":26,"key":"Anchor"},{"floor":26,"key":"Bottled Lightning"},{"floor":40,"key":"Blue Candle"},{"floor":43,"key":"Orichalcum"},{"floor":47,"key":"Ancient Tea Set"}],"event_choices":[{"damage_healed":24,"gold_gain":0,"player_choice":"Banana","damage_taken":0,"max_hp_gain":0,"max_hp_loss":0,"event_name":"Big Fish","floor":8,"gold_loss":0},{"damage_healed":0,"gold_gain":75,"player_choice":"Touch","damage_taken":7,"max_hp_gain":0,"max_hp_loss":0,"event_name":"FaceTrader","floor":11,"gold_loss":0},{"damage_healed":0,"gold_gain":0,"player_choice":"Became a vampire","damage_taken":0,"max_hp_gain":0,"max_hp_loss":22,"event_name":"Vampires","floor":22,"gold_loss":0,"cards_obtained":["Bite","Bite","Bite","Bite","Bite"]},{"damage_healed":0,"gold_gain":0,"player_choice":"Fought Bandits","damage_taken":0,"max_hp_gain":0,"max_hp_loss":0,"event_name":"Masked Bandits","floor":24,"gold_loss":0},{"damage_healed":0,"gold_gain":222,"player_choice":"Wore Mask","damage_taken":0,"max_hp_gain":0,"max_hp_loss":0,"event_name":"Tomb of Lord Red Mask","floor":39,"gold_loss":0}],"is_beta":false,"boss_relics":[{"not_picked":["Black Star","Astrolabe"],"picked":"Sozu"},{"not_picked":["Fusion Hammer","Tiny House"],"picked":"Philosopher\u0027s Stone"}],"items_purged_floors":[13,30,36],"is_endless":false,"potions_floor_spawned":[3,4,5,10,14,19,24,28,31,33,40,45,46,47,48],"killed_by":"Time Eater","ascension_level":0}}