{"host":"kg61lsvem4dxoat8","time":1613410933,"event":{"mods":["AchievementEnabler","BaseMod","Better Altar","Better Match","Better Sensory Stone","Better Skull","Block Reminder","Highlight Path","Minty Spire (QoL Compilation)","Quick Restart","Rare Cards Sparkle","Relic Sorter","Relic Stats","StSLib","Synergy Search","slay the spire mod where everything is the same but ironclad has a cowboy hat"],"gold_per_floor":[110,110,125,75,350,350,677,677,677,677,677],"floor_reached":10,"language":"ENG","playtime":63,"items_purged":[],"score":134,"play_id":"1c09ddf0-421d-4d77-b956-167083fb29b4","local_time":"20210216014213","is_ascension_mode":true,"campfire_choices":[{"data":"Bash","floor":6,"key":"SMITH"},{"data":"Juggernaut","floor":8,"key":"SMITH"}],"circlet_count":0,"master_deck":["AscendersBane","Strike_R","Strike_R","Strike_R","Strike_R","Defend_R","Defend_R","Defend_R","Defend_R","Bash+1","Regret","Juggernaut+1"],"relics":["Burning Blood","NeowsBlessing","Old Coin","Letter Opener"],"acts_visited":["Exordium"],"potions_floor_usage":[],"damage_taken":[{"damage":0,"enemies":"2 Louse","floor":1,"turns":1},{"damage":0,"enemies":"Small Slimes","floor":3,"turns":1},{"damage":0,"enemies":"Lagavulin","floor":7,"turns":1},{"damage":3,"enemies":"3 Sentries","floor":10,"turns":1}],"seed_played":"4680772537742466037","potions_obtained":[{"floor":3,"key":"FearPotion"},{"floor":7,"key":"Energy Potion"}],"is_trial":false,"path_per_floor":["M","$","M","?","?","R","E","R","T","E"],"character_chosen":"IRONCLAD","items_purchased":[],"campfire_rested":0,"item_purchase_floors":[],"current_hp_per_floor":[78,78,80,80,80,80,80,80,80,77,77],"gold":677,"neow_bonus":"THREE_ENEMY_KILL","is_daily":false,"chose_seed":false,"campfire_upgraded":2,"win_rate":0.0,"timestamp":1613410933,"path_taken":["M","$","M","?","?","R","E","R","T","E"],"items_purchased_type":[],"build_version":"2020-12-22","purchased_purges":0,"victory":false,"max_hp_per_floor":[80,80,80,80,80,80,80,80,80,80,80],"relic_stats":{"counters":[4,4],"Letter Opener":[0],"obtain_stats":[{"NeowsBlessing":0,"Letter Opener":9,"Burning Blood":0,"Old Coin":7},{"NeowsBlessing":0,"Letter Opener":3,"Burning Blood":0,"Old Coin":3},{"NeowsBlessing":0,"Letter Opener":3,"Burning Blood":0,"Old Coin":3}],"Burning Blood":8},"card_choices":[{"not_picked":["Flex","Spot Weakness","Clash"],"picked":"SKIP","floor":1},{"not_picked":["Headbutt","Sentinel","Iron Wave"],"picked":"SKIP","floor":3},{"not_picked":["Flame Barrier","Sword Boomerang"],"picked":"Juggernaut","floor":7}],"player_experience":1545455,"relics_obtained":[{"floor":7,"key":"Old Coin"},{"floor":9,"key":"Letter Opener"}],"event_choices":[{"cards_removed":["Strike_R"],"damage_healed":0,"gold_gain":0,"player_choice":"Card Removal","damage_taken":0,"max_hp_gain":0,"max_hp_loss":0,"event_name":"The Cleric","floor":4,"gold_loss":50},{"damage_healed":0,"gold_gain":275,"player_choice":"Desecrate","damage_taken":0,"max_hp_gain":0,"max_hp_loss":0,"event_name":"Golden Shrine","floor":5,"gold_loss":0,"cards_obtained":["Regret"]}],"is_beta":false,"boss_relics":[],"items_purged_floors":[],"is_endless":false,"potions_floor_spawned":[3,7],"killed_by":"3 Sentries","ascension_level":10}}