{"host":"uhhucka17mqeuzwb","time":1613360815,"event":{"mods":["2.2 Compatiblity","AchievementEnabler","Act Like it!","Astrologer","BaseMod","Better Altar","Better Skull","Colored Powertips","Defuse TimeMaze Blight","Downfall","Energized Spire","Faster Ascension Climbing","Friendly Minions","Gensokyo","GifTheSpireLib","Gremlin Mod","Gremlin Skip","Hallownest","Hermit","HololiveMod","KinomotoSakuraMod(????)","Lobotomy","Marisa????????","Minty Spire (QoL Compilation)","Quick Restart","Red Circlet Mod","Replay The Spire","Reworked Bosses","Shade Mod","Shop Mod","StSLib","The Animator","The Blue Laboratory","The Bug Knight","The Cursed","Waifu the Spire"],"gold_per_floor":[119,139,248,248,264,293,293],"floor_reached":6,"language":"ENG","playtime":958,"items_purged":[],"score":46,"play_id":"365fe52c-6a2d-48b9-9805-93f831dc0879","local_time":"20210214224655","is_ascension_mode":false,"campfire_choices":[],"circlet_count":0,"master_deck":["TheCursedMod:Strike_TheCursed","TheCursedMod:Strike_TheCursed","TheCursedMod:Strike_TheCursed","TheCursedMod:Strike_TheCursed","TheCursedMod:Defend_TheCursed","TheCursedMod:Defend_TheCursed","TheCursedMod:Defend_TheCursed","TheCursedMod:Defend_TheCursed","TheCursedMod:CursedWand","TheCursedMod:CleanUpWorkshop","TheCursedMod:Dregs","UniverseFragment","TheCursedMod:CursedBlade","TheCursedMod:Neurasthenia","TheCursedMod:AshesToAshes+1","Bloodbath","LongBird","TheCursedMod:CircleOfCorruption"],"relics":["TheCursedMod:BlackMagic101","CogitoBucket","Juzu Bracelet","Dream Catcher"],"acts_visited":["Gensokyo:Gensokyo"],"potions_floor_usage":[6],"damage_taken":[{"damage":0,"enemies":"Gensokyo:Python","floor":1,"turns":4},{"damage":5,"enemies":"Gensokyo:Gryphon","floor":2,"turns":4},{"damage":0,"enemies":"Gensokyo:2_Kodama","floor":5,"turns":2},{"damage":56,"enemies":"Gensokyo:Mamizou","floor":6,"turns":11}],"seed_played":"-4306575816310033225","potions_obtained":[{"floor":2,"key":"blueLaboratory:FruitPunch"}],"is_trial":false,"path_per_floor":["M","M","?","?","M","E"],"character_chosen":"THE_CURSED","items_purchased":[],"campfire_rested":0,"item_purchase_floors":[],"current_hp_per_floor":[75,70,63,63,63,13,13],"gold":293,"neow_bonus":"","is_daily":false,"chose_seed":false,"campfire_upgraded":0,"win_rate":0.0,"timestamp":1613360815,"path_taken":["M","M","?","?","M","E"],"items_purchased_type":[],"build_version":"2020-12-22","purchased_purges":0,"victory":false,"max_hp_per_floor":[75,75,75,75,75,77,77],"card_choices":[{"not_picked":["SingingMachine","MHz","MeatLantern"],"picked":"Singing Bowl","floor":1},{"not_picked":["Murderer","Wellcheers"],"picked":"UniverseFragment","floor":1},{"not_picked":["TheCursedMod:CursedAmulet","TheCursedMod:SurpriseAttack"],"picked":"TheCursedMod:CursedBlade","floor":1},{"not_picked":["BeautyBeast","MHz","Scorched"],"picked":"Singing Bowl","floor":2},{"not_picked":["TheCursedMod:Torture","TheCursedMod:SaltUponWound"],"picked":"TheCursedMod:Neurasthenia","floor":2},{"not_picked":["SnowQueen","PunishingBird","VoidDream"],"picked":"Singing Bowl","floor":5},{"not_picked":["OldLady","CrumblingArmor"],"picked":"Bloodbath","floor":5},{"not_picked":["TheCursedMod:Stigma","TheCursedMod:Wield","TheCursedMod:CircleOfFlame"],"picked":"SKIP","floor":5},{"not_picked":["LittlePrince","Variant"],"picked":"LongBird","floor":6},{"not_picked":["TheCursedMod:FleshFromBone","TheCursedMod:Stigma"],"picked":"TheCursedMod:CircleOfCorruption","floor":6}],"player_experience":1095129,"relics_obtained":[{"floor":6,"key":"Dream Catcher"}],"event_choices":[{"damage_healed":0,"gold_gain":109,"player_choice":"GO ","damage_taken":8,"relics_obtained":[],"max_hp_gain":0,"max_hp_loss":0,"event_name":"betterSkull:BetterSkull","floor":3,"gold_loss":0,"cards_upgraded":[]}],"is_beta":false,"boss_relics":[],"items_purged_floors":[],"is_endless":false,"potions_floor_spawned":[2],"killed_by":"Gensokyo:Mamizou","ascension_level":0}}