{"host":"vk2xyavtylxbvrfq","time":1613422076,"event":{"mods":["Bard","BaseMod","Bestiary","Better Altar","Better Match","Better Note","Better Sensory Stone","Better Skull","Better Vampires","Block Reminder","Bossed Relics","Colored Map","Curses Come First","Displayed Cursed Tome","Downfall","Fox Events","Hermit","Ironclad Rager","Marked Mod","Minty Spire (QoL Compilation)","Quick Restart","Rare Cards Sparkle","Relic Sorter","Reliquary","Robot Space Explorer","StSLib","The Hayseed","The Runesmith","TheSurvivalist","Unceasing Turn Reminder"],"gold_per_floor":[119,150,150,169,189,189,9,29,106,135,147,147,251,14,14,116,193,206,206,224,243,10,10,23,23,100,117,117,117,22,32,32,136,213,230,230,230,70,70,70,70,85,162,172,198,198,198,217,217,217,217],"floor_reached":50,"language":"ENG","playtime":3042,"items_purged":[],"score":525,"play_id":"f4ee436b-359a-4683-84c2-9fe17c211a6f","local_time":"20210215154756","is_ascension_mode":false,"campfire_choices":[{"floor":6.0,"key":"REST"},{"floor":12.0,"key":"REST"},{"floor":15.0,"key":"REST"},{"data":"hermit:Maintenance","floor":23,"key":"SMITH"},{"data":"hermit:Headshot","floor":25,"key":"SMITH"},{"floor":32,"key":"RECALL"},{"data":"hermit:Vantage","floor":40,"key":"SMITH"},{"floor":46,"key":"REST"},{"floor":49,"key":"REST"}],"circlet_count":0,"master_deck":["hermit:Strike_Hermit","hermit:Strike_Hermit","hermit:Strike_Hermit","hermit:Strike_Hermit","hermit:Defend_Hermit+1","hermit:Defend_Hermit","hermit:Defend_Hermit","hermit:Defend_Hermit+1","hermit:Snapshot","hermit:Covet","hermit:Quickdraw","hermit:Enervate","hermit:Cheat","hermit:Deadeye","hermit:Maintenance+1","hermit:Glare","hermit:Quickdraw","hermit:GoldenBullet","hermit:EyeOfTheStorm","hermit:BigShot","hermit:Headshot+1","hermit:BodyArmor","hermit:Malice","hermit:HighCaliber","hermit:TakeAim","hermit:Virtue+1","hermit:RoundhouseKick","hermit:Vantage+1","hermit:Brawl+1","hermit:Gestalt+1","hermit:BodyArmor+1","hermit:TrackingShot+1","hermit:Spite+1"],"relics":["hermit:Momento","reliquary:PartyBalloon","foxEvents:LuckyCharm","Vajra","Omamori","ClockworkSouvenir","reliquary:BoilingFlask","hermit:Horseshoe","Centennial Puzzle","Membership Card","reliquary:RoseTintedGlasses","Pandora\u0027s Box","War Paint","Strange Spoon","Juzu Bracelet","WarpedTongs","Toolbox","Sozu","Shuriken","reliquary:ExpiredCoupon"],"acts_visited":["Exordium","TheCity","TheBeyond"],"potions_floor_usage":[21,21,24,31,47],"damage_taken":[{"damage":6.0,"enemies":"Jaw Worm","floor":1.0,"turns":3.0},{"damage":15.0,"enemies":"Colosseum Slavers","floor":2.0,"turns":5.0},{"damage":1.0,"enemies":"Cultist","floor":4.0,"turns":3.0},{"damage":0.0,"enemies":"2 Louse","floor":5.0,"turns":2.0},{"damage":0.0,"enemies":"Looter","floor":8.0,"turns":2.0},{"damage":31.0,"enemies":"Gremlin Nob","floor":10.0,"turns":4.0},{"damage":8.0,"enemies":"3 Louse","floor":11.0,"turns":2.0},{"damage":16,"enemies":"Slime Boss","floor":16,"turns":10},{"damage":4,"enemies":"2 Thieves","floor":18,"turns":4},{"damage":0,"enemies":"Spheric Guardian","floor":20,"turns":2},{"damage":0,"enemies":"Cultist and Chosen","floor":21,"turns":3},{"damage":9,"enemies":"3 Cultists","floor":24,"turns":5},{"damage":1,"enemies":"Centurion and Healer","floor":27,"turns":5},{"damage":1,"enemies":"Snecko","floor":31,"turns":4},{"damage":67,"enemies":"Automaton","floor":33,"turns":12},{"damage":25,"enemies":"3 Darklings","floor":35,"turns":5},{"damage":13,"enemies":"Orb Walker","floor":42,"turns":3},{"damage":6,"enemies":"Transient","floor":44,"turns":5},{"damage":36,"enemies":"Nemesis","floor":45,"turns":7},{"damage":0,"enemies":"Reptomancer","floor":47,"turns":1},{"damage":24,"enemies":"3 Darklings","floor":48,"turns":5},{"damage":77,"enemies":"Time Eater","floor":50,"turns":11}],"seed_played":"-3409934807353278840","potions_obtained":[{"floor":4.0,"key":"sneckomod:MuddlingPotion"},{"floor":8.0,"key":"Strength Potion"},{"floor":16,"key":"SmokeBomb"},{"floor":18,"key":"ColorlessPotion"},{"floor":21,"key":"Strength Potion"},{"floor":27,"key":"hexamod:SoulburnPotion"}],"is_trial":false,"path_per_floor":["M","?","?","M","M","R","$","M","T","E","M","R","T","$","R","B",null,"M","?","M","M","$","R","M","R","T","M","?","?","$","M","R","B",null,"M","?","?","$","?","R","?","M","T","M","E","R","E","M","R","B"],"character_chosen":"HERMIT","items_purchased":["ClockworkSouvenir","hermit:Deadeye","Membership Card","reliquary:RoseTintedGlasses","hermit:Quickdraw","War Paint","Strange Spoon","hermit:BigShot","hermit:Headshot","hermit:BodyArmor","Toolbox","hermit:TakeAim","Shuriken","hermit:Brawl"],"campfire_rested":5,"item_purchase_floors":[7,7,14,14,14,22,22,22,22,22,30,30,38,38],"current_hp_per_floor":[69,54,21,20,20,42,42,42,42,11,3,25,25,25,47,31,75,71,85,85,85,85,85,76,76,76,75,75,75,75,74,74,7,85,60,81,81,81,81,81,81,68,68,62,26,51,51,27,52,0,0],"gold":217,"neow_bonus":"RANDOM_COMMON_RELIC","is_daily":false,"chose_seed":false,"campfire_upgraded":3,"win_rate":0.0,"timestamp":1613422076,"path_taken":["M","?","?","M","?","R","$","M","T","E","M","R","?","?","R","BOSS","M","?","?","M","$","R","M","R","T","M","?","?","$","M","R","BOSS","M","?","?","$","?","R","?","M","T","M","E","R","E","M","R","BOSS"],"items_purchased_type":["Relic","Card","Relic","Relic","Card","Relic","Relic","Card","Card","Card","Relic","Card","Relic","Card"],"build_version":"2020-12-22","purchased_purges":0,"victory":false,"max_hp_per_floor":[75,75,75,75,75,75,75,75,75,75,75,75,75,75,75,75,75,75,85,85,85,85,85,85,85,85,85,85,85,85,85,85,85,85,85,85,85,85,85,85,85,85,85,85,85,85,85,85,85,85,85],"card_choices":[{"not_picked":["hermit:WideOpen","hermit:Misfire"],"picked":"hermit:Quickdraw","floor":1.0},{"not_picked":["hermit:Midnight","hermit:Glare"],"picked":"hermit:Enervate","floor":4.0},{"not_picked":["hermit:Feint","hermit:Manifest"],"picked":"hermit:Cheat","floor":5.0},{"not_picked":["hermit:BodyArmor","hermit:FullyLoaded","hermit:HighCaliber"],"picked":"SKIP","floor":8.0},{"not_picked":["hermit:Enervate","hermit:Determination"],"picked":"hermit:Maintenance","floor":10.0},{"not_picked":["hermit:HighCaliber","hermit:Coalescence"],"picked":"hermit:Glare","floor":11.0},{"not_picked":["hermit:Gambit","hermit:HeroicBravado"],"picked":"hermit:FinalCanter","floor":16},{"not_picked":["hermit:SprayPray","hermit:LoneWolf"],"picked":"hermit:ItchyTrigger+1","floor":18},{"not_picked":["hermit:BodyArmor","hermit:Manifest"],"picked":"hermit:GoldenBullet","floor":20},{"not_picked":["hermit:Coalescence","hermit:TakeCover"],"picked":"hermit:EyeOfTheStorm","floor":21},{"not_picked":["hermit:Quickdraw","hermit:Misfire"],"picked":"hermit:Malice","floor":24},{"not_picked":["hermit:WideOpen","hermit:Coalescence"],"picked":"hermit:HighCaliber","floor":27},{"not_picked":["hermit:Midnight","hermit:LuckOfTheDraw"],"picked":"hermit:Virtue+1","floor":31},{"not_picked":["hermit:Gambit","hermit:FromBeyond"],"picked":"hermit:RoundhouseKick","floor":33},{"not_picked":["hermit:Snipe","hermit:Cheat"],"picked":"hermit:Vantage","floor":35},{"not_picked":["hermit:NoHoldsBarred","hermit:Deadeye"],"picked":"hermit:Gestalt+1","floor":42},{"not_picked":["hermit:CalledShot","hermit:Roulette"],"picked":"hermit:BodyArmor+1","floor":44},{"not_picked":["hermit:Midnight","hermit:Manifest"],"picked":"hermit:TrackingShot+1","floor":45},{"not_picked":["hermit:Scavenge+1","hermit:HoleUp"],"picked":"hermit:Spite+1","floor":48}],"player_experience":1380199,"relics_obtained":[{"floor":2.0,"key":"foxEvents:LuckyCharm"},{"floor":9.0,"key":"reliquary:BoilingFlask"},{"floor":10.0,"key":"hermit:Horseshoe"},{"floor":13.0,"key":"Centennial Puzzle"},{"floor":26,"key":"Juzu Bracelet"},{"floor":45,"key":"reliquary:ExpiredCoupon"}],"event_choices":[{"damage_healed":0.0,"max_hp_gain":0.0,"max_hp_loss":0.0,"gold_gain":0.0,"event_name":"betterSkull:BetterSkull","player_choice":"RE RE ","floor":3.0,"gold_loss":0.0,"damage_taken":37.0,"cards_upgraded":[],"relics_obtained":["Vajra","Omamori"]},{"cards_removed":["hermit:FinalCanter"],"damage_healed":4,"gold_gain":0,"player_choice":"Offered Rare","damage_taken":0,"max_hp_gain":10,"max_hp_loss":0,"event_name":"Bonfire Elementals","floor":19,"gold_loss":0},{"damage_healed":0,"gold_gain":0,"player_choice":"Rummage","damage_taken":0,"relics_obtained":["WarpedTongs"],"max_hp_gain":0,"max_hp_loss":0,"event_name":"Accursed Blacksmith","floor":28,"gold_loss":0,"cards_obtained":["Pain"]},{"cards_removed":["hermit:Maintenance"],"damage_healed":0,"gold_gain":0,"player_choice":"Give","damage_taken":0,"max_hp_gain":0,"max_hp_loss":0,"event_name":"betterNote:BetterNote","floor":29,"gold_loss":0,"cards_obtained":["None"]},{"damage_healed":21,"gold_gain":0,"player_choice":"Writhe","damage_taken":0,"max_hp_gain":0,"max_hp_loss":0,"event_name":"Winding Halls","floor":36,"gold_loss":0,"cards_obtained":["Writhe"]},{"damage_healed":0,"gold_gain":0,"player_choice":"Bought 0 Potions","damage_taken":0,"max_hp_gain":0,"max_hp_loss":0,"event_name":"The Woman in Blue","floor":37,"gold_loss":0},{"cards_removed":["hermit:ItchyTrigger"],"damage_healed":0,"gold_gain":0,"player_choice":"Removed Attack","damage_taken":0,"max_hp_gain":0,"max_hp_loss":0,"event_name":"Falling","floor":39,"gold_loss":0},{"damage_healed":0,"gold_gain":0,"player_choice":"Upgraded","damage_taken":0,"max_hp_gain":0,"max_hp_loss":0,"event_name":"Upgrade Shrine","floor":41,"gold_loss":0,"cards_upgraded":["hermit:Brawl"]}],"is_beta":false,"boss_relics":[{"not_picked":["Ectoplasm","Runic Dome"],"picked":"Pandora\u0027s Box"},{"not_picked":["reliquary:KinkedSpring","Empty Cage"],"picked":"Sozu"}],"items_purged_floors":[],"is_endless":false,"potions_floor_spawned":[4,8,16,18,21,27,42,44,47,48],"killed_by":"Time Eater","ascension_level":0}}