{"host":"cbu6enf2xtq4r7r3","time":1613349904,"event":{"mods":["2.2 Compatiblity","AlwaysNeverKeys","BaseMod","Better Match","Better Note","Better Sensory Stone","Better Skull","Better Third Choice","Colored Map","Colored Powertips","Defuse TimeMaze Blight","Emptier Cage","Minty Spire (QoL Compilation)","Permanent Neow","Quick Restart","Random Character Button","Relic Sorter","Reorder Act Four","Shop Mod","StSLib"],"gold_per_floor":[219,234,309,328,328,353,17,17,90,125,152,164,220,255,267,404,416,453,490,527,40,59,59,75,118,167,167,167,167,208,226,226,226,226],"floor_reached":33,"language":"ENG","playtime":1101,"items_purged":["Strike_G"],"score":366,"play_id":"c78af706-edb4-45ac-aa30-668a73d1e0d7","local_time":"20210215014504","is_ascension_mode":true,"campfire_choices":[{"data":"Neutralize","floor":12,"key":"SMITH"},{"data":"Sucker Punch","floor":15,"key":"SMITH"},{"data":"Deadly Poison","floor":23,"key":"SMITH"},{"data":"Terror","floor":27,"key":"SMITH"},{"data":"Ragnarok","floor":29,"key":"SMITH"},{"data":"Deflect","floor":32,"key":"SMITH"}],"circlet_count":0,"master_deck":["Strike_G","Strike_G","Strike_G","Defend_G","Defend_G","Defend_G","Defend_G","Defend_G","Survivor","Neutralize+1","Predator","Dagger Throw","All Out Attack","Sucker Punch+1","PiercingWail","Die Die Die","Adrenaline","Blade Dance+1","Terror+1","PiercingWail","Deadly Poison+1","PiercingWail+1","Adrenaline","Ragnarok+1","Cloak And Dagger+1","Deflect+1"],"relics":["Ring of the Snake","Golden Idol","Matryoshka","Mercury Hourglass","Blue Candle","MawBank","Bag of Marbles","SacredBark","Akabeko","OrangePellets","Oddly Smooth Stone","Tiny Chest","Bag of Preparation","Ancient Tea Set","Eternal Feather"],"acts_visited":["Exordium","TheCity"],"potions_floor_usage":[6,10,10,16,18,20,22,25],"damage_taken":[{"damage":0,"enemies":"Small Slimes","floor":1,"turns":4},{"damage":0,"enemies":"Jaw Worm","floor":2,"turns":3},{"damage":0,"enemies":"Cultist","floor":4,"turns":3},{"damage":0,"enemies":"Lots of Slimes","floor":6,"turns":1},{"damage":5,"enemies":"Lagavulin","floor":10,"turns":3},{"damage":0,"enemies":"2 Fungi Beasts","floor":11,"turns":2},{"damage":4,"enemies":"Gremlin Nob","floor":13,"turns":3},{"damage":0,"enemies":"Exordium Wildlife","floor":14,"turns":3},{"damage":24,"enemies":"Hexaghost","floor":16,"turns":13},{"damage":7,"enemies":"2 Thieves","floor":18,"turns":2},{"damage":0,"enemies":"Chosen","floor":19,"turns":4},{"damage":7,"enemies":"Centurion and Healer","floor":20,"turns":3},{"damage":6,"enemies":"Snake Plant","floor":22,"turns":3},{"damage":6,"enemies":"Shelled Parasite and Fungi","floor":24,"turns":3},{"damage":0,"enemies":"Gremlin Leader","floor":25,"turns":5},{"damage":0,"enemies":"Book of Stabbing","floor":30,"turns":1},{"damage":9,"enemies":"Snecko","floor":31,"turns":3},{"damage":57,"enemies":"Automaton","floor":33,"turns":12}],"seed_played":"4104132627956224545","potions_obtained":[{"floor":2,"key":"FearPotion"},{"floor":4,"key":"SteroidPotion"},{"floor":6,"key":"CunningPotion"},{"floor":11,"key":"SpeedPotion"},{"floor":16,"key":"Strength Potion"},{"floor":18,"key":"FearPotion"},{"floor":19,"key":"Energy Potion"},{"floor":24,"key":"EssenceOfSteel"}],"is_trial":false,"path_per_floor":["M","M","?","M","?","M","$","?","T","E","M","R","E","M","R","B",null,"M","M","M","$","M","R","M","E","T","R","?","R","E","M","R","B"],"character_chosen":"THE_SILENT","items_purchased":["Matryoshka","Akabeko","OrangePellets","Deadly Poison","Oddly Smooth Stone"],"campfire_rested":0,"item_purchase_floors":[7,21,21,21,21],"current_hp_per_floor":[70,70,59,59,59,59,59,59,59,54,54,54,50,50,50,26,65,58,58,51,51,45,45,39,39,39,39,39,39,39,30,45,0,0],"gold":226,"neow_bonus":"HUNDRED_GOLD","is_daily":false,"chose_seed":false,"campfire_upgraded":6,"win_rate":0.0,"timestamp":1613349904,"path_taken":["M","M","?","M","?","M","$","?","T","E","?","R","E","M","R","BOSS","M","?","M","$","M","R","M","E","T","R","?","R","E","M","R","BOSS"],"items_purchased_type":["Relic","Relic","Relic","Card","Relic"],"build_version":"2020-12-22","purchased_purges":1,"victory":false,"max_hp_per_floor":[70,70,70,70,65,65,65,65,65,65,65,65,65,65,65,65,65,65,65,65,65,65,65,65,65,65,65,65,65,65,65,65,65,65],"card_choices":[{"not_picked":["Dodge and Roll","Predator","Cloak And Dagger"],"picked":"SKIP","floor":1},{"not_picked":["Dodge and Roll","Cloak And Dagger"],"picked":"Predator","floor":1},{"not_picked":["Distraction","Slice"],"picked":"Dagger Throw","floor":2},{"not_picked":["Expertise","Underhanded Strike"],"picked":"All Out Attack","floor":4},{"not_picked":["Flechettes","Escape Plan"],"picked":"Sucker Punch","floor":6},{"not_picked":["Dagger Throw","Sucker Punch","Outmaneuver"],"picked":"SKIP","floor":10},{"not_picked":["Flying Knee","Grand Finale","Dodge and Roll"],"picked":"SKIP","floor":11},{"not_picked":["Underhanded Strike","Dagger Throw"],"picked":"PiercingWail","floor":13},{"not_picked":["Expertise","Sucker Punch"],"picked":"Die Die Die","floor":14},{"not_picked":["Storm of Steel","Wraith Form v2"],"picked":"Adrenaline","floor":16},{"not_picked":["Poisoned Stab","Masterful Stab"],"picked":"Blade Dance+1","floor":18},{"not_picked":["Dash","Bane+1"],"picked":"Terror","floor":19},{"not_picked":["Prepared","Bane"],"picked":"PiercingWail","floor":20},{"not_picked":["Dagger Throw","Flying Knee"],"picked":"PiercingWail+1","floor":22},{"not_picked":["Poisoned Stab","Dagger Throw"],"picked":"Adrenaline","floor":24},{"not_picked":["Prepared","Dodge and Roll","Masterful Stab"],"picked":"SKIP","floor":25},{"not_picked":["Leg Sweep","Predator"],"picked":"Cloak And Dagger+1","floor":30},{"not_picked":["Infinite Blades","Bane+1"],"picked":"Deflect","floor":31}],"player_experience":151167,"relics_obtained":[{"floor":9,"key":"Mercury Hourglass"},{"floor":9,"key":"Blue Candle"},{"floor":10,"key":"MawBank"},{"floor":13,"key":"Bag of Marbles"},{"floor":25,"key":"Tiny Chest"},{"floor":26,"key":"Bag of Preparation"},{"floor":26,"key":"Ancient Tea Set"},{"floor":30,"key":"Eternal Feather"}],"event_choices":[{"damage_healed":0,"gold_gain":75,"player_choice":"Gold","damage_taken":11,"max_hp_gain":0,"max_hp_loss":0,"event_name":"betterThird:BetterGoop","floor":3,"gold_loss":0},{"damage_healed":0,"gold_gain":0,"player_choice":"Lose Max HP","damage_taken":0,"relics_obtained":["Golden Idol"],"max_hp_gain":0,"max_hp_loss":5,"event_name":"Golden Idol","floor":5,"gold_loss":0},{"cards_removed":["Strike_G"],"damage_healed":0,"gold_gain":0,"player_choice":"Purged","damage_taken":0,"max_hp_gain":0,"max_hp_loss":0,"event_name":"Purifier","floor":8,"gold_loss":0},{"cards_removed":["Adrenaline"],"damage_healed":0,"gold_gain":0,"player_choice":"Take \u0026 Give","damage_taken":0,"max_hp_gain":0,"max_hp_loss":0,"event_name":"betterNote:BetterNote","floor":28,"gold_loss":0,"cards_obtained":["Ragnarok"]}],"is_beta":false,"boss_relics":[{"not_picked":["Ectoplasm","Pandora\u0027s Box"],"picked":"SacredBark"}],"items_purged_floors":[7],"is_endless":false,"potions_floor_spawned":[2,4,6,11,16,18,19,24],"killed_by":"Automaton","ascension_level":1}}