{"host":"rb2p2z6v6vieend5","time":1613425533,"event":{"mods":["BaseMod","Block Reminder","Colored Map","DeckTracker","Highlight Path","Minty Spire (QoL Compilation)","Random Character Button","Relic Stats"],"gold_per_floor":[109,109,109,109,128,160,171,190,190,225,244,272,283,10,10,89,89,103,118,118,118,131,131,156,156,232,232,232,332,367,380,380,380,380],"floor_reached":33,"language":"ENG","playtime":1132,"items_purged":[],"score":623,"play_id":"d02d9a89-5f6a-44a2-8937-051d8bb7099a","local_time":"20210215224533","is_ascension_mode":true,"campfire_choices":[{"data":"Perfected Strike","floor":15,"key":"SMITH"},{"floor":23,"key":"REST"},{"data":"Twin Strike","floor":25,"key":"SMITH"},{"data":"Clothesline","floor":28,"key":"SMITH"},{"floor":32,"key":"REST"}],"circlet_count":0,"master_deck":["AscendersBane","Strike_R","Strike_R","Strike_R","Strike_R+1","Strike_R","Defend_R+1","Defend_R","Bash","Inflame","Perfected Strike+1","Cleave","Clothesline+1","Bludgeon","Twin Strike+1","Fire Breathing","Anger","Perfected Strike+1","Impervious","CurseOfTheBell","Shrug It Off","Perfected Strike+1","True Grit+1"],"relics":["Burning Blood","White Beast Statue","Mummified Hand","Pear","Mercury Hourglass","The Courier","Molten Egg 2","Calling Bell","Potion Belt","InkBottle","Calipers","Oddly Smooth Stone","Meat on the Bone","Lizard Tail","Paper Frog","Bottled Flame"],"acts_visited":["Exordium","TheCity"],"potions_floor_usage":[16,21,21,21,22,27],"damage_taken":[{"damage":7,"enemies":"Jaw Worm","floor":1,"turns":3},{"damage":0,"enemies":"2 Louse","floor":5,"turns":2},{"damage":40,"enemies":"Lagavulin","floor":6,"turns":6},{"damage":12,"enemies":"Small Slimes","floor":7,"turns":2},{"damage":14,"enemies":"Red Slaver","floor":8,"turns":4},{"damage":0,"enemies":"Gremlin Nob","floor":10,"turns":2},{"damage":11,"enemies":"Lots of Slimes","floor":11,"turns":2},{"damage":15,"enemies":"3 Sentries","floor":12,"turns":4},{"damage":6,"enemies":"Blue Slaver","floor":13,"turns":2},{"damage":38,"enemies":"Hexaghost","floor":16,"turns":7},{"damage":22,"enemies":"2 Thieves","floor":18,"turns":2},{"damage":34,"enemies":"Shell Parasite","floor":19,"turns":5},{"damage":9,"enemies":"Shelled Parasite and Fungi","floor":21,"turns":2},{"damage":16,"enemies":"Snake Plant","floor":22,"turns":3},{"damage":0,"enemies":"Gremlin Leader","floor":27,"turns":1},{"damage":27,"enemies":"Colosseum Slavers","floor":29,"turns":3},{"damage":14,"enemies":"Colosseum Nobs","floor":29,"turns":4},{"damage":37,"enemies":"Slavers","floor":30,"turns":3},{"damage":35,"enemies":"Centurion and Healer","floor":31,"turns":4},{"damage":119,"enemies":"Automaton","floor":33,"turns":10}],"seed_played":"5045888730728009528","potions_obtained":[{"floor":5,"key":"SmokeBomb"},{"floor":6,"key":"ElixirPotion"},{"floor":7,"key":"PowerPotion"},{"floor":16,"key":"SkillPotion"},{"floor":18,"key":"PowerPotion"},{"floor":19,"key":"SkillPotion"},{"floor":22,"key":"SmokeBomb"},{"floor":29,"key":"Fire Potion"},{"floor":30,"key":"SteroidPotion"},{"floor":31,"key":"SmokeBomb"}],"is_trial":false,"path_per_floor":["M","?","?","?","M","E","M","M","T","E","M","E","M","$","R","B",null,"M","M","$","M","M","R","T","R","T","E","R","?","E","M","R","B"],"character_chosen":"IRONCLAD","items_purchased":["Molten Egg 2","Perfected Strike+1"],"campfire_rested":2,"item_purchase_floors":[14,14],"current_hp_per_floor":[49,26,15,85,85,51,45,37,47,53,48,39,39,39,39,7,73,57,29,29,26,16,44,44,44,44,62,62,57,38,21,49,0,0],"gold":380,"neow_bonus":"TRANSFORM_TWO_CARDS","is_daily":false,"chose_seed":false,"campfire_upgraded":3,"win_rate":0.0,"timestamp":1613425533,"path_taken":["M","?","?","?","M","E","M","M","T","E","?","E","M","$","R","BOSS","M","M","$","?","M","R","?","R","T","E","R","?","E","M","R","BOSS"],"items_purchased_type":["Relic","Card"],"build_version":"2020-12-22","purchased_purges":0,"victory":false,"max_hp_per_floor":[75,75,75,85,85,85,85,85,95,95,95,95,95,95,95,95,95,95,95,95,95,95,95,95,95,95,95,95,95,95,95,95,95,95],"relic_stats":{"Lizard Tail":47,"counters":[20,71],"Mummified Hand":[18],"obtain_stats":[{"Potion Belt":17,"Pear":9,"Calipers":17,"Oddly Smooth Stone":24,"The Courier":12,"Burning Blood":0,"White Beast Statue":3,"Mercury Hourglass":10,"Calling Bell":17,"Lizard Tail":29,"Bottled Flame":30,"Mummified Hand":6,"Molten Egg 2":14,"InkBottle":17,"Meat on the Bone":26,"Paper Frog":29},{"Potion Belt":10,"Pear":5,"Calipers":10,"Oddly Smooth Stone":14,"The Courier":8,"Burning Blood":0,"White Beast Statue":1,"Mercury Hourglass":6,"Calling Bell":10,"Lizard Tail":17,"Bottled Flame":18,"Mummified Hand":3,"Molten Egg 2":9,"InkBottle":10,"Meat on the Bone":14,"Paper Frog":17},{"Potion Belt":34,"Pear":17,"Calipers":34,"Oddly Smooth Stone":46,"The Courier":25,"Burning Blood":0,"White Beast Statue":3,"Mercury Hourglass":19,"Calling Bell":34,"Lizard Tail":54,"Bottled Flame":57,"Mummified Hand":11,"Molten Egg 2":27,"InkBottle":34,"Meat on the Bone":46,"Paper Frog":54}],"Burning Blood":108,"InkBottle":[7],"Mercury Hourglass":[220],"Meat on the Bone":60},"card_choices":[{"not_picked":["Shrug It Off","Havoc"],"picked":"Perfected Strike","floor":1},{"not_picked":["Flex","Combust"],"picked":"Cleave","floor":5},{"not_picked":["Pummel","Sword Boomerang","Burning Pact"],"picked":"SKIP","floor":6},{"not_picked":["Sentinel","Iron Wave"],"picked":"Clothesline","floor":7},{"not_picked":["Combust","Body Slam"],"picked":"Bludgeon","floor":8},{"not_picked":["Body Slam","Seeing Red"],"picked":"Twin Strike","floor":10},{"not_picked":["Iron Wave","Feel No Pain"],"picked":"Fire Breathing","floor":11},{"not_picked":["Clash","Pummel"],"picked":"Anger","floor":12},{"not_picked":["Clothesline","Clash","Anger"],"picked":"SKIP","floor":13},{"not_picked":["Berserk","Demon Form"],"picked":"Impervious","floor":16},{"not_picked":["Feel No Pain","Carnage+1"],"picked":"Shrug It Off","floor":18},{"not_picked":["Flame Barrier","Headbutt+1"],"picked":"Perfected Strike+1","floor":19},{"not_picked":["True Grit","Wild Strike+1","Dropkick+1"],"picked":"SKIP","floor":22},{"not_picked":["Warcry","Headbutt+1","Demon Form"],"picked":"SKIP","floor":30},{"not_picked":["Headbutt+1","Feel No Pain+1"],"picked":"True Grit+1","floor":31}],"player_experience":754023,"relics_obtained":[{"floor":6,"key":"Mummified Hand"},{"floor":9,"key":"Pear"},{"floor":10,"key":"Mercury Hourglass"},{"floor":12,"key":"The Courier"},{"floor":17,"key":"Potion Belt"},{"floor":17,"key":"InkBottle"},{"floor":17,"key":"Calipers"},{"floor":24,"key":"Oddly Smooth Stone"},{"floor":26,"key":"Meat on the Bone"},{"floor":29,"key":"Lizard Tail"},{"floor":29,"key":"Paper Frog"},{"floor":30,"key":"Bottled Flame"}],"event_choices":[{"damage_healed":0,"gold_gain":0,"player_choice":"Entered Light","damage_taken":23,"max_hp_gain":0,"max_hp_loss":0,"event_name":"Shining Light","floor":2,"gold_loss":0,"cards_upgraded":["Strike_R","Defend_R"]},{"damage_healed":0,"gold_gain":0,"player_choice":"Success","damage_taken":11,"relics_obtained":["White Beast Statue"],"max_hp_gain":0,"max_hp_loss":0,"event_name":"Scrap Ooze","floor":3,"gold_loss":0},{"cards_removed":["Barricade"],"damage_healed":60,"gold_gain":0,"player_choice":"Offered Rare","damage_taken":0,"max_hp_gain":10,"max_hp_loss":0,"event_name":"Bonfire Elementals","floor":4,"gold_loss":0},{"damage_healed":0,"gold_gain":0,"player_choice":"Fight","damage_taken":0,"max_hp_gain":0,"max_hp_loss":0,"event_name":"Colosseum","floor":29,"gold_loss":0},{"damage_healed":0,"gold_gain":0,"player_choice":"Fought Nobs","damage_taken":0,"max_hp_gain":0,"max_hp_loss":0,"event_name":"Colosseum","floor":29,"gold_loss":0}],"is_beta":false,"boss_relics":[{"not_picked":["Ectoplasm","Empty Cage"],"picked":"Calling Bell"}],"items_purged_floors":[],"is_endless":false,"potions_floor_spawned":[5,6,7,8,10,11,12,13,16,18,19,21,22,27,29,29,30,31],"killed_by":"Automaton","ascension_level":16}}