{"host":"w7pthw6r6331n954","time":1613347945,"event":{"mods":["AchievementEnabler","Act Like it!","BaseMod","BetterRewards","Colored Map","Colored Powertips","Custom Start","Downfall","Hallownest","Hermit","Jorbs\u0027s Wanderer Trilogy","Minty Spire (QoL Compilation)","Replay The Spire","Shop Mod","StSLib","SuperFastMode"],"gold_per_floor":[119,84,159,334,21,21,36,65,65,65,77,77,77,100,100,195,195,213,573,590,203,56,56,72,100,100,126,126,126,161,43,43,57,57],"floor_reached":33,"language":"ENG","playtime":1731,"items_purged":["Doubt"],"score":476,"play_id":"c6ae231e-f2d8-4bc4-a041-a3d930b05519","local_time":"20210214191225","is_ascension_mode":true,"campfire_choices":[{"floor":6,"key":"RECALL"},{"floor":10,"key":"REST"},{"floor":13,"key":"REST"},{"floor":15,"key":"DIG"},{"floor":23,"key":"REST"},{"floor":28,"key":"REST"},{"floor":32,"key":"REST"}],"circlet_count":0,"master_deck":["Strike_B","Strike_B+1","Strike_B+1","Strike_B","Defend_B","Defend_B","Defend_B","Defend_B","Zap","Dualcast","Panache","Self Repair+1","Fusion","Panache","Dark Shackles","Sweeping Beam","Beam Cell","Streamline+1","Machine Learning+1","CurseOfTheBell","Darkness+1","Steam","Aggregate","Go for the Eyes","Storm+1","Deep Breath","Metamorphosis","Double Energy+1","ReplayGash+1","Stack+1","Turbo+1","HandOfGreed+1"],"relics":["Cracked Core","Membership Card","MerchantsRug","Boot","Gremlin Food","Snack Pack","Lantern","Replay:Baseball","ReplayTheSpireMod:Lightbulb","Counterbalance","Frozen Egg 2","Replay:Bandana","Sling","Bottled Tornado","Toxic Egg 2","Omamori"],"acts_visited":["Exordium","TheCity"],"potions_floor_usage":[24,30],"damage_taken":[{"damage":9,"enemies":"2 Louse","floor":1,"turns":2},{"damage":7,"enemies":"Small Slimes","floor":7,"turns":2},{"damage":58,"enemies":"Lagavulin","floor":8,"turns":8},{"damage":0,"enemies":"Cultist","floor":11,"turns":3},{"damage":56,"enemies":"Hexaghost","floor":16,"turns":8},{"damage":26,"enemies":"Shell Parasite","floor":18,"turns":4},{"damage":7,"enemies":"Chosen","floor":20,"turns":5},{"damage":15,"enemies":"Snecko","floor":24,"turns":4},{"damage":21,"enemies":"Shelled Parasite and Fungi","floor":25,"turns":4},{"damage":5,"enemies":"3 Cultists","floor":27,"turns":3},{"damage":28,"enemies":"Slavers","floor":30,"turns":4},{"damage":96,"enemies":"Champ","floor":33,"turns":8}],"seed_played":"6190803728681765097","potions_obtained":[{"floor":16,"key":"Reflective Coating"},{"floor":18,"key":"Strength Potion"},{"floor":20,"key":"Fire Potion"},{"floor":27,"key":"Languid Potion"}],"is_trial":false,"path_per_floor":["M","?","?","?","$","R","M","E","T","R","M","?","R","T","R_BF","B",null,"M","?","M","$","$","R","M","M","T","M","R","?","E","$","R","B"],"character_chosen":"DEFECT","items_purchased":["Membership Card","MerchantsRug","Panache","Self Repair","Boot","Lee\u0027s Waffle","Gremlin Food","Panache","Dark Shackles","Aggregate","Frozen Egg 2","Replay:Bandana","Sling","Go for the Eyes","Storm+1","Deep Breath","Metamorphosis","FairyPotion","Bottled Tornado","Omamori","HandOfGreed"],"campfire_rested":5,"item_purchase_floors":[0,0,0,0,0,5,5,5,5,21,21,21,21,21,21,21,21,22,22,31,31],"current_hp_per_floor":[52,70,59,59,82,82,75,24,24,48,58,42,66,66,66,24,68,54,18,21,21,21,45,40,35,35,32,56,56,40,40,64,0,0],"gold":57,"neow_bonus":"","is_daily":false,"chose_seed":false,"campfire_upgraded":0,"win_rate":0.0,"timestamp":1613347945,"path_taken":["M","?","?","?","$","R","M","E","T","R","M","?","R","?","R_BF","BOSS","M","?","M","?","$","R","M","M","T","M","R","?","E","$","R","BOSS"],"items_purchased_type":["Relic","Relic","Card","Card","Relic","Relic","Relic","Card","Card","Card","Relic","Relic","Relic","Card","Card","Card","Card","Potion","Relic","Relic","Card"],"build_version":"2020-12-22","purchased_purges":1,"victory":false,"max_hp_per_floor":[75,75,75,75,82,82,82,82,82,82,82,82,82,82,82,82,82,82,82,82,82,82,82,82,82,82,82,82,82,82,82,82,82,82],"card_choices":[{"not_picked":["BasicCrystalCard","ReplaySolidLightProjector"],"picked":"Fusion","floor":1},{"not_picked":["Scrape","Force Field"],"picked":"Sweeping Beam","floor":7},{"not_picked":["Streamline","Self Repair"],"picked":"Beam Cell","floor":8},{"not_picked":["Reinforced Body","ReplayTheSpireMod:Repulse"],"picked":"Streamline","floor":11},{"not_picked":["Thunder Strike","Creative AI"],"picked":"Machine Learning","floor":16},{"not_picked":["Compile Driver","Rebound+1"],"picked":"Darkness+1","floor":18},{"not_picked":["Turbo","Self Repair"],"picked":"Steam","floor":20},{"not_picked":["Undo","Barrage"],"picked":"Double Energy","floor":24},{"not_picked":["BasicCrystalCard","ReplayTheSpireMod:Calculation Training"],"picked":"ReplayGash","floor":25},{"not_picked":["ReplayTheSpireMod:System Scan+1","Gash+1"],"picked":"Stack+1","floor":27},{"not_picked":["Machine Learning+1","ReplayGash"],"picked":"Turbo+1","floor":30}],"player_experience":1256606,"relics_obtained":[{"floor":8,"key":"Snack Pack"},{"floor":14,"key":"Lantern"},{"floor":15,"key":"Replay:Baseball"},{"floor":17,"key":"ReplayTheSpireMod:Lightbulb"},{"floor":17,"key":"Blue Candle"},{"floor":17,"key":"Counterbalance"},{"floor":26,"key":"Toxic Egg 2"},{"floor":30,"key":"Pet Ghost"}],"event_choices":[{"damage_healed":18,"gold_gain":0,"player_choice":"Healed","damage_taken":0,"max_hp_gain":0,"max_hp_loss":0,"event_name":"The Cleric","floor":2,"gold_loss":35},{"damage_healed":0,"gold_gain":75,"player_choice":"Gather Gold","damage_taken":11,"max_hp_gain":0,"max_hp_loss":0,"event_name":"World of Goop","floor":3,"gold_loss":0},{"damage_healed":0,"gold_gain":175,"player_choice":"AGREE","damage_taken":0,"max_hp_gain":0,"max_hp_loss":0,"event_name":"Liars Game","floor":4,"gold_loss":0,"cards_obtained":["Doubt"]},{"damage_healed":0,"gold_gain":0,"player_choice":"Entered Light","damage_taken":16,"max_hp_gain":0,"max_hp_loss":0,"event_name":"Shining Light","floor":12,"gold_loss":0,"cards_upgraded":["Strike_B","Streamline"]},{"damage_healed":0,"gold_gain":360,"player_choice":"GOLD GOLD GOLD GOLD ","damage_taken":36,"max_hp_gain":0,"max_hp_loss":0,"event_name":"Knowing Skull","floor":19,"potions_obtained":[],"gold_loss":0,"cards_obtained":[]},{"damage_healed":0,"gold_gain":0,"player_choice":"Forge","damage_taken":0,"max_hp_gain":0,"max_hp_loss":0,"event_name":"Accursed Blacksmith","floor":29,"gold_loss":0,"cards_upgraded":["Double Energy"]}],"is_beta":false,"boss_relics":[{"not_picked":["Abe\u0027s Treasure","Sozu"],"picked":"Calling Bell"}],"items_purged_floors":[5],"is_endless":false,"potions_floor_spawned":[16,18,20,27],"killed_by":"Champ","ascension_level":5}}