{"host":"8ki4rp59nppvqwda","time":1613355507,"event":{"mods":["AlwaysNeverKeys","BaseMod","Hermit","Minty Spire (QoL Compilation)","Robot Space Explorer","SacredBarkPlus","StSLib","The Cursed","The Necromancer","The Trickster"],"gold_per_floor":[19,32,32,32,32,32,42,77,149,176,176,176,191,209,209,306,306,325,325,325,325,340,340,366,366,366,399,414,432,432,464,464,569,569,585,118,393,412,427,427,427,453,453,481,492,502,521,548,548,548],"floor_reached":51,"language":"ENG","playtime":2142,"items_purged":["RobotSpaceExplorer:Defend"],"score":1272,"play_id":"6238c7b6-6f0d-47a7-ab1a-f4c5f7162b48","local_time":"20210214211827","is_ascension_mode":true,"campfire_choices":[{"data":"RobotSpaceExplorer:Comet","floor":6.0,"key":"SMITH"},{"floor":12.0,"key":"DIG"},{"floor":15.0,"key":"DIG"},{"data":"RobotSpaceExplorer:Accelerator","floor":23.0,"key":"SMITH"},{"data":"RobotSpaceExplorer:Accelerator","floor":25.0,"key":"SMITH"},{"data":"RobotSpaceExplorer:Probe","floor":30.0,"key":"SMITH"},{"data":"RobotSpaceExplorer:Asteroid","floor":32.0,"key":"SMITH"},{"data":"RobotSpaceExplorer:Asteroid","floor":40,"key":"SMITH"},{"floor":49,"key":"DIG"}],"circlet_count":0,"master_deck":["RobotSpaceExplorer:Strike+1","RobotSpaceExplorer:Strike+1","RobotSpaceExplorer:Strike+1","RobotSpaceExplorer:Scan","RobotSpaceExplorer:MiniLasers","RobotSpaceExplorer:Jetpack","RobotSpaceExplorer:ScrapMissile","RobotSpaceExplorer:Comet+1","RobotSpaceExplorer:Jetpack","RobotSpaceExplorer:Multitool+1","RobotSpaceExplorer:RigExplosive+1","RobotSpaceExplorer:Fix+1","RobotSpaceExplorer:GearShield+1","RobotSpaceExplorer:Accelerator+1","RobotSpaceExplorer:Probe+1","RobotSpaceExplorer:ScrapShield+1","RobotSpaceExplorer:Accelerator+1","RobotSpaceExplorer:Asteroid+1","RobotSpaceExplorer:BigMissile+1","RobotSpaceExplorer:LuckyStrike+1","RobotSpaceExplorer:Pulsar+1","RobotSpaceExplorer:FreezeRay+1","RobotSpaceExplorer:Asteroid+1","RobotSpaceExplorer:BlastShield+1","RobotSpaceExplorer:Calculate+1","RobotSpaceExplorer:IronShell+1","RobotSpaceExplorer:MiniDrones+1","RobotSpaceExplorer:DualCore+1","RobotSpaceExplorer:Ammunition+1","RobotSpaceExplorer:Calculate+1","RobotSpaceExplorer:StarLightning+1","RobotSpaceExplorer:DoubleFind+1","RobotSpaceExplorer:JunkDive+1"],"relics":["RobotSpaceExplorer:RoboCore","Shovel","RobotSpaceExplorer:FoglandsKnife","Akabeko","Toxic Egg 2","Bird Faced Urn","Whetstone","Potion Belt","RobotSpaceExplorer:SearchSpecs","Art of War","Bottled Flame","Regal Pillow","FossilizedHelix","RobotSpaceExplorer:Reprocessor","Bottled Tornado","Omamori","Mercury Hourglass","Nunchaku","Toy Ornithopter","Orichalcum","RobotSpaceExplorer:ToughPlating"],"acts_visited":["TheCity","TheBeyond"],"potions_floor_usage":[33,33,39,39,44,45,46,48,50,50,50],"damage_taken":[{"damage":2.0,"enemies":"Cultist","floor":1.0,"turns":5.0},{"damage":3.0,"enemies":"Small Slimes","floor":2.0,"turns":4.0},{"damage":0.0,"enemies":"2 Louse","floor":7.0,"turns":2.0},{"damage":17.0,"enemies":"Lagavulin","floor":8.0,"turns":8.0},{"damage":1.0,"enemies":"3 Sentries","floor":10.0,"turns":5.0},{"damage":0.0,"enemies":"Blue Slaver","floor":13.0,"turns":1.0},{"damage":0.0,"enemies":"2 Fungi Beasts","floor":14.0,"turns":2.0},{"damage":15.0,"enemies":"Hexaghost","floor":16.0,"turns":9.0},{"damage":0.0,"enemies":"Spheric Guardian","floor":18.0,"turns":3.0},{"damage":9.0,"enemies":"Shell Parasite","floor":22.0,"turns":3.0},{"damage":0.0,"enemies":"Gremlin Leader","floor":24.0,"turns":5.0},{"damage":16.0,"enemies":"Slavers","floor":27.0,"turns":5.0},{"damage":0.0,"enemies":"Shelled Parasite and Fungi","floor":28.0,"turns":2.0},{"damage":24.0,"enemies":"Snake Plant","floor":29.0,"turns":2.0},{"damage":0.0,"enemies":"Book of Stabbing","floor":31.0,"turns":3.0},{"damage":41,"enemies":"Automaton","floor":33,"turns":8},{"damage":0,"enemies":"3 Shapes","floor":35,"turns":3},{"damage":0,"enemies":"Orb Walker","floor":38,"turns":2},{"damage":0,"enemies":"Sphere and 2 Shapes","floor":39,"turns":3},{"damage":14,"enemies":"Nemesis","floor":42,"turns":7},{"damage":0,"enemies":"Reptomancer","floor":44,"turns":5},{"damage":0,"enemies":"Maw","floor":45,"turns":5},{"damage":0,"enemies":"Writhing Mass","floor":46,"turns":5},{"damage":0,"enemies":"4 Shapes","floor":47,"turns":3},{"damage":0,"enemies":"Giant Head","floor":48,"turns":4},{"damage":10,"enemies":"Donu and Deca","floor":50,"turns":6}],"seed_played":"286829703910671448","potions_obtained":[{"floor":7.0,"key":"EssenceOfSteel"},{"floor":8.0,"key":"Dexterity Potion"},{"floor":27.0,"key":"Dexterity Potion"},{"floor":28.0,"key":"Explosive Potion"},{"floor":29.0,"key":"EssenceOfSteel"},{"floor":33,"key":"LiquidBronze"},{"floor":38,"key":"FairyPotion"},{"floor":44,"key":"AttackPotion"},{"floor":45,"key":"SteroidPotion"}],"is_trial":false,"path_per_floor":["M","M","?","?","T","R","M","E","T","E","?","R","M","M","R","B",null,"M","?","?","?","M","R","E","R","T","E","M","M","R","E","R","B",null,"M","$","?","M","M","R","?","E","T","E","M","M","M","E","R","B",null],"character_chosen":"RobotSpaceExplorer","items_purchased":["Bottled Tornado","Omamori"],"campfire_rested":0,"item_purchase_floors":[36,36],"current_hp_per_floor":[66,63,68,68,68,68,68,51,51,50,34,34,34,36,36,29,67,75,75,75,75,74,74,80,80,80,74,74,56,56,68,68,41,70,80,80,80,80,80,80,80,72,72,80,80,80,80,80,80,77],"gold":548,"neow_bonus":"ONE_RARE_RELIC","is_daily":false,"chose_seed":false,"campfire_upgraded":6,"win_rate":0.0,"timestamp":1613355507,"path_taken":["M","?","?","?","?","R","M","E","T","E","?","R","M","M","R","BOSS","M","?","?","?","M","R","E","R","T","E","M","?","R","E","R","BOSS","M","$","?","?","?","R","?","E","T","E","?","M","M","E","R","BOSS"],"items_purchased_type":["Relic","Relic"],"build_version":"2020-12-22","purchased_purges":1,"victory":true,"max_hp_per_floor":[75,75,80,80,80,80,80,80,80,80,80,80,80,80,80,80,80,80,80,80,80,80,80,80,80,80,80,80,80,80,80,80,80,80,80,80,80,80,80,80,80,80,80,80,80,80,80,80,80,80],"card_choices":[{"not_picked":["RobotSpaceExplorer:SurgingShield","RobotSpaceExplorer:ShovelStrike"],"picked":"RobotSpaceExplorer:Jetpack","floor":1.0},{"not_picked":["RobotSpaceExplorer:FreezeRay","RobotSpaceExplorer:SurgingStrike"],"picked":"RobotSpaceExplorer:ScrapMissile","floor":2.0},{"not_picked":["RobotSpaceExplorer:GearShield","RobotSpaceExplorer:Counterblock"],"picked":"RobotSpaceExplorer:Jetpack","floor":7.0},{"not_picked":["RobotSpaceExplorer:ScrapMissile","RobotSpaceExplorer:ShockKick"],"picked":"RobotSpaceExplorer:Multitool","floor":8.0},{"not_picked":["RobotSpaceExplorer:FranticSearch+1","RobotSpaceExplorer:Fix+1"],"picked":"RobotSpaceExplorer:RigExplosive+1","floor":10.0},{"not_picked":["RobotSpaceExplorer:FrostMissile","RobotSpaceExplorer:Smokescreen+1"],"picked":"RobotSpaceExplorer:Fix+1","floor":13.0},{"not_picked":["RobotSpaceExplorer:ShovelStrike","RobotSpaceExplorer:Reload+1"],"picked":"RobotSpaceExplorer:GearShield+1","floor":14.0},{"not_picked":["RobotSpaceExplorer:DroneSwarm","RobotSpaceExplorer:ChargingLaser"],"picked":"RobotSpaceExplorer:Accelerator","floor":16.0},{"not_picked":["RobotSpaceExplorer:Ammunition+1","RobotSpaceExplorer:SelfCleaning+1"],"picked":"RobotSpaceExplorer:Probe","floor":18.0},{"not_picked":["RobotSpaceExplorer:FrostMissile","RobotSpaceExplorer:ImprovisedAttack"],"picked":"RobotSpaceExplorer:Asteroid","floor":22.0},{"not_picked":["RobotSpaceExplorer:FreezeRay","RobotSpaceExplorer:Probe"],"picked":"RobotSpaceExplorer:BigMissile+1","floor":24.0},{"not_picked":["RobotSpaceExplorer:MiniDrones","RobotSpaceExplorer:MakeshiftVolley+1"],"picked":"RobotSpaceExplorer:LuckyStrike","floor":27.0},{"not_picked":["RobotSpaceExplorer:Counterblock+1","RobotSpaceExplorer:MetalStrike"],"picked":"RobotSpaceExplorer:Pulsar+1","floor":28.0},{"not_picked":["RobotSpaceExplorer:ShockKick","RobotSpaceExplorer:FrostMissile"],"picked":"RobotSpaceExplorer:FreezeRay+1","floor":29.0},{"not_picked":["RobotSpaceExplorer:SurgingShield+1","RobotSpaceExplorer:DualCore"],"picked":"RobotSpaceExplorer:Asteroid","floor":31.0},{"not_picked":["RobotSpaceExplorer:HighVoltage","RobotSpaceExplorer:Asteroid"],"picked":"RobotSpaceExplorer:BlastShield+1","floor":33},{"not_picked":["RobotSpaceExplorer:GlueShot+1","RobotSpaceExplorer:FrostMissile+1"],"picked":"RobotSpaceExplorer:Calculate+1","floor":35},{"not_picked":["RobotSpaceExplorer:FranticSearch+1","RobotSpaceExplorer:GearShield+1"],"picked":"RobotSpaceExplorer:IronShell+1","floor":38},{"not_picked":["RobotSpaceExplorer:SlimeMissile+1","RobotSpaceExplorer:ShovelStrike+1"],"picked":"RobotSpaceExplorer:MiniDrones+1","floor":39},{"not_picked":["RobotSpaceExplorer:SelfCleaning+1","RobotSpaceExplorer:Accelerator"],"picked":"RobotSpaceExplorer:DualCore+1","floor":42},{"not_picked":["RobotSpaceExplorer:FrostMissile","RobotSpaceExplorer:ToxicBomb+1"],"picked":"RobotSpaceExplorer:Ammunition+1","floor":44},{"not_picked":["RobotSpaceExplorer:DualCore","RobotSpaceExplorer:Counterblock+1"],"picked":"RobotSpaceExplorer:Calculate+1","floor":45},{"not_picked":["RobotSpaceExplorer:ShovelStrike+1","RobotSpaceExplorer:Ammunition+1"],"picked":"RobotSpaceExplorer:StarLightning+1","floor":46},{"not_picked":["RobotSpaceExplorer:Probe","RobotSpaceExplorer:FranticSearch+1"],"picked":"RobotSpaceExplorer:DoubleFind+1","floor":47},{"not_picked":["RobotSpaceExplorer:ShockKick+1","RobotSpaceExplorer:LuckyStrike"],"picked":"RobotSpaceExplorer:JunkDive+1","floor":48}],"player_experience":1321232,"relics_obtained":[{"floor":5.0,"key":"RobotSpaceExplorer:FoglandsKnife"},{"floor":8.0,"key":"Akabeko"},{"floor":9.0,"key":"Toxic Egg 2"},{"floor":10.0,"key":"Bird Faced Urn"},{"floor":12.0,"key":"Whetstone"},{"floor":15.0,"key":"Potion Belt"},{"floor":24.0,"key":"Art of War"},{"floor":26.0,"key":"Bottled Flame"},{"floor":27.0,"key":"Regal Pillow"},{"floor":31.0,"key":"FossilizedHelix"},{"floor":42,"key":"Mercury Hourglass"},{"floor":43,"key":"Nunchaku"},{"floor":44,"key":"Toy Ornithopter"},{"floor":48,"key":"Orichalcum"},{"floor":49,"key":"RobotSpaceExplorer:ToughPlating"}],"event_choices":[{"damage_healed":0.0,"max_hp_gain":5.0,"max_hp_loss":0.0,"gold_gain":0.0,"event_name":"Big Fish","player_choice":"Donut","floor":3.0,"gold_loss":0.0,"damage_taken":0.0},{"damage_healed":0.0,"max_hp_gain":0.0,"max_hp_loss":0.0,"gold_gain":0.0,"cards_transformed":["RobotSpaceExplorer:Defend"],"event_name":"Living Wall","player_choice":"Change","floor":4.0,"gold_loss":0.0,"damage_taken":0.0,"cards_obtained":["RobotSpaceExplorer:Comet"]},{"damage_healed":0.0,"max_hp_gain":0.0,"max_hp_loss":0.0,"gold_gain":0.0,"event_name":"Shining Light","player_choice":"Entered Light","floor":11.0,"gold_loss":0.0,"damage_taken":16.0,"cards_upgraded":["RobotSpaceExplorer:Strike","RobotSpaceExplorer:Multitool"]},{"damage_healed":0.0,"max_hp_gain":0.0,"max_hp_loss":0.0,"gold_gain":0.0,"cards_transformed":["RobotSpaceExplorer:Strike","RobotSpaceExplorer:Defend"],"event_name":"Drug Dealer","player_choice":"Became Test Subject","floor":19.0,"gold_loss":0.0,"damage_taken":0.0,"cards_obtained":["RobotSpaceExplorer:ScrapShield","RobotSpaceExplorer:Accelerator"]},{"cards_removed":["RobotSpaceExplorer:Defend"],"damage_healed":0.0,"max_hp_gain":0.0,"max_hp_loss":0.0,"gold_gain":0.0,"event_name":"Back to Basics","player_choice":"Elegance","floor":20.0,"gold_loss":0.0,"damage_taken":0.0},{"damage_healed":0.0,"max_hp_gain":0.0,"max_hp_loss":0.0,"gold_gain":0.0,"event_name":"Vampires","player_choice":"Ignored","floor":21.0,"gold_loss":0.0,"damage_taken":0.0},{"damage_healed":0,"gold_gain":275,"player_choice":"Desecrate","damage_taken":0,"max_hp_gain":0,"max_hp_loss":0,"event_name":"Golden Shrine","floor":37,"gold_loss":0,"cards_obtained":["Regret"]},{"damage_healed":0,"gold_gain":0,"player_choice":"Upgraded","damage_taken":0,"max_hp_gain":0,"max_hp_loss":0,"event_name":"Upgrade Shrine","floor":41,"gold_loss":0,"cards_upgraded":["RobotSpaceExplorer:LuckyStrike"]}],"is_beta":false,"boss_relics":[{"not_picked":["Velvet Choker","Pandora\u0027s Box"],"picked":"RobotSpaceExplorer:SearchSpecs"},{"not_picked":["Black Star","Cursed Key"],"picked":"RobotSpaceExplorer:Reprocessor"}],"items_purged_floors":[36],"is_endless":false,"potions_floor_spawned":[7,8,27,28,29,33,38,44,45,46],"ascension_level":8}}