{"host":"ypphcgdomtfqpc2w","time":1613388918,"event":{"mods":["BaseMod","DeckTracker","MarisaÅiñ∂âJÅ@ñÇóùçπÅj","Minty Spire (QoL Compilation)","Relic Stats","StSLib"],"gold_per_floor":[113,113,152,191,225,253,253],"floor_reached":6,"language":"ENG","playtime":301,"items_purged":[],"score":76,"play_id":"37fbcb32-0011-4367-b642-6d63565e8368","local_time":"20210215203518","is_ascension_mode":true,"campfire_choices":[],"circlet_count":0,"master_deck":["AscendersBane","Strike_MRS","Strike_MRS","Strike_MRS","Defend_MRS","Defend_MRS","Defend_MRS","Defend_MRS","MasterSpark","UpSweep+1","Robbery","Orbital","FairyDestructionRay","Acceleration"],"relics":["MiniHakkero"],"acts_visited":["Exordium"],"potions_floor_usage":[6],"damage_taken":[{"damage":3,"enemies":"Small Slimes","floor":1,"turns":4},{"damage":0,"enemies":"2 Louse","floor":3,"turns":4},{"damage":2,"enemies":"Jaw Worm","floor":4,"turns":4},{"damage":13,"enemies":"Large Slime","floor":5,"turns":4},{"damage":42,"enemies":"3 Sentries","floor":6,"turns":7}],"seed_played":"4162292854311372953","potions_obtained":[{"floor":3,"key":"FearPotion"},{"floor":4,"key":"Energy Potion"}],"is_trial":false,"path_per_floor":["M","?","M","M","M","E"],"character_chosen":"MARISA","items_purchased":[],"campfire_rested":0,"item_purchase_floors":[],"current_hp_per_floor":[60,53,53,51,38,0,0],"gold":253,"neow_bonus":"UPGRADE_CARD","is_daily":false,"chose_seed":false,"campfire_upgraded":0,"win_rate":0.0,"timestamp":1613388918,"path_taken":["M","?","M","M","M","E"],"items_purchased_type":[],"build_version":"2020-12-22","purchased_purges":0,"victory":false,"max_hp_per_floor":[70,70,70,70,70,70,70],"relic_stats":{"counters":[5,23],"obtain_stats":[{"MiniHakkero":0},{"MiniHakkero":0},{"MiniHakkero":0}]},"card_choices":[{"not_picked":["SporeBomb","GalacticHalo"],"picked":"Robbery","floor":1},{"not_picked":["SporeBomb","NonDirectionalLaser"],"picked":"Orbital","floor":3},{"not_picked":["ManaConvection","IllusionStar"],"picked":"FairyDestructionRay","floor":4},{"not_picked":["WitchLeyline","NonDirectionalLaser"],"picked":"Acceleration","floor":5}],"player_experience":3298923,"relics_obtained":[],"event_choices":[{"cards_removed":["Strike_MRS"],"damage_healed":0,"gold_gain":0,"player_choice":"Card Removal","damage_taken":7,"max_hp_gain":0,"max_hp_loss":0,"event_name":"Golden Wing","floor":2,"gold_loss":0}],"is_beta":false,"boss_relics":[],"items_purged_floors":[],"is_endless":false,"potions_floor_spawned":[3,4],"killed_by":"3 Sentries","ascension_level":20}}