{"host":"1bzbl1adcbkdzqlf","time":1613421879,"event":{"mods":["BaseMod","Minty Spire (QoL Compilation)","Slay the Relics Exporter"],"gold_per_floor":[112,131,56,56,131,163,182,214,214,233,249,265,415,433,433,504,504,520,50,48,48,48],"floor_reached":21,"language":"ENG","playtime":1980,"items_purged":["Doubt"],"score":414,"play_id":"bd0f38d8-2b28-4ba1-ba3d-9b166eb8917b","local_time":"20210215144439","is_ascension_mode":true,"campfire_choices":[{"data":"1","floor":15,"key":"LIFT"}],"circlet_count":0,"master_deck":["AscendersBane","Strike_R","Strike_R","Strike_R","Defend_R","Defend_R","Defend_R","Defend_R","Bash","Cleave","Battle Trance","Armaments","Bludgeon","Shrug It Off","Flame Barrier","Clothesline","Feed"],"relics":["Burning Blood","NeowsBlessing","Smiling Mask","Girya","Meat on the Bone","Runic Pyramid","Orichalcum","Shuriken"],"acts_visited":["Exordium","TheCity"],"potions_floor_usage":[8,16,16,20],"damage_taken":[{"damage":0,"enemies":"Jaw Worm","floor":1,"turns":1},{"damage":0,"enemies":"Small Slimes","floor":2,"turns":1},{"damage":0,"enemies":"Gremlin Nob","floor":6,"turns":1},{"damage":6,"enemies":"2 Louse","floor":7,"turns":2},{"damage":23,"enemies":"Lagavulin","floor":8,"turns":6},{"damage":0,"enemies":"2 Fungi Beasts","floor":10,"turns":3},{"damage":16,"enemies":"Exordium Thugs","floor":11,"turns":5},{"damage":3,"enemies":"Large Slime","floor":12,"turns":5},{"damage":12,"enemies":"Looter","floor":14,"turns":3},{"damage":32,"enemies":"The Guardian","floor":16,"turns":12},{"damage":55,"enemies":"Shell Parasite","floor":18,"turns":15},{"damage":30,"enemies":"2 Thieves","floor":20,"turns":4},{"damage":45,"enemies":"Chosen and Byrds","floor":21,"turns":5}],"seed_played":"-6819254034868722026","potions_obtained":[{"floor":1,"key":"Fire Potion"},{"floor":2,"key":"EssenceOfSteel"},{"floor":11,"key":"Weak Potion"},{"floor":18,"key":"Regen Potion"}],"is_trial":false,"path_per_floor":["M","M","?","?","?","E","M","E","T","M","M","M","?","M","R","B",null,"M","$","M","M"],"character_chosen":"IRONCLAD","items_purchased":["Orichalcum","Shuriken"],"campfire_rested":0,"item_purchase_floors":[19,19],"current_hp_per_floor":[74,75,75,75,64,70,70,53,53,59,49,52,52,46,46,32,64,31,31,34,0,0],"gold":48,"neow_bonus":"THREE_ENEMY_KILL","is_daily":false,"chose_seed":false,"campfire_upgraded":0,"win_rate":0.0,"timestamp":1613421879,"path_taken":["M","M","?","?","?","E","M","E","T","M","M","M","?","M","R","BOSS","M","$","M","M"],"items_purchased_type":["Relic","Relic"],"build_version":"2020-12-22","purchased_purges":1,"victory":false,"max_hp_per_floor":[75,75,75,75,75,75,75,75,75,75,75,75,75,75,75,75,75,79,79,82,86,86],"card_choices":[{"not_picked":["Sentinel","Wild Strike"],"picked":"Cleave","floor":1},{"not_picked":["Flex","Perfected Strike"],"picked":"Battle Trance","floor":2},{"not_picked":["Headbutt","Warcry"],"picked":"Armaments","floor":6},{"not_picked":["Power Through","Pummel"],"picked":"Bludgeon","floor":7},{"not_picked":["Metallicize","Corruption"],"picked":"Shrug It Off","floor":8},{"not_picked":["Perfected Strike","Sentinel","Searing Blow"],"picked":"SKIP","floor":10},{"not_picked":["Warcry","Anger","Metallicize"],"picked":"SKIP","floor":11},{"not_picked":["Combust","Flex"],"picked":"Flame Barrier","floor":12},{"not_picked":["Heavy Blade","Perfected Strike"],"picked":"Clothesline","floor":14},{"not_picked":["Double Tap","Bludgeon"],"picked":"Feed","floor":16},{"not_picked":["Dual Wield","Heavy Blade","Perfected Strike"],"picked":"SKIP","floor":18},{"not_picked":["Clothesline","Battle Trance","Seeing Red"],"picked":"SKIP","floor":20}],"player_experience":478893,"relics_obtained":[{"floor":6,"key":"Smiling Mask"},{"floor":8,"key":"Girya"},{"floor":9,"key":"Meat on the Bone"}],"event_choices":[{"cards_removed":["Strike_R"],"damage_healed":0,"gold_gain":0,"player_choice":"Card Removal","damage_taken":0,"max_hp_gain":0,"max_hp_loss":0,"event_name":"The Cleric","floor":3,"gold_loss":75},{"cards_removed":["Strike_R"],"damage_healed":0,"gold_gain":0,"player_choice":"Forget","damage_taken":0,"max_hp_gain":0,"max_hp_loss":0,"event_name":"Living Wall","floor":4,"gold_loss":0},{"damage_healed":0,"gold_gain":75,"player_choice":"Gather Gold","damage_taken":11,"max_hp_gain":0,"max_hp_loss":0,"event_name":"World of Goop","floor":5,"gold_loss":0},{"damage_healed":0,"gold_gain":150,"player_choice":"AGREE","damage_taken":0,"max_hp_gain":0,"max_hp_loss":0,"event_name":"Liars Game","floor":13,"gold_loss":0,"cards_obtained":["Doubt"]}],"is_beta":false,"boss_relics":[{"not_picked":["Black Blood","Empty Cage"],"picked":"Runic Pyramid"}],"items_purged_floors":[19],"is_endless":false,"potions_floor_spawned":[1,2,11,12,18],"killed_by":"Chosen and Byrds","ascension_level":18}}