{"host":"9nqlpswyo8o6ezw3","time":1613433562,"event":{"mods":["Act Like it!","BaseMod","Colored Powertips","Downfall","Hallownest","Hermit","Lobotomy","LobotomyExtend","Marisa????????","Minty Spire (QoL Compilation)","StSLib","The Bug Knight","The Cursed"],"gold_per_floor":[112,130,143,143,159,159,159,159,237,237,237,237,252,269,269,269,269],"floor_reached":16,"language":"ENG","playtime":1079,"items_purged":[],"score":92,"play_id":"ded42cb0-a9f5-496b-b59a-311fb3438bb0","local_time":"20210215185922","is_ascension_mode":false,"campfire_choices":[{"data":"hermit:LowProfile","floor":6,"key":"SMITH"},{"data":"hermit:Feint","floor":8,"key":"SMITH"},{"data":"hermit:Snapshot","floor":10,"key":"SMITH"},{"floor":15,"key":"REST"}],"circlet_count":0,"master_deck":["hermit:Strike_Hermit+1","hermit:Strike_Hermit","hermit:Snapshot+1","hermit:Covet+1","FairyFestival","hermit:LowProfile+1","LaLuna","hermit:Feint+1","Bloodbath","hermit:TakeCover","MeatLantern","hermit:PistolWhip"],"relics":["hermit:Momento","CogitoBucket","LetterFromLob","Regal Pillow","hermit:Horseshoe","Question Card","Theresia"],"acts_visited":["Exordium"],"potions_floor_usage":[13,16],"damage_taken":[{"damage":0,"enemies":"2 Louse","floor":1,"turns":3},{"damage":0,"enemies":"Small Slimes","floor":2,"turns":2},{"damage":21,"enemies":"Cultist","floor":3,"turns":3},{"damage":2,"enemies":"Gremlin Gang","floor":5,"turns":4},{"damage":20,"enemies":"Large Slime","floor":13,"turns":7},{"damage":13,"enemies":"Looter","floor":14,"turns":6},{"damage":112,"enemies":"Slime Boss","floor":16,"turns":13}],"seed_played":"3122202487799925366","potions_obtained":[{"floor":2,"key":"hermit:Tonic"},{"floor":5,"key":"Regen Potion"},{"floor":13,"key":"FairyPotion"},{"floor":14,"key":"ColorlessPotion"}],"is_trial":false,"path_per_floor":["M","M","M","?","M","R","?","R","T","R","?","T","M","M","R","B"],"character_chosen":"HERMIT","items_purchased":[],"campfire_rested":1,"item_purchase_floors":[],"current_hp_per_floor":[75,75,54,75,75,75,68,68,68,68,53,53,56,53,75,0,0],"gold":269,"neow_bonus":"","is_daily":false,"chose_seed":false,"campfire_upgraded":3,"win_rate":0.0,"timestamp":1613433562,"path_taken":["M","M","M","?","M","R","?","R","T","R","?","?","?","?","R","BOSS"],"items_purchased_type":[],"build_version":"2020-12-22","purchased_purges":0,"victory":false,"max_hp_per_floor":[75,75,75,75,75,75,75,75,75,75,75,75,75,75,75,75,75],"card_choices":[{"not_picked":["MHz","UniverseFragment","PunishingBird"],"picked":"Singing Bowl","floor":1},{"not_picked":["Murderer","MHz"],"picked":"OldLady","floor":1},{"not_picked":["hermit:FullyLoaded","hermit:ItchyTrigger"],"picked":"hermit:Ricochet","floor":1},{"not_picked":["BeautyBeast","WallGazer"],"picked":"FairyFestival","floor":2},{"not_picked":["hermit:Feint","hermit:Brawl"],"picked":"hermit:Enervate","floor":2},{"not_picked":["Mercenary","CherryBlossoms","PunishingBird"],"picked":"Singing Bowl","floor":3},{"not_picked":["ShyLook","WallGazer"],"picked":"Laetitia","floor":3},{"not_picked":["hermit:HoleUp","hermit:Spite"],"picked":"hermit:LowProfile","floor":3},{"not_picked":["Bloodbath","UniverseFragment","MHz"],"picked":"Singing Bowl","floor":5},{"not_picked":["CrumblingArmor","CherryBlossoms"],"picked":"LaLuna","floor":5},{"not_picked":["hermit:Virtue","hermit:Brawl"],"picked":"hermit:Feint","floor":5},{"not_picked":["OSAHOGD","VoidDream","Murderer"],"picked":"Singing Bowl","floor":13},{"not_picked":["PunishingBird","Variant"],"picked":"Bloodbath","floor":13},{"not_picked":["hermit:Manifest","hermit:ItchyTrigger","hermit:Combo"],"picked":"hermit:TakeCover","floor":13},{"not_picked":["BigBadWolf","MHz","HappyTeddy"],"picked":"Singing Bowl","floor":14},{"not_picked":["OSAHOGD","GreedKing"],"picked":"MeatLantern","floor":14},{"not_picked":["hermit:WideOpen","hermit:Scavenge","hermit:Snipe"],"picked":"hermit:PistolWhip","floor":14}],"player_experience":39933,"relics_obtained":[{"floor":1,"key":"LetterFromLob"},{"floor":9,"key":"hermit:Horseshoe"},{"floor":12,"key":"Question Card"}],"event_choices":[{"damage_healed":0,"gold_gain":0,"player_choice":"Success","damage_taken":7,"relics_obtained":["Regal Pillow"],"max_hp_gain":0,"max_hp_loss":0,"event_name":"Scrap Ooze","floor":7,"gold_loss":0},{"damage_healed":0,"gold_gain":0,"player_choice":"Entered Light","damage_taken":15,"max_hp_gain":0,"max_hp_loss":0,"event_name":"Shining Light","floor":11,"gold_loss":0,"cards_upgraded":["hermit:Covet","hermit:Strike_Hermit"]}],"is_beta":false,"boss_relics":[],"items_purged_floors":[],"is_endless":false,"potions_floor_spawned":[2,5,13,14],"killed_by":"Slime Boss","ascension_level":0}}