{"host":"rylkjufw9dlhr07b","time":1613384192,"event":{"mods":["AchievementEnabler","BaseMod","Better Note","BetterRewards","Hubris","Minty Spire (QoL Compilation)","Quick Restart","StSLib"],"gold_per_floor":[112,112,112,77,77,96,107,122,145,156,170,170,170,184,184,258,258,269,269,287,305,305,305,305],"floor_reached":23,"language":"FRA","playtime":733,"items_purged":[],"score":485,"play_id":"a126bb7d-8fbb-4565-8999-361c0002e97b","local_time":"20210215111632","is_ascension_mode":true,"campfire_choices":[{"data":"Barrage","floor":12,"key":"SMITH"},{"data":"Dualcast","floor":15,"key":"SMITH"}],"circlet_count":0,"master_deck":["AscendersBane","Strike_B","Strike_B","Strike_B","Strike_B","Defend_B","Defend_B","Defend_B","Defend_B+1","Zap+1","Dualcast+1","Cold Snap","Conserve Battery","Ball Lightning","Static Discharge+1","Barrage+1","Streamline","Self Repair+1","Melter","Compile Driver","hubris:DoWhile","Loop+1","Apotheosis+1","Stack+1","Capacitor+1"],"relics":["FrozenCore","Regal Pillow","hubris:EmptyBottle","hubris:SphereOfDissonance","Frozen Egg 2","Omamori"],"acts_visited":["Exordium","TheCity"],"potions_floor_usage":[10,10,10,14,16,16,16,18,21,23,23,23],"damage_taken":[{"damage":0,"enemies":"Cultist","floor":1,"turns":2},{"damage":1,"enemies":"2 Louse","floor":6,"turns":2},{"damage":0,"enemies":"Jaw Worm","floor":7,"turns":3},{"damage":0,"enemies":"2 Fungi Beasts","floor":8,"turns":2},{"damage":3,"enemies":"Blue Slaver","floor":10,"turns":2},{"damage":14,"enemies":"Exordium Wildlife","floor":11,"turns":4},{"damage":7,"enemies":"Red Slaver","floor":14,"turns":3},{"damage":24,"enemies":"Hexaghost","floor":16,"turns":5},{"damage":0,"enemies":"Spheric Guardian","floor":18,"turns":2},{"damage":17,"enemies":"2 Thieves","floor":20,"turns":4},{"damage":23,"enemies":"Snecko","floor":21,"turns":5},{"damage":30,"enemies":"Slavers","floor":23,"turns":5}],"seed_played":"433835663968612176","potions_obtained":[{"floor":1,"key":"DuplicationPotion"},{"floor":6,"key":"Regen Potion"},{"floor":11,"key":"EssenceOfDarkness"},{"floor":14,"key":"PotionOfCapacity"},{"floor":16,"key":"GamblersBrew"},{"floor":21,"key":"Block Potion"}],"is_trial":false,"path_per_floor":["M","T","?","?","$","M","M","M","T","M","M","R","?","M","R","B",null,"M","?","M","M","?","E"],"character_chosen":"DEFECT","items_purchased":["Regal Pillow","hubris:EmptyBottle","hubris:SphereOfDissonance","Cold Snap","Conserve Battery"],"campfire_rested":0,"item_purchase_floors":[0,0,0,0,0],"current_hp_per_floor":[42,42,42,59,59,58,58,58,58,65,61,61,47,60,60,36,62,62,62,45,32,32,2,2],"gold":305,"neow_bonus":"","is_daily":false,"chose_seed":false,"campfire_upgraded":2,"win_rate":0.0,"timestamp":1613384192,"path_taken":["M","?","?","?","$","M","M","M","T","M","M","R","?","M","R","BOSS","M","?","M","M","?","E"],"items_purchased_type":["Relic","Relic","Relic","Card","Card"],"build_version":"2020-12-22","purchased_purges":0,"victory":false,"max_hp_per_floor":[71,71,71,71,71,71,71,71,71,71,71,71,71,71,71,71,71,71,71,71,71,71,71,71],"card_choices":[{"not_picked":["Barrage","Cold Snap"],"picked":"Ball Lightning","floor":1},{"not_picked":["Consume","Hologram"],"picked":"Static Discharge+1","floor":6},{"not_picked":["Darkness","Fusion"],"picked":"Barrage","floor":7},{"not_picked":["Steam","Stack"],"picked":"Streamline","floor":8},{"not_picked":["Ball Lightning","Beam Cell"],"picked":"Self Repair+1","floor":10},{"not_picked":["Sweeping Beam","Sunder"],"picked":"Melter","floor":11},{"not_picked":["Reinforced Body","Lockon"],"picked":"Compile Driver","floor":14},{"not_picked":["Biased Cognition+1","Reboot"],"picked":"hubris:DoWhile","floor":16},{"not_picked":["Stack","Hello World+1"],"picked":"Loop+1","floor":18},{"not_picked":["Skim","Cold Snap"],"picked":"Stack+1","floor":20},{"not_picked":["Compile Driver+1","Barrage"],"picked":"Capacitor+1","floor":21}],"player_experience":594584,"relics_obtained":[{"floor":2,"key":"Frozen Egg 2"},{"floor":9,"key":"Omamori"}],"event_choices":[{"damage_healed":0,"gold_gain":0,"player_choice":"Ignored","damage_taken":0,"max_hp_gain":0,"max_hp_loss":0,"event_name":"Golden Wing","floor":3,"gold_loss":0},{"damage_healed":17,"gold_gain":0,"player_choice":"Healed","damage_taken":0,"max_hp_gain":0,"max_hp_loss":0,"event_name":"The Cleric","floor":4,"gold_loss":35},{"damage_healed":0,"gold_gain":0,"player_choice":"Entered Light","damage_taken":14,"max_hp_gain":0,"max_hp_loss":0,"event_name":"Shining Light","floor":13,"gold_loss":0,"cards_upgraded":["Defend_B","Zap"]},{"cards_removed":["Self Repair"],"damage_healed":0,"gold_gain":0,"player_choice":"Take \u0026 Give","damage_taken":0,"max_hp_gain":0,"max_hp_loss":0,"event_name":"betterNote:BetterNote","floor":19,"gold_loss":0,"cards_obtained":["Apotheosis"]},{"damage_healed":0,"gold_gain":0,"player_choice":"Bought 0 Potions","damage_taken":0,"max_hp_gain":0,"max_hp_loss":0,"event_name":"The Woman in Blue","floor":22,"gold_loss":0}],"is_beta":false,"boss_relics":[{"not_picked":["hubris:BlackHole","hubris:VirtuousBlindfold"],"picked":"FrozenCore"}],"items_purged_floors":[],"is_endless":false,"potions_floor_spawned":[1,6,7,11,14,16,21],"killed_by":"Slavers","ascension_level":14}}