{"host":"4eao2pkwlmv012cz","time":1613348861,"event":{"mods":["BaseMod","Bestiary","Bossed Relics","Colored Powertips","Minty Spire (QoL Compilation)","Permanent Neow","Quick Restart","Random Character Button","StSLib"],"gold_per_floor":[114,114,10,85,85,115,115,115,140,182,194,236,248,275,287,399,411,438,18,33,33,33,63,63,63,138,138,138,138,138,168,168,268,268,283,283,283,558,64,64,64],"floor_reached":40,"language":"ENG","playtime":1181,"items_purged":[],"score":505,"play_id":"1d3b2856-a257-4870-8f42-520c54dbc2da","local_time":"20210214192741","daily_mods":["Heirloom","Flight","Night Terrors"],"is_ascension_mode":false,"campfire_choices":[{"floor":7,"key":"REST"},{"data":"Rupture","floor":8,"key":"SMITH"},{"data":"Anger","floor":11,"key":"SMITH"},{"data":"Heavy Blade","floor":13,"key":"SMITH"},{"data":"Armaments","floor":15,"key":"SMITH"},{"data":"Entrench","floor":24,"key":"SMITH"},{"data":"Heavy Blade","floor":27,"key":"SMITH"},{"data":"J.A.X.","floor":29,"key":"SMITH"},{"data":"Pommel Strike","floor":30,"key":"SMITH"},{"floor":32,"key":"REST"}],"circlet_count":0,"master_deck":["Strike_R","Strike_R","Strike_R+1","Strike_R","Strike_R","Defend_R+1","Defend_R+1","Defend_R","Defend_R+1","Bash","Combust","Rupture+1","Uppercut","Heavy Blade+1","Anger+1","Pommel Strike+1","Armaments+1","Brutality","Blood for Blood+1","Inflame","Heavy Blade+1","Entrench+1","Decay","Iron Wave","J.A.X.+1","Offering","Juggernaut","Heavy Blade+1","Mayhem","Discovery","PanicButton","Writhe","Regret","Apotheosis","Flame Barrier","Rage","Shrug It Off+1","Seeing Red+1","Warcry"],"relics":["Burning Blood","Torii","Anchor","Orichalcum","MawBank","Lantern","Letter Opener","Snecko Eye","Calipers","Smiling Mask","Enchiridion","Self Forming Clay","War Paint","Runic Cube","Toy Ornithopter","Orrery"],"acts_visited":["Exordium","TheCity","TheBeyond"],"potions_floor_usage":[16,23,23,23,23,23,31,31],"damage_taken":[{"damage":8,"enemies":"2 Louse","floor":1,"turns":3},{"damage":27,"enemies":"Lagavulin","floor":6,"turns":5},{"damage":6,"enemies":"3 Sentries","floor":10,"turns":5},{"damage":24,"enemies":"Lagavulin","floor":12,"turns":6},{"damage":0,"enemies":"Jaw Worm","floor":14,"turns":1},{"damage":30,"enemies":"Hexaghost","floor":16,"turns":7},{"damage":6,"enemies":"2 Thieves","floor":18,"turns":4},{"damage":21,"enemies":"Spheric Guardian","floor":20,"turns":4},{"damage":56,"enemies":"Book of Stabbing","floor":23,"turns":5},{"damage":14,"enemies":"Slavers","floor":31,"turns":4},{"damage":37,"enemies":"Champ","floor":33,"turns":6},{"damage":9,"enemies":"Orb Walker","floor":35,"turns":3},{"damage":76,"enemies":"Nemesis","floor":40,"turns":6}],"seed_played":"5535013652570512859","potions_obtained":[{"floor":1,"key":"SpeedPotion"},{"floor":10,"key":"Regen Potion"},{"floor":14,"key":"HeartOfIron"},{"floor":18,"key":"EntropicBrew"},{"floor":23,"key":"GamblersBrew"}],"is_trial":false,"path_per_floor":["M","?","$","?","T","E","R","R","T","E","R","E","R","M","R","B",null,"M","$","M","?","?","E","R","?","T","R","?","R","R","E","R","B",null,"M","?","?","?","$","E"],"character_chosen":"IRONCLAD","items_purchased":["Rupture","Uppercut","Inflame","Heavy Blade","Calipers","Apotheosis","Toy Ornithopter","Orrery"],"campfire_rested":2,"item_purchase_floors":[3,3,19,19,19,39,39,39],"current_hp_per_floor":[78,62,62,51,51,30,75,75,75,75,75,57,57,63,63,39,75,75,75,60,60,60,39,39,23,23,23,23,23,23,15,70,39,70,67,57,70,70,70,0,0],"gold":64,"neow_bonus":"","is_daily":true,"chose_seed":false,"campfire_upgraded":8,"win_rate":0.0,"timestamp":1613348861,"path_taken":["M","?","?","?","?","E","R","R","T","E","R","E","R","?","R","BOSS","M","$","?","?","?","E","R","?","T","R","?","R","R","E","R","BOSS","M","?","?","?","$","E"],"items_purchased_type":["Card","Card","Card","Card","Relic","Card","Relic","Relic"],"build_version":"2020-12-22","purchased_purges":0,"victory":false,"max_hp_per_floor":[80,80,80,80,80,80,75,75,75,75,75,75,75,75,75,75,75,75,75,75,75,75,75,75,75,75,75,75,75,75,75,70,70,70,70,70,70,70,70,70,70],"card_choices":[{"not_picked":["Dark Embrace","Body Slam"],"picked":"Combust","floor":1},{"not_picked":["Shrug It Off","Sword Boomerang"],"picked":"Heavy Blade","floor":6},{"not_picked":["Wild Strike","Flex"],"picked":"Anger","floor":10},{"not_picked":["Clash","Sentinel"],"picked":"Pommel Strike","floor":12},{"not_picked":["True Grit","Dark Embrace"],"picked":"Armaments","floor":14},{"not_picked":["Barricade","Bludgeon"],"picked":"Brutality","floor":16},{"not_picked":["Sword Boomerang","Warcry"],"picked":"Blood for Blood+1","floor":18},{"not_picked":["Reckless Charge","Body Slam"],"picked":"Entrench","floor":20},{"not_picked":["Dark Embrace","Headbutt+1"],"picked":"Iron Wave","floor":23},{"not_picked":["Body Slam","Headbutt"],"picked":"Offering","floor":31},{"not_picked":["Double Tap","Feed"],"picked":"Juggernaut","floor":33},{"not_picked":["Metallicize+1","Havoc+1"],"picked":"Heavy Blade+1","floor":35},{"not_picked":["Mind Blast","Metamorphosis"],"picked":"Mayhem","floor":36},{"not_picked":["Swift Strike","PanicButton"],"picked":"Discovery","floor":36},{"not_picked":["Chrysalis","Thinking Ahead"],"picked":"PanicButton","floor":36},{"not_picked":["Evolve","Pommel Strike+1"],"picked":"Flame Barrier","floor":39},{"not_picked":["Havoc+1","Sword Boomerang+1"],"picked":"Rage","floor":39},{"not_picked":["Body Slam+1","Cleave+1"],"picked":"Shrug It Off+1","floor":39},{"not_picked":["Wild Strike","Second Wind+1"],"picked":"Seeing Red+1","floor":39},{"not_picked":["Hemokinesis","Armaments"],"picked":"Warcry","floor":39}],"player_experience":2937614,"relics_obtained":[{"floor":5,"key":"Anchor"},{"floor":6,"key":"Orichalcum"},{"floor":9,"key":"MawBank"},{"floor":10,"key":"Lantern"},{"floor":12,"key":"Letter Opener"},{"floor":23,"key":"Smiling Mask"},{"floor":25,"key":"Enchiridion"},{"floor":26,"key":"Self Forming Clay"},{"floor":31,"key":"War Paint"}],"event_choices":[{"damage_healed":0,"gold_gain":0,"player_choice":"Entered Light","damage_taken":16,"max_hp_gain":0,"max_hp_loss":0,"event_name":"Shining Light","floor":2,"gold_loss":0,"cards_upgraded":["Strike_R","Defend_R"]},{"damage_healed":0,"gold_gain":75,"player_choice":"Gather Gold","damage_taken":11,"max_hp_gain":0,"max_hp_loss":0,"event_name":"World of Goop","floor":4,"gold_loss":0},{"damage_healed":0,"gold_gain":0,"player_choice":"Smashed Altar","damage_taken":0,"max_hp_gain":0,"max_hp_loss":0,"event_name":"Forgotten Altar","floor":21,"gold_loss":0,"cards_obtained":["Decay"]},{"damage_healed":0,"gold_gain":0,"player_choice":"Ignored","damage_taken":0,"max_hp_gain":0,"max_hp_loss":0,"event_name":"Vampires","floor":22,"gold_loss":0},{"damage_healed":0,"gold_gain":0,"player_choice":"Obtained Book","damage_taken":16,"max_hp_gain":0,"max_hp_loss":0,"event_name":"Cursed Tome","floor":25,"gold_loss":0},{"damage_healed":0,"gold_gain":0,"player_choice":"Obtain J.A.X.","damage_taken":0,"max_hp_gain":0,"max_hp_loss":0,"event_name":"Drug Dealer","floor":28,"gold_loss":0,"cards_obtained":["J.A.X."]},{"damage_healed":0,"gold_gain":0,"player_choice":"Memory 3","damage_taken":10,"max_hp_gain":0,"max_hp_loss":0,"event_name":"SensoryStone","floor":36,"gold_loss":0},{"damage_healed":18,"gold_gain":0,"player_choice":"Writhe","damage_taken":0,"max_hp_gain":0,"max_hp_loss":0,"event_name":"Winding Halls","floor":37,"gold_loss":0,"cards_obtained":["Writhe"]},{"damage_healed":0,"gold_gain":275,"player_choice":"Desecrate","damage_taken":0,"max_hp_gain":0,"max_hp_loss":0,"event_name":"Golden Shrine","floor":38,"gold_loss":0,"cards_obtained":["Regret"]}],"is_beta":false,"boss_relics":[{"not_picked":["Empty Cage","Coffee Dripper"],"picked":"Snecko Eye"},{"not_picked":["Black Blood","Velvet Choker"],"picked":"Runic Cube"}],"items_purged_floors":[],"is_endless":false,"potions_floor_spawned":[1,10,14,18,23],"killed_by":"Nemesis","ascension_level":0}}