{"host":"fxrgx7wt2cpkbhka","time":1613362919,"event":{"mods":["AchievementEnabler","BaseMod","Colored Powertips","Dark Map","Minty Spire (QoL Compilation)","Permanent Neow","Quick Restart","Slay-I","StSLib","Waifu the Spire"],"gold_per_floor":[113,113,125,275,175,210,210,210,280,300,334,314,57,74,74,74,74],"floor_reached":16,"language":"ENG","playtime":323,"items_purged":["Doubt"],"score":233,"play_id":"2089fcf0-45dc-41af-b4fd-ad94e12e63ab","local_time":"20210214202159","is_ascension_mode":true,"campfire_choices":[{"data":"Flex","floor":8,"key":"SMITH"},{"data":"1","floor":15,"key":"LIFT"}],"circlet_count":0,"master_deck":["AscendersBane","Strike_R","Strike_R","Strike_R","Strike_R","Strike_R","Defend_R","Defend_R","Defend_R","Defend_R","Bash","Clash","Flex+1","Clash"],"relics":["Burning Blood","NeowsBlessing","The Courier","Ancient Tea Set","Kunai","Ornamental Fan","Dead Branch","Girya"],"acts_visited":["Exordium"],"potions_floor_usage":[],"damage_taken":[{"damage":0,"enemies":"Jaw Worm","floor":1,"turns":1},{"damage":0,"enemies":"Small Slimes","floor":3,"turns":1},{"damage":0,"enemies":"3 Sentries","floor":6,"turns":2},{"damage":0,"enemies":"2 Louse","floor":10,"turns":2},{"damage":30,"enemies":"Lagavulin","floor":11,"turns":7},{"damage":1,"enemies":"Gremlin Gang","floor":14,"turns":5},{"damage":56,"enemies":"Hexaghost","floor":16,"turns":9}],"seed_played":"1623639048570483986","potions_obtained":[{"floor":3,"key":"SkillPotion"},{"floor":10,"key":"Explosive Potion"},{"floor":12,"key":"Ancient Potion"}],"is_trial":false,"path_per_floor":["M","?","M","?","$","E","?","R","T","M","E","?","$","M","R","B"],"character_chosen":"IRONCLAD","items_purchased":["Flex","Girya","Clash"],"campfire_rested":0,"item_purchase_floors":[5,13,13],"current_hp_per_floor":[74,56,62,62,62,68,68,68,68,74,50,50,50,55,55,0,0],"gold":74,"neow_bonus":"THREE_ENEMY_KILL","is_daily":false,"chose_seed":false,"campfire_upgraded":1,"win_rate":0.0,"timestamp":1613362919,"path_taken":["M","?","M","?","$","E","?","R","T","?","E","?","$","M","R","BOSS"],"items_purchased_type":["Card","Relic","Card"],"build_version":"2020-12-22","purchased_purges":1,"victory":false,"max_hp_per_floor":[75,75,75,75,75,75,75,75,75,75,75,75,75,75,75,75,75],"card_choices":[{"not_picked":["Shockwave","Dual Wield"],"picked":"Clash","floor":1},{"not_picked":["Pommel Strike","Pummel","Warcry"],"picked":"SKIP","floor":3},{"not_picked":["Sentinel","Combust","Sword Boomerang"],"picked":"SKIP","floor":6},{"not_picked":["Flex","Anger","Headbutt"],"picked":"SKIP","floor":10},{"not_picked":["Iron Wave","Cleave","Ghostly Armor"],"picked":"SKIP","floor":11},{"not_picked":["Warcry","Burning Pact","Havoc"],"picked":"SKIP","floor":14}],"player_experience":782788,"relics_obtained":[{"floor":6,"key":"Ancient Tea Set"},{"floor":9,"key":"Ornamental Fan"},{"floor":11,"key":"Dead Branch"}],"event_choices":[{"damage_healed":0,"gold_gain":0,"player_choice":"Success","damage_taken":18,"relics_obtained":["The Courier"],"max_hp_gain":0,"max_hp_loss":0,"event_name":"Scrap Ooze","floor":2,"gold_loss":0},{"damage_healed":0,"gold_gain":150,"player_choice":"AGREE","damage_taken":0,"max_hp_gain":0,"max_hp_loss":0,"event_name":"Liars Game","floor":4,"gold_loss":0,"cards_obtained":["Doubt"]},{"damage_healed":0,"gold_gain":0,"player_choice":"Gave Potion","damage_taken":0,"relics_obtained":["Kunai"],"max_hp_gain":0,"max_hp_loss":0,"event_name":"WeMeetAgain","floor":7,"gold_loss":0},{"damage_healed":0,"gold_gain":0,"player_choice":"Bought 1 Potion","damage_taken":0,"max_hp_gain":0,"max_hp_loss":0,"event_name":"The Woman in Blue","floor":12,"gold_loss":0}],"is_beta":false,"boss_relics":[],"items_purged_floors":[5],"is_endless":false,"potions_floor_spawned":[3,10,14],"killed_by":"Hexaghost","ascension_level":15}}