{"host":"q5l3nirlejh5mn15","time":1613351756,"event":{"mods":["100% Spire Juice","BaseMod","Bossed Relics","Downfall","Energized Spire","FoggyMod","Hermit","Koishi","Lobotomy","LobotomyExtend","Marisa£®ÏF”Í°°ƒß¿Ì…≥£©","Minty Spire (QoL Compilation)","MostiFishMod","Reimu£®≤©¿ˆ¡È√Œ£©","Relic Filter Mod","Reliquary","Remilia£®¿Ÿ√◊¿Ú—«£©","RumiaBox-¬∂√◊Ê´µƒ…Ò√ÿ∫–◊”","Spicy Shops","StSLib","TestMod","The Hierophant","The Servant 0.9.4","UnlockEverythingMod","Warlord Emblem","°æπ¶ƒ‹Mod°øªÏ„Á÷Æª∑–ﬁ∏¥≤π∂°","°æ“≈ŒÔø®≈∆°øREMEMod"],"gold_per_floor":[112,112,132,132,57,57,70,35,62,62,62,93,120,295,295,144,144],"floor_reached":16,"language":"ZHS","playtime":444,"items_purged":["SpecialBullet"],"score":96,"play_id":"4980068c-9591-4d1c-9505-0eb3430b9668","local_time":"20210215091556","is_ascension_mode":false,"campfire_choices":[],"circlet_count":0,"master_deck":["SpecialBullet","SpecialBullet","SpecialBullet","SpecialBullet","InformationCode","ExtractionCode","CentralCode","Adoration+1","MostiFishMod:Minus","MostiFishMod:EE1D","MostiFishMod:EE1D","MostiFishMod:EE1D","Scorched","Noise","Freischutz","Harvest","OSAHOGD","Laetitia_ego","QueenBee","CENSORED_ego","Doubt"],"relics":["CogitoBucket","DaveBox","testmod-TestBox","REME_ComplimentaryCards","testmod-RandomTest","EE1DDrone","SynthV:TestCard","LetterFromLob","REME_HourglassOfDeath","SSSystem"],"acts_visited":["Exordium"],"potions_floor_usage":[2],"damage_taken":[{"damage":9,"enemies":"Jaw Worm","floor":1,"turns":3},{"damage":12,"enemies":"Cultist","floor":3,"turns":3},{"damage":37,"enemies":"2 Louse","floor":7,"turns":2},{"damage":9,"enemies":"3 Sentries","floor":12,"turns":2},{"damage":37,"enemies":"The Guardian","floor":16,"turns":8}],"seed_played":"-5431413499370856070","potions_obtained":[{"floor":1,"key":"REME_GoldPotion"},{"floor":3,"key":"Explosive Potion"},{"floor":7,"key":"Explosive Potion"}],"is_trial":false,"path_per_floor":["M","?","M","?","$","R","M","?","T","R","?","E","T","?","R","B"],"character_chosen":"Angela","items_purchased":[],"campfire_rested":0,"item_purchase_floors":[],"current_hp_per_floor":[61,61,49,49,49,49,12,29,29,29,45,36,36,36,36,0,0],"gold":144,"neow_bonus":"ONE_RANDOM_RARE_CARD","is_daily":false,"chose_seed":false,"campfire_upgraded":0,"win_rate":0.0,"timestamp":1613351756,"path_taken":["M","?","?","?","?","R","?","?","T","R","?","E","?","?","R","BOSS"],"items_purchased_type":[],"build_version":"2020-12-22","purchased_purges":1,"victory":false,"max_hp_per_floor":[70,70,70,70,70,70,70,70,70,70,70,70,70,70,70,70,70],"card_choices":[{"not_picked":["VoidDream","FairyFestival"],"picked":"Scorched","floor":1},{"not_picked":["Penitence"],"picked":"Noise","floor":1},{"not_picked":["MHz","Laetitia"],"picked":"Freischutz","floor":3},{"not_picked":["RapturousDream","RedEyes","CUTE"],"picked":"Harvest","floor":3},{"not_picked":["LaLuna","BlackSwan"],"picked":"OSAHOGD","floor":7},{"not_picked":["RapturousDream","Beak","RedEyes"],"picked":"Laetitia_ego","floor":7},{"not_picked":["MeatLantern","CherryBlossoms"],"picked":"QueenBee","floor":12},{"not_picked":["Reverberation","Wingbeat","Tough"],"picked":"CENSORED_ego","floor":12}],"player_experience":282436,"relics_obtained":[{"floor":1,"key":"SynthV:TestCard"},{"floor":1,"key":"LetterFromLob"},{"floor":12,"key":"REME_HourglassOfDeath"},{"floor":13,"key":"SSSystem"}],"event_choices":[{"damage_healed":0,"gold_gain":0,"player_choice":"Bought 0 Potions","damage_taken":0,"max_hp_gain":0,"max_hp_loss":0,"event_name":"The Woman in Blue","floor":2,"gold_loss":0},{"damage_healed":0,"gold_gain":0,"player_choice":"Grow","damage_taken":0,"max_hp_gain":0,"max_hp_loss":0,"event_name":"Living Wall","floor":4,"gold_loss":0,"cards_upgraded":["Adoration"]},{"damage_healed":17,"gold_gain":0,"player_choice":"Healed","damage_taken":0,"max_hp_gain":0,"max_hp_loss":0,"event_name":"The Cleric","floor":8,"gold_loss":35},{"damage_healed":0,"gold_gain":175,"player_choice":"AGREE","damage_taken":0,"max_hp_gain":0,"max_hp_loss":0,"event_name":"Liars Game","floor":14,"gold_loss":0,"cards_obtained":["Doubt"]}],"is_beta":false,"boss_relics":[],"items_purged_floors":[5],"is_endless":false,"potions_floor_spawned":[1,3,7],"killed_by":"The Guardian","ascension_level":0}}