{"host":"6dypmz777xraikqf","time":1613412590,"event":{"mods":["AchievementEnabler","BaseMod","BetterRewards","Colored Map","Colored Powertips","Downfall","Highlight Path","Hubris","Infinite Spire","Minty Spire (QoL Compilation)","Replay The Spire","StSLib"],"gold_per_floor":[119,119,138,63,77,106,106,106,106,106,106,106],"floor_reached":11,"language":"ENG","playtime":619,"items_purged":[],"score":131,"play_id":"d7f17cbb-6aa7-4a94-a6f3-97fb82f5dc61","local_time":"20210215180950","is_ascension_mode":true,"campfire_choices":[{"floor":7,"key":"REST"},{"data":"Corruption","floor":10,"key":"SMITH"}],"circlet_count":0,"master_deck":["AscendersBane","Strike_R","Strike_R","Strike_R","Defend_R","Defend_R","Defend_R","Defend_R","Bash","Cleave","Searing Blow","Seeing Red","Burning Pact","Flame Barrier","Corruption+1"],"relics":["Runic Cube","Bag of Preparation","Replay:WaspNest"],"acts_visited":["Exordium"],"potions_floor_usage":[6],"damage_taken":[{"damage":4,"enemies":"Small Slimes","floor":1,"turns":4},{"damage":11,"enemies":"Jaw Worm","floor":3,"turns":4},{"damage":1,"enemies":"2 Louse","floor":5,"turns":3},{"damage":55,"enemies":"3 Sentries","floor":6,"turns":11},{"damage":52,"enemies":"Lagavulin","floor":11,"turns":6}],"seed_played":"-3790243586698882069","potions_obtained":[{"floor":5,"key":"BloodPotion"}],"is_trial":false,"path_per_floor":["M","?","M","?","M","E","R","?","T","R","E"],"character_chosen":"IRONCLAD","items_purchased":[],"campfire_rested":1,"item_purchase_floors":[],"current_hp_per_floor":[64,64,53,53,52,12,34,34,34,34,0,0],"gold":106,"neow_bonus":"BOSS_RELIC","is_daily":false,"chose_seed":false,"campfire_upgraded":1,"win_rate":0.0,"timestamp":1613412590,"path_taken":["M","?","M","?","M","E","R","?","T","R","E"],"items_purchased_type":[],"build_version":"2020-12-22","purchased_purges":0,"victory":false,"max_hp_per_floor":[75,75,75,75,75,75,75,75,75,75,75,75],"card_choices":[{"not_picked":["ReplayReversal","Massacre"],"picked":"Cleave","floor":1},{"not_picked":["Anger","Shockwave"],"picked":"Seeing Red","floor":3},{"not_picked":["Run Through","Anger"],"picked":"Burning Pact","floor":5},{"not_picked":["Infernal Blade","Twin Strike"],"picked":"Flame Barrier","floor":6}],"player_experience":240269,"relics_obtained":[{"floor":6,"key":"Bag of Preparation"},{"floor":9,"key":"Replay:WaspNest"}],"event_choices":[{"damage_healed":0,"gold_gain":0,"cards_transformed":["Strike_R"],"player_choice":"Change","damage_taken":0,"max_hp_gain":0,"max_hp_loss":0,"event_name":"Living Wall","floor":2,"gold_loss":0,"cards_obtained":["Searing Blow"]},{"cards_removed":["Strike_R"],"damage_healed":0,"gold_gain":0,"player_choice":"Card Removal","damage_taken":0,"max_hp_gain":0,"max_hp_loss":0,"event_name":"The Cleric","floor":4,"gold_loss":75}],"is_beta":false,"boss_relics":[],"items_purged_floors":[],"is_endless":false,"potions_floor_spawned":[5],"killed_by":"Lagavulin","ascension_level":17}}