{"host":"a3wpq7kyokchzawk","time":1613422424,"event":{"mods":["BaseMod","Colored Map","Highlight Path","Minty Spire (QoL Compilation)","Permanent Neow","Potion Indicator Mod","Relic Stats","Weighted Paths"],"gold_per_floor":[112,187,201,221,241,241,241,241,294,294,344,371,390,390,390],"floor_reached":14,"language":"ENG","playtime":1011,"items_purged":[],"score":176,"play_id":"e87ed835-911c-45f4-9f73-49304fc25a96","local_time":"20210215185344","is_ascension_mode":true,"campfire_choices":[{"floor":6.0,"key":"REST"},{"data":"Aggregate","floor":8.0,"key":"SMITH"},{"floor":10.0,"key":"REST"}],"circlet_count":0,"master_deck":["AscendersBane","Strike_B","Strike_B","Strike_B","Defend_B","Defend_B","Defend_B","Defend_B","Zap","Dualcast","Compile Driver","Genetic Algorithm","Cold Snap","Aggregate+1","Ball Lightning","Streamline"],"relics":["Cracked Core","Du-Vu Doll","Blood Vial","Happy Flower"],"acts_visited":["Exordium"],"potions_floor_usage":[14,14],"damage_taken":[{"damage":1.0,"enemies":"Cultist","floor":1.0,"turns":3.0},{"damage":7.0,"enemies":"Jaw Worm","floor":3.0,"turns":3.0},{"damage":7.0,"enemies":"Small Slimes","floor":4.0,"turns":3.0},{"damage":23.0,"enemies":"Gremlin Gang","floor":5.0,"turns":5.0},{"damage":21.0,"enemies":"3 Sentries","floor":12.0,"turns":9.0},{"damage":17.0,"enemies":"Exordium Thugs","floor":13.0,"turns":4.0},{"damage":18,"enemies":"Lagavulin","floor":14,"turns":2}],"seed_played":"706034029929787854","potions_obtained":[{"floor":3.0,"key":"FearPotion"},{"floor":4.0,"key":"GamblersBrew"},{"floor":13.0,"key":"GamblersBrew"}],"is_trial":false,"path_per_floor":["M","?","M","M","M","R","?","R","T","R","?","E","M","E"],"character_chosen":"DEFECT","items_purchased":[],"campfire_rested":2,"item_purchase_floors":[],"current_hp_per_floor":[63,52,45,38,15,34,27,27,27,46,40,21,6,0,0],"gold":390,"neow_bonus":"ONE_RARE_RELIC","is_daily":false,"chose_seed":false,"campfire_upgraded":1,"win_rate":0.0,"timestamp":1613422424,"path_taken":["M","?","M","M","M","R","?","R","T","R","?","E","?","E"],"items_purchased_type":[],"build_version":"2020-12-22","purchased_purges":0,"victory":false,"max_hp_per_floor":[64,64,64,64,64,64,64,64,64,64,64,64,64,64,64],"relic_stats":{"Blood Vial":6,"Happy Flower":[2],"counters":[7,29],"obtain_stats":[{"Du-Vu Doll":0,"Blood Vial":9,"Happy Flower":12,"Cracked Core":0},{"Du-Vu Doll":0,"Blood Vial":4,"Happy Flower":5,"Cracked Core":0},{"Du-Vu Doll":0,"Blood Vial":14,"Happy Flower":23,"Cracked Core":0}]},"card_choices":[{"not_picked":["Force Field","Leap"],"picked":"Compile Driver","floor":1.0},{"not_picked":["Blizzard","Beam Cell"],"picked":"Genetic Algorithm","floor":3.0},{"not_picked":["Sweeping Beam","Turbo"],"picked":"Cold Snap","floor":4.0},{"not_picked":["Steam","Hyperbeam"],"picked":"Aggregate","floor":5.0},{"not_picked":["Beam Cell","Steam Power"],"picked":"Ball Lightning","floor":12.0},{"not_picked":["Coolheaded","Barrage"],"picked":"Streamline","floor":13.0}],"player_experience":2732863,"relics_obtained":[{"floor":9.0,"key":"Blood Vial"},{"floor":12.0,"key":"Happy Flower"}],"event_choices":[{"damage_healed":0.0,"max_hp_gain":0.0,"max_hp_loss":0.0,"gold_gain":75.0,"event_name":"World of Goop","player_choice":"Gather Gold","floor":2.0,"gold_loss":0.0,"damage_taken":11.0},{"cards_removed":["Strike_B"],"damage_healed":0.0,"max_hp_gain":0.0,"max_hp_loss":0.0,"gold_gain":0.0,"event_name":"Golden Wing","player_choice":"Card Removal","floor":7.0,"gold_loss":0.0,"damage_taken":7.0},{"damage_healed":0.0,"max_hp_gain":0.0,"max_hp_loss":0.0,"gold_gain":50.0,"event_name":"FaceTrader","player_choice":"Touch","floor":11.0,"gold_loss":0.0,"damage_taken":6.0}],"is_beta":false,"boss_relics":[],"items_purged_floors":[],"is_endless":false,"potions_floor_spawned":[3,4,13],"killed_by":"Lagavulin","ascension_level":19}}