{"host":"kb6kd92pmlm29812","time":1613418677,"event":{"mods":["AchievementEnabler","BaseMod","Colored Map","Highlight Path","Minty Spire (QoL Compilation)","Permanent Neow","Quick Restart","StSLib"],"gold_per_floor":[115,125,140,140,38,38,64,80,105,105,140,151,185,285,285,380,380,390,2,16,34,34,69,69,100,100,100,117,149,192,6,6,103,103,122,137,147,147,161,194,194,194,194,209,223,253,253,10,10,10,10,10,10,42,42],"floor_reached":56,"language":"ENG","playtime":4532,"items_purged":["Strike_R","Strike_R","Strike_R","Defend_R"],"score":1437,"play_id":"ce4cb7e2-d9b1-4e3e-bfe9-8f097c67a0f0","local_time":"20210215145117","is_ascension_mode":true,"campfire_choices":[{"data":"Bash","floor":6.0,"key":"SMITH"},{"data":"Pommel Strike","floor":10.0,"key":"SMITH"},{"data":"Pommel Strike","floor":15.0,"key":"SMITH"},{"data":"Fiend Fire","floor":24.0,"key":"SMITH"},{"data":"Uppercut","floor":27.0,"key":"SMITH"},{"data":"Demon Form","floor":32.0,"key":"SMITH"},{"data":"Feel No Pain","floor":42,"key":"SMITH"},{"data":"Reaper","floor":47,"key":"SMITH"},{"floor":49,"key":"RECALL"},{"data":"Feel No Pain","floor":52,"key":"SMITH"}],"circlet_count":0,"master_deck":["Strike_R","Strike_R","Defend_R","Defend_R","Defend_R","Bash+1","Warcry+1","Pommel Strike+1","Pommel Strike+1","Cleave","Fiend Fire+1","Feel No Pain+1","Shrug It Off","Reaper+1","Blood for Blood+1","True Grit+1","Shrug It Off+1","Uppercut+1","Demon Form+1","Shrug It Off+1","Burning Pact+1","Offering+1","Pommel Strike+1","Reaper+1","Shockwave+1","Feel No Pain+1","Warcry+1","Barricade"],"relics":["Burning Blood","Ice Cream","Oddly Smooth Stone","MealTicket","PreservedInsect","Anchor","Snecko Eye","Toxic Egg 2","Sundial","WingedGreaves","Whetstone","Question Card","MawBank","Mummified Hand","Black Star","Eternal Feather","Dream Catcher","Regal Pillow","Magic Flower","Self Forming Clay","Lantern"],"acts_visited":["Exordium","TheCity","TheBeyond","TheEnding"],"potions_floor_usage":[44,50,55],"damage_taken":[{"damage":0.0,"enemies":"Small Slimes","floor":1.0,"turns":3.0},{"damage":1.0,"enemies":"Cultist","floor":2.0,"turns":4.0},{"damage":6.0,"enemies":"Jaw Worm","floor":3.0,"turns":4.0},{"damage":26.0,"enemies":"Lagavulin","floor":7.0,"turns":5.0},{"damage":1.0,"enemies":"2 Fungi Beasts","floor":8.0,"turns":3.0},{"damage":12.0,"enemies":"3 Sentries","floor":11.0,"turns":8.0},{"damage":14.0,"enemies":"Red Slaver","floor":12.0,"turns":4.0},{"damage":0.0,"enemies":"Gremlin Nob","floor":13.0,"turns":3.0},{"damage":21.0,"enemies":"Slime Boss","floor":16.0,"turns":9.0},{"damage":6.0,"enemies":"Shell Parasite","floor":18.0,"turns":3.0},{"damage":0.0,"enemies":"Chosen","floor":20.0,"turns":2.0},{"damage":0.0,"enemies":"Snecko","floor":21.0,"turns":3.0},{"damage":0.0,"enemies":"Book of Stabbing","floor":23.0,"turns":4.0},{"damage":4.0,"enemies":"Slavers","floor":25.0,"turns":3.0},{"damage":0.0,"enemies":"3 Cultists","floor":28.0,"turns":4.0},{"damage":29.0,"enemies":"Gremlin Leader","floor":29.0,"turns":4.0},{"damage":0.0,"enemies":"Book of Stabbing","floor":30.0,"turns":3.0},{"damage":0.0,"enemies":"Champ","floor":33.0,"turns":7.0},{"damage":0.0,"enemies":"3 Shapes","floor":35.0,"turns":3.0},{"damage":6.0,"enemies":"3 Darklings","floor":36.0,"turns":4.0},{"damage":24.0,"enemies":"Sphere and 2 Shapes","floor":37.0,"turns":4.0},{"damage":6.0,"enemies":"Jaw Worm Horde","floor":39.0,"turns":3.0},{"damage":32,"enemies":"Reptomancer","floor":40,"turns":4},{"damage":10,"enemies":"3 Darklings","floor":44,"turns":4},{"damage":18,"enemies":"4 Shapes","floor":45,"turns":2},{"damage":6,"enemies":"Nemesis","floor":46,"turns":3},{"damage":23,"enemies":"Time Eater","floor":50,"turns":6},{"damage":24,"enemies":"Shield and Spear","floor":54,"turns":4},{"damage":46,"enemies":"The Heart","floor":55,"turns":7}],"seed_played":"-1239232668661298085","potions_obtained":[{"floor":1.0,"key":"SteroidPotion"},{"floor":2.0,"key":"CultistPotion"},{"floor":7.0,"key":"SteroidPotion"},{"floor":13.0,"key":"DistilledChaos"},{"floor":23.0,"key":"PowerPotion"},{"floor":25.0,"key":"Swift Potion"},{"floor":29.0,"key":"LiquidBronze"},{"floor":33.0,"key":"Ancient Potion"},{"floor":38.0,"key":"CultistPotion"},{"floor":38.0,"key":"EssenceOfSteel"},{"floor":39.0,"key":"Swift Potion"},{"floor":44,"key":"Strength Potion"}],"is_trial":false,"path_per_floor":["M","M","M","?","$","R","E","M","T","R","E","M","E","?","R","B",null,"M","$","M","M","?","E","R","E","T","R","M","E","E","$","R","B",null,"M","M","M","?","M","E","?","R","T","M","M","E","R","$","R","B",null,"R","$","E","B",null],"character_chosen":"IRONCLAD","items_purchased":["Cleave","Toxic Egg 2","Blood for Blood","Burning Pact+1","Feel No Pain","Warcry+1"],"campfire_rested":0,"item_purchase_floors":[5,19,19,31,48,48],"current_hp_per_floor":[72,72,72,72,72,72,52,57,57,57,51,43,49,49,49,34,72,72,72,72,72,72,72,72,72,72,72,72,49,62,72,72,72,72,72,72,54,54,66,47,47,59,59,70,72,72,72,72,72,58,72,72,72,63,49],"gold":42,"neow_bonus":"ONE_RARE_RELIC","is_daily":false,"chose_seed":false,"campfire_upgraded":9,"win_rate":0.0,"timestamp":1613418677,"path_taken":["M","M","M","?","?","R","E","?","T","R","E","M","E","?","R","BOSS","M","$","M","M","?","E","R","E","T","R","?","E","E","$","R","BOSS","M","?","M","?","?","E","?","R","T","M","M","E","R","$","R","BOSS","R","$","E","BOSS"],"items_purchased_type":["Card","Relic","Card","Card","Card","Card"],"build_version":"2020-12-22","purchased_purges":4,"victory":true,"max_hp_per_floor":[72,72,72,72,72,72,72,72,72,72,72,72,72,72,72,72,72,72,72,72,72,72,72,72,72,72,72,72,72,72,72,72,72,72,72,72,72,72,72,72,72,72,72,72,72,72,72,72,72,72,72,72,72,72,72],"card_choices":[{"not_picked":["Sever Soul","Headbutt"],"picked":"Warcry","floor":1.0},{"not_picked":["True Grit","Dropkick"],"picked":"Pommel Strike","floor":2.0},{"not_picked":["Sword Boomerang","Twin Strike"],"picked":"Pommel Strike","floor":3.0},{"not_picked":["Twin Strike","Second Wind"],"picked":"Reckless Charge","floor":7.0},{"not_picked":["Body Slam","Dual Wield"],"picked":"Fiend Fire","floor":8.0},{"not_picked":["Headbutt","Impervious"],"picked":"Feel No Pain","floor":11.0},{"not_picked":["Rupture","Clash","Sword Boomerang"],"picked":"SKIP","floor":12.0},{"not_picked":["Bloodletting","Sword Boomerang"],"picked":"Shrug It Off","floor":13.0},{"not_picked":["Bludgeon","Fiend Fire"],"picked":"Reaper","floor":16.0},{"not_picked":["Ghostly Armor+1","Combust","Thunderclap"],"picked":"SKIP","floor":18.0},{"not_picked":["Sword Boomerang","Searing Blow"],"picked":"True Grit+1","floor":20.0},{"not_picked":["Clothesline","Cleave"],"picked":"Shrug It Off+1","floor":21.0},{"not_picked":["Disarm+1","Sword Boomerang"],"picked":"Uppercut","floor":23.0},{"not_picked":["Clothesline","Hemokinesis","Headbutt"],"picked":"SKIP","floor":25.0},{"not_picked":["Power Through+1","Shrug It Off+1","Twin Strike"],"picked":"Demon Form","floor":28.0},{"not_picked":["Rampage","Intimidate+1","Clothesline","Clash"],"picked":"SKIP","floor":29.0},{"not_picked":["Spot Weakness+1","Flex+1","Perfected Strike"],"picked":"Shrug It Off+1","floor":30.0},{"not_picked":["Reaper","Corruption","Brutality"],"picked":"Offering+1","floor":33.0},{"not_picked":["Thunderclap","Power Through+1","Cleave","Iron Wave"],"picked":"SKIP","floor":35.0},{"not_picked":["True Grit+1","Headbutt","Battle Trance+1"],"picked":"Pommel Strike+1","floor":36.0},{"not_picked":["Perfected Strike+1","Armaments+1","Sword Boomerang","Whirlwind+1"],"picked":"SKIP","floor":37.0},{"not_picked":["Anger","Inflame+1","Perfected Strike+1","Body Slam"],"picked":"SKIP","floor":39.0},{"not_picked":["Metallicize+1","Intimidate+1","Flex+1","Warcry+1"],"picked":"SKIP","floor":40},{"not_picked":["Shrug It Off+1","Headbutt","Fire Breathing"],"picked":"Reaper","floor":44},{"not_picked":["Dropkick","Iron Wave+1","Clothesline+1","Cleave+1"],"picked":"SKIP","floor":45},{"not_picked":["Warcry+1","Disarm+1","Spot Weakness+1"],"picked":"Shockwave+1","floor":46},{"not_picked":["Sever Soul+1","Perfected Strike","Clothesline"],"picked":"Barricade","floor":54}],"player_experience":40610,"relics_obtained":[{"floor":7.0,"key":"Oddly Smooth Stone"},{"floor":9.0,"key":"MealTicket"},{"floor":11.0,"key":"PreservedInsect"},{"floor":13.0,"key":"Anchor"},{"floor":23.0,"key":"WingedGreaves"},{"floor":25.0,"key":"Whetstone"},{"floor":26.0,"key":"Question Card"},{"floor":29.0,"key":"MawBank"},{"floor":30.0,"key":"Mummified Hand"},{"floor":40,"key":"Eternal Feather"},{"floor":40,"key":"Dream Catcher"},{"floor":46,"key":"Regal Pillow"},{"floor":46,"key":"Magic Flower"},{"floor":54,"key":"Self Forming Clay"},{"floor":54,"key":"Lantern"}],"event_choices":[{"damage_healed":0.0,"max_hp_gain":0.0,"max_hp_loss":0.0,"gold_gain":0.0,"event_name":"Upgrade Shrine","player_choice":"Upgraded","floor":4.0,"gold_loss":0.0,"damage_taken":0.0,"cards_upgraded":["Warcry"]},{"damage_healed":0.0,"max_hp_gain":0.0,"max_hp_loss":0.0,"gold_gain":100.0,"event_name":"Wheel of Change","player_choice":"Gold","floor":14.0,"gold_loss":0.0,"damage_taken":0.0},{"cards_removed":["Reckless Charge"],"damage_healed":0.0,"max_hp_gain":0.0,"max_hp_loss":0.0,"gold_gain":0.0,"event_name":"WeMeetAgain","player_choice":"Gave Card","floor":22.0,"gold_loss":0.0,"damage_taken":0.0,"relics_obtained":["Sundial"]},{"damage_healed":0.0,"max_hp_gain":0.0,"max_hp_loss":0.0,"gold_gain":0.0,"event_name":"Lab","player_choice":"Got Potions","floor":38.0,"gold_loss":0.0,"damage_taken":0.0},{"damage_healed":0,"gold_gain":0,"player_choice":"Bought 0 Potions","damage_taken":0,"max_hp_gain":0,"max_hp_loss":0,"event_name":"The Woman in Blue","floor":41,"gold_loss":0}],"is_beta":false,"boss_relics":[{"not_picked":["Velvet Choker","Fusion Hammer"],"picked":"Snecko Eye"},{"not_picked":["Philosopher\u0027s Stone","SlaversCollar"],"picked":"Black Star"}],"items_purged_floors":[5,19,31,48],"is_endless":false,"potions_floor_spawned":[1,2,7,13,23,25,29,33,39,40,44],"ascension_level":1}}