{"host":"m4gb89kpcfic7v2a","time":1613423390,"event":{"mods":["BaseMod","BetterRewards","Downfall","Minty Spire (QoL Compilation)","Reliquary","Replay The Spire","StSLib"],"gold_per_floor":[119,137,147,147,161,192,192,192,192,223,223,238,248,273,273,372,372,345,363,363,10,10,42,52,52,106,132,149,149,162,172,172,275,275,289,306,126,126,178,207,207,117,117,133,8,25,60,76,76,76],"floor_reached":51,"language":"ENG","playtime":7524,"items_purged":["Poisoned Stab","Shame","Defend_G+1"],"score":1061,"play_id":"aec9d7ad-8a59-4af4-8e1a-a85130e7b653","local_time":"20210215140950","is_ascension_mode":true,"campfire_choices":[{"floor":7,"key":"REST"},{"data":"Cloak And Dagger","floor":11,"key":"SMITH"},{"data":"Distraction","floor":25,"key":"SMITH"},{"data":"ReplayTheSpireMod:Shiv Toss","floor":32,"key":"SMITH"},{"data":"Replay:BasicMightCard","floor":41,"key":"SMITH"},{"data":"Prepared","floor":49,"key":"SMITH"}],"circlet_count":0,"master_deck":["Strike_G+1","Strike_G+1","Strike_G+1","Strike_G+1","Strike_G+1","Defend_G+1","Defend_G+1","Defend_G+1","Defend_G+1","Survivor","Neutralize","ReplayTheSpireMod:Shiv Toss+1","Hidden Blade","Distraction+1","Blade Dance","ReplayTheSpireMod:Scrap Shanks+1","Cloak And Dagger+1","After Image+1","Slice+1","Slice+1","Cloak And Dagger","Malaise+1","Blade Dance","Blade Dance","Backflip+1","Tools of the Trade+1","Prepared+1","After Image+1","Blade Dance+1","Blade Dance+1","Adrenaline+1","Hidden Blade","Prepared+1","Tactician","Infinite Blades+1","Replay:BasicMightCard+1","Master of Strategy+1","ReplayTheSpireMod:Brewmster+1","ReplayTheSpireMod:Speed Training+1","Backstab+1","Backstab+1","Backstab"],"relics":["Ring of the Snake","FossilizedHelix","Prayer Wheel","Happy Flower","Golden Egg","Kunai","reliquary:Aerogel","SacredBark","Whetstone","BargainBundle","Bag of Preparation","Du-Vu Doll","Counterbalance","Darkstone Periapt","WristBlade","Incense Burner","Centennial Puzzle","reliquary:TuningFork","Onion Ring"],"acts_visited":["Exordium","TheCity","TheBeyond"],"potions_floor_usage":[10,23,27,39,39,40,44,46,48],"damage_taken":[{"damage":0,"enemies":"Jaw Worm","floor":1,"turns":4},{"damage":0,"enemies":"Small Slimes","floor":2,"turns":5},{"damage":0,"enemies":"Cultist","floor":3,"turns":4},{"damage":18,"enemies":"Exordium Thugs","floor":5,"turns":6},{"damage":21,"enemies":"3 Sentries","floor":6,"turns":8},{"damage":0,"enemies":"Gremlin Nob","floor":10,"turns":4},{"damage":9,"enemies":"Blue Slaver","floor":12,"turns":3},{"damage":0,"enemies":"2 Fungi Beasts","floor":13,"turns":4},{"damage":0,"enemies":"3 Sentries","floor":14,"turns":8},{"damage":21,"enemies":"Fading Forest","floor":16,"turns":11},{"damage":1,"enemies":"2 Thieves","floor":18,"turns":5},{"damage":0,"enemies":"Shell Parasite","floor":19,"turns":5},{"damage":0,"enemies":"Book of Stabbing","floor":23,"turns":6},{"damage":1,"enemies":"Shelled Parasite and Fungi","floor":24,"turns":5},{"damage":10,"enemies":"Slavers","floor":27,"turns":3},{"damage":0,"enemies":"Snake Plant","floor":28,"turns":6},{"damage":9,"enemies":"Centurion and Healer","floor":30,"turns":4},{"damage":0,"enemies":"Cultist and Chosen","floor":31,"turns":3},{"damage":0,"enemies":"Champ","floor":33,"turns":10},{"damage":0,"enemies":"Orb Walker","floor":35,"turns":2},{"damage":0,"enemies":"3 Shapes","floor":36,"turns":4},{"damage":0,"enemies":"2 Orb Walkers","floor":39,"turns":3},{"damage":0,"enemies":"R_Hoarder","floor":40,"turns":6},{"damage":0,"enemies":"Jaw Worm Horde","floor":44,"turns":3},{"damage":0,"enemies":"Writhing Mass","floor":46,"turns":3},{"damage":0,"enemies":"Giant Head","floor":47,"turns":4},{"damage":0,"enemies":"Transient","floor":48,"turns":5},{"damage":0,"enemies":"Replay:Hell Engine","floor":50,"turns":4}],"seed_played":"2361939444567796021","potions_obtained":[{"floor":1,"key":"BlessingOfTheForge"},{"floor":6,"key":"hexamod:SoulburnPotion"},{"floor":10,"key":"Dexterity Potion"},{"floor":13,"key":"Strength Potion"},{"floor":19,"key":"SkillPotion"},{"floor":30,"key":"Regen Potion"},{"floor":31,"key":"Block Potion"},{"floor":35,"key":"Strength Potion"},{"floor":39,"key":"Death Potion"},{"floor":46,"key":"champ:CounterPotion"},{"floor":47,"key":"Block Potion"}],"is_trial":false,"path_per_floor":["M","M","M","?","M","E","R","?","T","E","R","M","M","E","R","B",null,"M","M","?","$","?","E","M","R","T","E","M","T","M","M","R","B",null,"M","M","$","?","?","E","R","?","T","M","$","M","E","M","R","B",null],"character_chosen":"THE_SILENT","items_purchased":["Prayer Wheel","Poisoned Stab","Replay:Poison Smokescreen","Whetstone","BargainBundle","Backflip","Tools of the Trade","Infinite Blades"],"campfire_rested":1,"item_purchase_floors":[0,0,0,21,21,21,21,37],"current_hp_per_floor":[70,70,70,56,38,17,38,38,38,38,38,29,29,29,50,39,70,69,69,69,69,69,69,68,68,68,58,58,58,49,49,49,49,70,70,70,70,60,60,60,60,60,60,60,60,60,60,60,60,60],"gold":76,"neow_bonus":"","is_daily":false,"chose_seed":false,"campfire_upgraded":5,"win_rate":0.0,"timestamp":1613423390,"path_taken":["M","M","M","?","M","E","R","?","T","E","R","M","M","E","R","BOSS","M","M","?","$","?","E","M","R","T","E","M","?","M","?","R","BOSS","M","M","$","?","?","E","R","?","T","M","$","M","E","M","R","BOSS"],"items_purchased_type":["Relic","Card","Card","Relic","Relic","Card","Card","Card"],"build_version":"2020-12-22","purchased_purges":3,"victory":true,"max_hp_per_floor":[70,70,70,70,70,70,70,70,70,70,70,70,70,70,70,70,70,70,70,70,70,70,70,70,70,70,70,70,70,70,70,70,70,70,70,70,70,70,70,70,70,70,70,70,70,70,70,70,70,70],"card_choices":[{"not_picked":["Dagger Spray","Outmaneuver"],"picked":"ReplayTheSpireMod:Shiv Toss","floor":1},{"not_picked":["ReplayTheSpireMod:Tripwire","Underhanded Strike"],"picked":"Hidden Blade","floor":1},{"not_picked":["Acrobatics","Bane"],"picked":"Distraction","floor":2},{"not_picked":["Sucker Punch","Underhanded Strike","Acrobatics"],"picked":"SKIP","floor":2},{"not_picked":["Die Die Die","Deflect"],"picked":"Blade Dance","floor":3},{"not_picked":["Flying Knee","Underhanded Strike","Quick Slash"],"picked":"SKIP","floor":3},{"not_picked":["Blade Dance","Cloak And Dagger"],"picked":"ReplayTheSpireMod:Scrap Shanks","floor":5},{"not_picked":["Dash","Draining Mist"],"picked":"Cloak And Dagger","floor":5},{"not_picked":["Dagger Spray","Bane","Bullet Time"],"picked":"SKIP","floor":6},{"not_picked":["Cloak And Dagger","Distraction"],"picked":"After Image","floor":10},{"not_picked":["Toxin Wave","Sucker Punch"],"picked":"Slice","floor":12},{"not_picked":["PiercingWail","Escape Plan","Eviscerate"],"picked":"SKIP","floor":12},{"not_picked":["Quick Slash","Acrobatics"],"picked":"Slice","floor":13},{"not_picked":["Poisoned Stab","Deflect","Tactician"],"picked":"SKIP","floor":13},{"not_picked":["Skewer","ReplayTheSpireMod:Scrap Shanks"],"picked":"Cloak And Dagger","floor":14},{"not_picked":["Bullet Time","Glass Knife"],"picked":"Malaise","floor":16},{"not_picked":["ReplayTheSpireMod:The Works","Dodge and Roll"],"picked":"Blade Dance","floor":18},{"not_picked":["Sucker Punch","Slice","Dodge and Roll"],"picked":"SKIP","floor":18},{"not_picked":["Prepared","Sucker Punch"],"picked":"Blade Dance","floor":19},{"not_picked":["Deflect","Noxious Fumes","Slice+1"],"picked":"SKIP","floor":19},{"not_picked":["Leg Sweep","Slice","Noxious Fumes+1"],"picked":"SKIP","floor":23},{"not_picked":["PiercingWail","Draining Mist"],"picked":"Prepared","floor":24},{"not_picked":["Poison Darts","Quick Slash","Well Laid Plans+1"],"picked":"SKIP","floor":24},{"not_picked":["PiercingWail+1","Dagger Throw","Backflip"],"picked":"SKIP","floor":27},{"not_picked":["Poisoned Stab+1","ReplayTheSpireMod:Tripwire","Dash"],"picked":"SKIP","floor":28},{"not_picked":["Crippling Poison","Sucker Punch","Quick Slash"],"picked":"SKIP","floor":28},{"not_picked":["Masterful Stab","Poisoned Stab"],"picked":"After Image","floor":30},{"not_picked":["Draining Mist","Crippling Poison"],"picked":"Blade Dance","floor":30},{"not_picked":["Replay:Poison Smokescreen+1","Outmaneuver"],"picked":"Blade Dance+1","floor":31},{"not_picked":["Bane","Quick Slash","Cloak And Dagger"],"picked":"SKIP","floor":31},{"not_picked":["Atom Bomb","Tools of the Trade"],"picked":"Adrenaline","floor":33},{"not_picked":["Outmaneuver","Deflect"],"picked":"Hidden Blade","floor":35},{"not_picked":["Acrobatics+1","Distraction","Dodge and Roll+1"],"picked":"SKIP","floor":35},{"not_picked":["Sucker Punch","Poisoned Stab"],"picked":"Prepared+1","floor":36},{"not_picked":["Bane","Sucker Punch"],"picked":"Tactician","floor":36},{"not_picked":["Madness","Specialist"],"picked":"Replay:BasicMightCard","floor":38},{"not_picked":["Secret Weapon","Sadistic Nature"],"picked":"Master of Strategy","floor":38},{"not_picked":["Blind","Forethought"],"picked":"ReplayTheSpireMod:Brewmster","floor":38},{"not_picked":["Deflect","Hidden Blade+1"],"picked":"ReplayTheSpireMod:Speed Training+1","floor":40},{"not_picked":["Sucker Punch+1","Hidden Blade","Fluid Movement"],"picked":"SKIP","floor":44},{"not_picked":["Sucker Punch+1","Bane+1","Masterful Stab"],"picked":"SKIP","floor":44},{"not_picked":["Calculated Gamble","ReplayTheSpireMod:Scrap Shanks+1"],"picked":"Backstab+1","floor":46},{"not_picked":["Well Laid Plans","Expertise"],"picked":"Backstab+1","floor":46},{"not_picked":["Slice","Poisoned Stab"],"picked":"Backstab","floor":47},{"not_picked":["Dodge and Roll+1","Escape Plan+1","ReplayTheSpireMod:Exploit Weakness+1"],"picked":"SKIP","floor":48},{"not_picked":["Dash","Bouncing Flask","Quick Slash"],"picked":"SKIP","floor":48}],"player_experience":211526,"relics_obtained":[{"floor":6,"key":"Happy Flower"},{"floor":9,"key":"Golden Egg"},{"floor":10,"key":"Kunai"},{"floor":14,"key":"reliquary:Aerogel"},{"floor":23,"key":"Du-Vu Doll"},{"floor":27,"key":"Counterbalance"},{"floor":29,"key":"Darkstone Periapt"},{"floor":39,"key":"Incense Burner"},{"floor":40,"key":"Centennial Puzzle"},{"floor":43,"key":"reliquary:TuningFork"},{"floor":47,"key":"Onion Ring"}],"event_choices":[{"damage_healed":0,"gold_gain":0,"player_choice":"Entered Light","damage_taken":14,"max_hp_gain":0,"max_hp_loss":0,"event_name":"Shining Light","floor":4,"gold_loss":0,"cards_upgraded":["Defend_G","Defend_G"]},{"damage_healed":0,"gold_gain":0,"player_choice":"Ignored","damage_taken":0,"max_hp_gain":0,"max_hp_loss":0,"event_name":"Liars Game","floor":8,"gold_loss":0},{"damage_healed":0,"gold_gain":0,"player_choice":"Simplicity","damage_taken":0,"max_hp_gain":0,"max_hp_loss":0,"event_name":"Back to Basics","floor":20,"gold_loss":0,"cards_upgraded":["Strike_G","Strike_G","Strike_G","Strike_G","Strike_G","Defend_G","Defend_G","Defend_G"]},{"damage_healed":0,"gold_gain":0,"player_choice":"Stole Relic","damage_taken":0,"relics_obtained":["Bag of Preparation"],"max_hp_gain":0,"max_hp_loss":0,"event_name":"Addict","floor":22,"gold_loss":0,"cards_obtained":["Shame"]},{"damage_healed":0,"gold_gain":0,"player_choice":"Memory 3","damage_taken":10,"max_hp_gain":0,"max_hp_loss":0,"event_name":"SensoryStone","floor":38,"gold_loss":0},{"damage_healed":0,"gold_gain":0,"player_choice":"Fight","damage_taken":0,"max_hp_gain":0,"max_hp_loss":0,"event_name":"Mysterious Sphere","floor":39,"gold_loss":0},{"cards_removed":["Replay:Poison Smokescreen"],"damage_healed":0,"gold_gain":0,"player_choice":"Upgrade and Remove","damage_taken":0,"max_hp_gain":0,"max_hp_loss":0,"event_name":"Designer","floor":42,"gold_loss":90,"cards_upgraded":["Blade Dance"]}],"is_beta":false,"boss_relics":[{"not_picked":["Cursed Key","Runic Pyramid"],"picked":"SacredBark"},{"not_picked":["Coffee Dripper","Replay:Drink Me"],"picked":"WristBlade"}],"items_purged_floors":[21,37,45],"is_endless":false,"potions_floor_spawned":[1,6,10,13,14,19,30,31,33,35,39,46,47],"ascension_level":2}}