{"host":"d2gh6suihlstufn7","time":1613420538,"event":{"mods":["AchievementEnabler","BaseMod","Colored Map","Colored Powertips","Minty Spire (QoL Compilation)","Permanent Neow","Quick Restart"],"gold_per_floor":[114,114,134,152,175,175,190,190,190,208,229,229,252,252,252,372,372,396,420,436,436,511,511,529,547,547,547,547,646,493,514,514,635,635,654,184,184,245,88,88,1,1,28,52,52,75,75,75,75,75],"floor_reached":51,"language":"KOR","playtime":1443,"items_purged":["Brutality"],"score":639,"play_id":"2e2aff1d-ae70-4cfc-90c9-30ff49abfd47","local_time":"20210216052218","is_ascension_mode":false,"campfire_choices":[{"data":"Bash","floor":6,"key":"SMITH"},{"data":"Clothesline","floor":8,"key":"SMITH"},{"data":"Dropkick","floor":12,"key":"SMITH"},{"floor":15,"key":"REST"},{"data":"Bludgeon","floor":23,"key":"SMITH"},{"floor":27,"key":"DIG"},{"floor":32,"key":"DIG"},{"floor":40,"key":"REST"},{"floor":42,"key":"REST"},{"data":"Flex","floor":45,"key":"SMITH"},{"floor":47,"key":"REST"},{"data":"Spot Weakness","floor":49,"key":"SMITH"}],"circlet_count":0,"master_deck":["Bash+1","Clothesline+1","Dropkick+1","Blood for Blood","Bludgeon+1","Flex+1","Barricade","Bloodletting","Sentinel","Spot Weakness+1","Battle Trance","Feel No Pain","Battle Trance+1","Carnage","Immolate","Immolate"],"relics":["Snecko Eye","Golden Idol","Sundial","Pandora\u0027s Box","MutagenicStrength","Shovel","Frozen Egg 2","Pen Nib","Sozu","Kunai","CeramicFish","Champion Belt","PreservedInsect","Self Forming Clay","Lantern"],"acts_visited":["Exordium","TheCity","TheBeyond"],"potions_floor_usage":[16,25,33,33,35],"damage_taken":[{"damage":0,"enemies":"Cultist","floor":1,"turns":2},{"damage":5,"enemies":"2 Louse","floor":3,"turns":2},{"damage":1,"enemies":"Jaw Worm","floor":4,"turns":3},{"damage":7,"enemies":"Looter","floor":5,"turns":3},{"damage":17,"enemies":"Gremlin Gang","floor":7,"turns":5},{"damage":6,"enemies":"Exordium Wildlife","floor":10,"turns":2},{"damage":19,"enemies":"Large Slime","floor":11,"turns":6},{"damage":10,"enemies":"Looter","floor":13,"turns":3},{"damage":36,"enemies":"The Guardian","floor":16,"turns":8},{"damage":1,"enemies":"Chosen","floor":18,"turns":3},{"damage":16,"enemies":"3 Byrds","floor":19,"turns":3},{"damage":0,"enemies":"Snecko","floor":20,"turns":2},{"damage":1,"enemies":"Cultist and Chosen","floor":24,"turns":3},{"damage":10,"enemies":"Centurion and Healer","floor":25,"turns":4},{"damage":0,"enemies":"Snake Plant","floor":31,"turns":1},{"damage":37,"enemies":"Collector","floor":33,"turns":4},{"damage":38,"enemies":"3 Darklings","floor":35,"turns":3},{"damage":41,"enemies":"2 Orb Walkers","floor":38,"turns":3},{"damage":0,"enemies":"Orb Walker","floor":44,"turns":1},{"damage":10,"enemies":"3 Darklings","floor":46,"turns":2},{"damage":68,"enemies":"Time Eater","floor":50,"turns":7}],"seed_played":"-8085306721851399273","potions_obtained":[{"floor":5,"key":"Ancient Potion"},{"floor":10,"key":"FearPotion"},{"floor":13,"key":"Regen Potion"},{"floor":18,"key":"Energy Potion"},{"floor":20,"key":"Strength Potion"},{"floor":25,"key":"BloodPotion"},{"floor":33,"key":"EssenceOfSteel"}],"is_trial":false,"path_per_floor":["M","?","M","M","M","R","M","R","T","M","M","R","M","?","R","B",null,"M","M","M","?","?","R","M","M","T","R","?","?","$","M","R","B",null,"M","$","?","?","$","R","?","R","T","M","R","M","R","?","R","B",null],"character_chosen":"IRONCLAD","items_purchased":["Immolate","Kunai","CeramicFish","PreservedInsect"],"campfire_rested":4,"item_purchase_floors":[30,36,36,39],"current_hp_per_floor":[80,80,75,74,67,67,50,50,50,44,25,25,15,8,32,11,80,79,63,63,63,55,55,54,60,60,60,60,60,60,60,60,23,80,42,42,42,1,1,25,25,49,49,49,49,39,63,70,70,2],"gold":75,"neow_bonus":"BOSS_RELIC","is_daily":false,"chose_seed":false,"campfire_upgraded":6,"win_rate":0.0,"timestamp":1613420538,"path_taken":["M","?","M","M","M","R","M","R","T","M","M","R","M","?","R","BOSS","M","M","M","?","?","R","?","M","T","R","?","?","?","M","R","BOSS","M","$","?","?","?","R","?","R","T","M","R","?","R","?","R","BOSS"],"items_purchased_type":["Card","Relic","Relic","Relic"],"build_version":"2020-12-22","purchased_purges":1,"victory":true,"max_hp_per_floor":[80,80,80,80,80,80,80,80,80,80,80,80,80,80,80,80,80,80,80,80,80,80,80,80,80,80,80,80,80,80,80,80,80,80,80,80,80,80,80,80,80,80,80,80,80,80,80,70,70,70],"card_choices":[{"not_picked":["Havoc","Flex"],"picked":"Clothesline","floor":1},{"not_picked":["Flex","True Grit","Anger"],"picked":"SKIP","floor":3},{"not_picked":["Headbutt","Pummel","Heavy Blade"],"picked":"SKIP","floor":4},{"not_picked":["Iron Wave","Fire Breathing","Clothesline"],"picked":"SKIP","floor":5},{"not_picked":["Clash","Pommel Strike","Clothesline"],"picked":"SKIP","floor":7},{"not_picked":["Twin Strike","Perfected Strike"],"picked":"Dropkick","floor":10},{"not_picked":["Armaments","Headbutt"],"picked":"Blood for Blood","floor":11},{"not_picked":["Anger","Warcry","Heavy Blade"],"picked":"SKIP","floor":13},{"not_picked":["Immolate","Limit Break"],"picked":"Bludgeon","floor":16},{"not_picked":["Headbutt+1","Rampage"],"picked":"Battle Trance+1","floor":18},{"not_picked":["Bloodletting+1","Body Slam","Fire Breathing+1"],"picked":"SKIP","floor":19},{"not_picked":["Twin Strike+1","Clothesline","True Grit"],"picked":"SKIP","floor":20},{"not_picked":["Sword Boomerang+1","Iron Wave"],"picked":"Carnage","floor":24},{"not_picked":["Sword Boomerang","Pommel Strike+1","Shrug It Off"],"picked":"SKIP","floor":25},{"not_picked":["Cleave","Shrug It Off","Intimidate"],"picked":"SKIP","floor":31},{"not_picked":["Brutality+1","Corruption+1"],"picked":"Immolate","floor":33},{"not_picked":["Wild Strike+1","Inflame+1","Reckless Charge+1"],"picked":"SKIP","floor":35},{"not_picked":["Anger","Infernal Blade+1","Pommel Strike"],"picked":"SKIP","floor":44},{"not_picked":["Anger","Power Through","Pommel Strike+1"],"picked":"SKIP","floor":46}],"player_experience":264650,"relics_obtained":[{"floor":9,"key":"Sundial"},{"floor":26,"key":"Shovel"},{"floor":27,"key":"Frozen Egg 2"},{"floor":32,"key":"Pen Nib"},{"floor":38,"key":"Champion Belt"},{"floor":43,"key":"Lantern"}],"event_choices":[{"damage_healed":0,"gold_gain":0,"player_choice":"Take Wound","damage_taken":0,"relics_obtained":["Golden Idol"],"max_hp_gain":0,"max_hp_loss":0,"event_name":"Golden Idol","floor":2,"gold_loss":0,"cards_obtained":["Injury"]},{"cards_removed":["Injury"],"damage_healed":0,"gold_gain":0,"player_choice":"Card Removal","damage_taken":7,"max_hp_gain":0,"max_hp_loss":0,"event_name":"Golden Wing","floor":14,"gold_loss":0},{"damage_healed":0,"gold_gain":0,"player_choice":"Inject Mutagens","damage_taken":0,"relics_obtained":["MutagenicStrength"],"max_hp_gain":0,"max_hp_loss":0,"event_name":"Drug Dealer","floor":21,"gold_loss":0},{"damage_healed":0,"gold_gain":75,"player_choice":"Touch","damage_taken":8,"max_hp_gain":0,"max_hp_loss":0,"event_name":"FaceTrader","floor":22,"gold_loss":0},{"damage_healed":0,"gold_gain":0,"player_choice":"Ignored","damage_taken":0,"max_hp_gain":0,"max_hp_loss":0,"event_name":"Ghosts","floor":28,"gold_loss":0},{"damage_healed":0,"gold_gain":99,"player_choice":"Stole From Cult","damage_taken":0,"max_hp_gain":0,"max_hp_loss":0,"event_name":"Nest","floor":29,"gold_loss":0},{"cards_removed":["Combust"],"damage_healed":0,"gold_gain":0,"player_choice":"Removed Power","damage_taken":0,"max_hp_gain":0,"max_hp_loss":0,"event_name":"Falling","floor":37,"gold_loss":0},{"damage_healed":0,"gold_gain":0,"player_choice":"Fight","damage_taken":0,"max_hp_gain":0,"max_hp_loss":0,"event_name":"Mysterious Sphere","floor":38,"gold_loss":0},{"damage_healed":0,"gold_gain":0,"player_choice":"Paid Gold","damage_taken":0,"relics_obtained":["Self Forming Clay"],"max_hp_gain":0,"max_hp_loss":0,"event_name":"WeMeetAgain","floor":41,"gold_loss":87},{"damage_healed":70,"gold_gain":0,"player_choice":"Heal","damage_taken":0,"max_hp_gain":0,"max_hp_loss":10,"event_name":"The Moai Head","floor":48,"gold_loss":0}],"is_beta":false,"boss_relics":[{"not_picked":["SacredBark","Tiny House"],"picked":"Pandora\u0027s Box"},{"not_picked":["Philosopher\u0027s Stone","Coffee Dripper"],"picked":"Sozu"}],"items_purged_floors":[36],"is_endless":false,"potions_floor_spawned":[5,10,13,18,20,25,33,44],"ascension_level":0}}