{"host":"Luke","time":1613433511,"event":{"mods":["BaseMod","Downfall","Hermit","Minty Spire (QoL Compilation)","StSLib"],"gold_per_floor":[99,119,119,136,136,155,178,188,206,225,25,48,48,74,88,192,242,142,152,152,170,11,11,84,84,116,101,101,101,29,40,52,155,155,155,169,222,272,284,45,45,320,346,364,384,384,384,0,12,12,12,47,9,9,9,9,9],"floor_reached":55,"language":"ENG","playtime":7490,"items_purged":[],"score":767,"play_id":"21429550-7bb7-4a90-802d-1e5ae4aaca5b","local_time":"20210215235831","is_ascension_mode":false,"campfire_choices":[{"floor":1.0,"key":"RECALL"},{"floor":11.0,"key":"REST"},{"data":"Slimebound:GrowthPunch","floor":13.0,"key":"SMITH"},{"data":"Slimebound:MassRepurpose","floor":18.0,"key":"SMITH"},{"data":"Slimebound:DouseInSlime","floor":23.0,"key":"SMITH"},{"data":"Slimebound:SlimeBarrage","floor":25.0,"key":"SMITH"},{"data":"Slimebound:CorrosiveSpit","floor":29.0,"key":"SMITH"},{"data":"Slimebound:MassFeed","floor":35.0,"key":"SMITH"},{"floor":47,"key":"REST"},{"floor":54,"key":"REST"}],"circlet_count":0,"master_deck":["Slimebound:Strike_Slimebound","Slimebound:Defend_Slimebound","Slimebound:Defend_Slimebound","Slimebound:Defend_Slimebound","Slimebound:Split","Slimebound:CorrosiveSpit+1","Slimebound:SpikyOuterGoop","Slimebound:SplitBruiser+1","Slimebound:LeechEnergy","Slimebound:SlimeBarrage+1","Slimebound:GrowthPunch+1","Slimebound:Equalize","Slimebound:Gluttony","Slimebound:MassRepurpose+1","Slimebound:LivingWall","Slimebound:SplitBruiser+1","hermit:Strike_Hermit","Slimebound:SplitMire","Slimebound:DouseInSlime+1","Slimebound:SplitLeeching+1","Slimebound:LevelUp","Slimebound:MegaLick","Slimebound:GoopSpray+1","Slimebound:HauntingLick","Slimebound:MassFeed+1","Slimebound:DivideAndConquer+1","Slimebound:FinishingTackle+1","Slimebound:ForwardTackle+1","Slimebound:SplitLeeching+1","Slimebound:SlimeTap+1","Slimebound:GoopSpray+1","Slimebound:SplitBruiser+1","Regret","Parasite","Slimebound:Darklings","expansioncontent:QuickStudy","Slimebound:TongueLash"],"relics":["Slimebound:AbsorbEndCombat","Torii","downfall:HeartBlessingBlue","downfall:HeartBlessingRed","Potion Belt","Slimebound:AggressiveSlimeRelic","Tiny House","downfall:HeartBlessingGreen","Happy Flower","Kunai","Mercury Hourglass","Bottled Flame","Astrolabe","Ice Cream","StoneCalendar","Singing Bowl","Letter Opener","Bag of Preparation","Nunchaku","Pen Nib"],"acts_visited":["Exordium","TheCity","TheBeyond","TheEnding"],"potions_floor_usage":[43,50,50,50,52,52,55],"damage_taken":[{"damage":10.0,"enemies":"Jaw Worm","floor":2.0,"turns":4.0},{"damage":3.0,"enemies":"Small Slimes","floor":4.0,"turns":3.0},{"damage":2.0,"enemies":"Cultist","floor":6.0,"turns":4.0},{"damage":8.0,"enemies":"Exordium Thugs","floor":8.0,"turns":3.0},{"damage":14.0,"enemies":"3 Louse","floor":9.0,"turns":4.0},{"damage":8.0,"enemies":"Red Slaver","floor":10.0,"turns":3.0},{"damage":9.0,"enemies":"Lagavulin","floor":14.0,"turns":5.0},{"damage":7.0,"enemies":"Exordium Wildlife","floor":15.0,"turns":4.0},{"damage":35.0,"enemies":"DF_ARCHETYPE_STREAMLINE","floor":16.0,"turns":7.0},{"damage":1.0,"enemies":"downfall:LooterAlt2","floor":19.0,"turns":3.0},{"damage":0.0,"enemies":"Spheric Guardian","floor":21.0,"turns":2.0},{"damage":5.0,"enemies":"downfall:FleeingMerchant","floor":22.0,"turns":4.0},{"damage":29.0,"enemies":"Slavers","floor":26.0,"turns":7.0},{"damage":2.0,"enemies":"downfall:FleeingMerchant","floor":27.0,"turns":4.0},{"damage":5.0,"enemies":"downfall:FleeingMerchant","floor":30.0,"turns":3.0},{"damage":15.0,"enemies":"Centurion and Healer","floor":31.0,"turns":4.0},{"damage":3.0,"enemies":"Snake Plant","floor":32.0,"turns":3.0},{"damage":47.0,"enemies":"SI_MIRROR_ARCHETYPE","floor":33.0,"turns":11.0},{"damage":16.0,"enemies":"3 Darklings","floor":36.0,"turns":4.0},{"damage":24.0,"enemies":"2 Orb Walkers","floor":37.0,"turns":4.0},{"damage":0.0,"enemies":"2 Orb Walkers","floor":38.0,"turns":3.0},{"damage":1.0,"enemies":"3 Shapes","floor":39.0,"turns":3.0},{"damage":35,"enemies":"Giant Head","floor":43,"turns":7},{"damage":7,"enemies":"Writhing Mass","floor":44,"turns":3},{"damage":1,"enemies":"3 Darklings","floor":45,"turns":3},{"damage":10,"enemies":"4 Shapes","floor":49,"turns":3},{"damage":30,"enemies":"WA_ARCHETYPE_DIVINITY","floor":50,"turns":7},{"damage":99,"enemies":"downfall:CharBossMerchant","floor":52,"turns":7},{"damage":50,"enemies":"downfall:NeowBoss","floor":55,"turns":6}],"seed_played":"-7095805694669609237","potions_obtained":[{"floor":6.0,"key":"Block Potion"},{"floor":9.0,"key":"Slimebound:SlimyTonguePotion"},{"floor":10.0,"key":"Energy Potion"},{"floor":16.0,"key":"SneckoOil"},{"floor":17.0,"key":"EntropicBrew"},{"floor":26.0,"key":"Energy Potion"},{"floor":31.0,"key":"Weak Potion"},{"floor":33.0,"key":"SteroidPotion"},{"floor":36.0,"key":"EntropicBrew"},{"floor":39.0,"key":"sneckomod:MuddlingPotion"},{"floor":44,"key":"SpeedPotion"},{"floor":49,"key":"LiquidMemories"},{"floor":52,"key":"bronze:BurnAndBuffPotion"}],"is_trial":false,"path_per_floor":["R","M","?","M","?","M","T","M","M","M","R","T","R","E","M","B",null,"R","M","?","M","$","R","T","R","E","$","?","R","$","M","M","B",null,"R","M","?","?","M","$","T","?","E","M","M","?","R","$","M","B",null,"E","$","R","B"],"character_chosen":"SLIMEBOUND","items_purchased":["Happy Flower","Slimebound:LevelUp","Slimebound:MegaLick","Bottled Flame","PowerPotion","Singing Bowl","Nunchaku","expansioncontent:QuickStudy","PowerPotion","Slimebound:TongueLash"],"campfire_rested":3,"item_purchase_floors":[22,30,30,30,30,40,48,48,48,53],"current_hp_per_floor":[65,57,54,55,55,57,57,53,41,35,67,67,67,66,65,46,80,80,80,80,80,80,80,80,80,55,69,69,69,68,63,60,29,80,80,68,56,60,67,67,67,67,46,47,60,60,87,87,88,74,96,11,11,40,0,0,0],"gold":9,"neow_bonus":"THREE_CARDS","is_daily":false,"chose_seed":false,"campfire_upgraded":6,"win_rate":0.0,"timestamp":1613433511,"path_taken":["R","M","?","M","?","?","T","M","M","M","R","?","R","E","M","BOSS","R","M","?","?","$","R","T","R","E","?","?","R","$","M","M","BOSS","R","M","?","?","M","$","T","?","E","M","?","?","R","$","M","BOSS","E","$","R","BOSS"],"items_purchased_type":["Relic","Card","Card","Relic","Potion","Relic","Relic","Card","Potion","Card"],"build_version":"2020-12-18","purchased_purges":0,"victory":false,"max_hp_per_floor":[65,65,65,65,65,65,65,65,65,65,75,75,75,75,75,75,80,80,80,80,80,80,80,80,80,80,80,80,80,80,80,80,80,80,80,80,80,80,80,80,80,80,82,84,90,90,90,90,96,96,96,98,98,98,98,98,98],"card_choices":[{"not_picked":["Slimebound:ViciousTackle","Slimebound:ItLooksTasty"],"picked":"Slimebound:SpikyOuterGoop","floor":0.0},{"not_picked":["Slimebound:ViciousTackle","Slimebound:Replication"],"picked":"Slimebound:SplitBruiser","floor":2.0},{"not_picked":["Slimebound:ItLooksTasty","Slimebound:Replication"],"picked":"Slimebound:LeechEnergy","floor":4.0},{"not_picked":["Slimebound:ComboTackle","Slimebound:RejuvenatingLick"],"picked":"Slimebound:SlimeBarrage","floor":6.0},{"not_picked":["Slimebound:FormOfPuddle","Slimebound:SplitLeeching"],"picked":"Slimebound:OneTwoCombo","floor":8.0},{"not_picked":["Slimebound:PressTheAttack","Slimebound:SplitBruiser"],"picked":"Slimebound:Nibble","floor":9.0},{"not_picked":["Slimebound:SplitLeeching","Slimebound:SplitMire"],"picked":"Slimebound:GrowthPunch","floor":10.0},{"not_picked":["Slimebound:FormOfPuddle","Slimebound:SplitMire"],"picked":"Slimebound:Equalize","floor":14.0},{"not_picked":["Slimebound:SlimeBarrage","Slimebound:GoopTackle"],"picked":"Slimebound:Gluttony","floor":15.0},{"not_picked":["Slimebound:RallyTheTroops","Slimebound:Overexert"],"picked":"Slimebound:MassRepurpose","floor":16.0},{"not_picked":["Slimebound:Grow","Slimebound:LeechingTouch"],"picked":"Slimebound:LivingWall","floor":17.0},{"not_picked":["Slimebound:LeechEnergy","Slimebound:SplitMire"],"picked":"Slimebound:SplitBruiser+1","floor":19.0},{"not_picked":["Slimebound:ItLooksTasty","Slimebound:PressTheAttack"],"picked":"Slimebound:SplitMire","floor":21.0},{"not_picked":["Slimebound:PressTheAttack","Slimebound:AcidTongue"],"picked":"Slimebound:DouseInSlime","floor":22.0},{"not_picked":["Slimebound:GoopSpray","Slimebound:LeechingTouch","Slimebound:ItLooksTasty"],"picked":"SKIP","floor":26.0},{"not_picked":["Slimebound:BestDefense+1","Slimebound:TongueLash","Slimebound:LivingWall+1"],"picked":"SKIP","floor":27.0},{"not_picked":["Slimebound:MassRepurpose","Slimebound:Equalize"],"picked":"Slimebound:SplitLeeching+1","floor":30.0},{"not_picked":["Slimebound:PressTheAttack","Slimebound:Replication"],"picked":"Slimebound:GoopSpray+1","floor":31.0},{"not_picked":["Slimebound:FinishingTackle","Slimebound:SplitBruiser"],"picked":"Slimebound:HauntingLick","floor":32.0},{"not_picked":["Slimebound:Teamwork","Slimebound:OozeBath"],"picked":"Slimebound:MassFeed","floor":33.0},{"not_picked":["Slimebound:SlimeSpikes","Slimebound:GoopSpray"],"picked":"Slimebound:SplitLeeching+1","floor":36.0},{"not_picked":["Slimebound:SlimeBarrage+1","Slimebound:Schlurp"],"picked":"Slimebound:SlimeTap+1","floor":37.0},{"not_picked":["Slimebound:Replication","Slimebound:FlameTackle"],"picked":"Slimebound:GoopSpray+1","floor":38.0},{"not_picked":["Slimebound:FormOfPuddle+1","Slimebound:RollThrough"],"picked":"Slimebound:SplitBruiser+1","floor":39.0},{"not_picked":["Slimebound:LeechEnergy","Slimebound:PressTheAttack","Slimebound:ProtectTheBoss"],"picked":"Singing Bowl","floor":43},{"not_picked":["Slimebound:Schlurp","Slimebound:RollThrough","Slimebound:SplitBruiser+1"],"picked":"Singing Bowl","floor":44},{"not_picked":["Slimebound:Prepare+1","Slimebound:RainOfGoop","Slimebound:SamplingLick"],"picked":"Singing Bowl","floor":45},{"not_picked":["Slimebound:Teamwork","Slimebound:Schlurp","Slimebound:LeechEnergy"],"picked":"Singing Bowl","floor":49},{"not_picked":["Slimebound:SplitAcid+1","Slimebound:FinishingTackle+1","Slimebound:SplitLeeching+1"],"picked":"Singing Bowl","floor":52}],"player_experience":737806,"relics_obtained":[{"floor":12.0,"key":"Potion Belt"},{"floor":14.0,"key":"Slimebound:AggressiveSlimeRelic"},{"floor":24.0,"key":"Kunai"},{"floor":26.0,"key":"Mercury Hourglass"},{"floor":37.0,"key":"Ice Cream"},{"floor":38.0,"key":"StoneCalendar"},{"floor":41.0,"key":"Letter Opener"},{"floor":43,"key":"Bag of Preparation"},{"floor":52,"key":"Pen Nib"}],"event_choices":[{"damage_healed":0.0,"max_hp_gain":0.0,"max_hp_loss":0.0,"gold_gain":0.0,"event_name":"Scrap Ooze","player_choice":"Success","floor":3.0,"gold_loss":0.0,"damage_taken":3.0,"relics_obtained":["Torii"]},{"cards_removed":["Slimebound:Strike_Slimebound"],"damage_healed":0.0,"max_hp_gain":0.0,"max_hp_loss":0.0,"gold_gain":0.0,"event_name":"Wheel of Change","player_choice":"Card Removal","floor":5.0,"gold_loss":0.0,"damage_taken":0.0},{"cards_removed":["Slimebound:Nibble"],"damage_healed":0.0,"max_hp_gain":0.0,"max_hp_loss":0.0,"gold_gain":0.0,"event_name":"NoteForYourself","player_choice":"Took Card","floor":20.0,"gold_loss":0.0,"damage_taken":0.0,"cards_obtained":["hermit:Strike_Hermit"]},{"damage_healed":0.0,"max_hp_gain":0.0,"max_hp_loss":0.0,"gold_gain":0.0,"event_name":"Ghosts","player_choice":"Ignored","floor":28.0,"gold_loss":0.0,"damage_taken":0.0},{"damage_healed":0.0,"max_hp_gain":0.0,"max_hp_loss":0.0,"gold_gain":0.0,"event_name":"Mysterious Sphere","player_choice":"Fight","floor":37.0,"gold_loss":0.0,"damage_taken":0.0}],"is_beta":true,"boss_relics":[{"not_picked":["Snecko Eye","Pandora\u0027s Box"],"picked":"Tiny House"},{"not_picked":["Runic Dome","SlaversCollar"],"picked":"Astrolabe"}],"items_purged_floors":[],"is_endless":false,"potions_floor_spawned":[6,9,10,16,26,31,33,36,39,44,49,52],"killed_by":"downfall:NeowBoss","ascension_level":0}}