{"host":"qbjtml023iza03hb","time":1613408051,"event":{"mods":["AchievementEnabler","BaseMod","Better Sensory Stone","Better Skull","Minty Spire (QoL Compilation)","StSLib"],"gold_per_floor":[316,70,123,160,200,234,234,341,366,366,410,453,453,513,513,635,685,772,786,227,262,187,187,265,333,380,441,506,113,263,283,283,388,388,425,492,75,75,118,118,148,148,148,168,168,168,213,255,255,280,280,280,130,185,185],"floor_reached":56,"language":"FRA","playtime":7126,"items_purged":["Strike_P","Defend_P","ConjureBlade","MasterReality"],"score":1419,"play_id":"9625a63d-eaba-44e7-8efc-37b021c47079","local_time":"20210215175411","is_ascension_mode":true,"campfire_choices":[{"data":"HandOfGreed","floor":7.0,"key":"SMITH"},{"data":"SpiritShield","floor":13.0,"key":"SMITH"},{"data":"Wallop","floor":15.0,"key":"SMITH"},{"data":"Scrawl","floor":23.0,"key":"SMITH"},{"data":"Enlightenment","floor":32.0,"key":"SMITH"},{"data":"WaveOfTheHand","floor":40.0,"key":"SMITH"},{"data":"Establishment","floor":42.0,"key":"SMITH"},{"data":"Ragnarok","floor":46.0,"key":"SMITH"},{"floor":49.0,"key":"RECALL"},{"data":"Prostrate","floor":52.0,"key":"SMITH"}],"circlet_count":0,"master_deck":["Eruption","Vigilance","WaveOfTheHand+1","HandOfGreed+1","BowlingBash+1","TalkToTheHand+1","Wallop+1","SpiritShield+1","FollowUp","ThirdEye","EmptyFist","Scrawl+1","CutThroughFate","Crescendo","Sanctity","ClearTheMind+1","CrushJoints","Meditate+1","Wallop","Enlightenment+1","Devotion+1","Crescendo+1","Establishment+1","Blasphemy","ForeignInfluence","Protect","Prostrate+1","Ragnarok+1","Flash of Steel","Wireheading+1","Wireheading","Ragnarok"],"relics":["PureWater","Old Coin","Pocketwatch","Bag of Preparation","Akabeko","Tiny House","Ginger","Happy Flower","Gremlin Horn","PreservedInsect","Thread and Needle","Turnip","Darkstone Periapt","Pandora\u0027s Box","Bag of Marbles","Shovel","Art of War","Calipers"],"acts_visited":["Exordium","TheCity","TheBeyond","TheEnding"],"potions_floor_usage":[55,55],"damage_taken":[{"damage":0.0,"enemies":"Small Slimes","floor":1.0,"turns":3.0},{"damage":0.0,"enemies":"2 Louse","floor":3.0,"turns":3.0},{"damage":6.0,"enemies":"Cultist","floor":4.0,"turns":4.0},{"damage":10.0,"enemies":"Exordium Thugs","floor":5.0,"turns":4.0},{"damage":35.0,"enemies":"Lagavulin","floor":6.0,"turns":8.0},{"damage":2.0,"enemies":"3 Sentries","floor":8.0,"turns":5.0},{"damage":1.0,"enemies":"Exordium Wildlife","floor":11.0,"turns":2.0},{"damage":0.0,"enemies":"Blue Slaver","floor":12.0,"turns":1.0},{"damage":7.0,"enemies":"Lagavulin","floor":14.0,"turns":4.0},{"damage":8.0,"enemies":"Hexaghost","floor":16.0,"turns":8.0},{"damage":3.0,"enemies":"3 Byrds","floor":18.0,"turns":7.0},{"damage":0.0,"enemies":"Chosen","floor":19.0,"turns":3.0},{"damage":0.0,"enemies":"Snake Plant","floor":21.0,"turns":1.0},{"damage":0.0,"enemies":"Slavers","floor":24.0,"turns":5.0},{"damage":26.0,"enemies":"Shelled Parasite and Fungi","floor":25.0,"turns":4.0},{"damage":6.0,"enemies":"Centurion and Healer","floor":27.0,"turns":4.0},{"damage":0.0,"enemies":"3 Cultists","floor":28.0,"turns":4.0},{"damage":0.0,"enemies":"Colosseum Slavers","floor":30.0,"turns":3.0},{"damage":0.0,"enemies":"Colosseum Nobs","floor":30.0,"turns":4.0},{"damage":0.0,"enemies":"Snecko","floor":31.0,"turns":3.0},{"damage":32.0,"enemies":"Champ","floor":33.0,"turns":10.0},{"damage":9.0,"enemies":"3 Darklings","floor":35.0,"turns":4.0},{"damage":0.0,"enemies":"3 Shapes","floor":36.0,"turns":5.0},{"damage":0.0,"enemies":"Sphere and 2 Shapes","floor":39.0,"turns":1.0},{"damage":0.0,"enemies":"Reptomancer","floor":41.0,"turns":1.0},{"damage":0.0,"enemies":"3 Darklings","floor":44.0,"turns":1.0},{"damage":0.0,"enemies":"Maw","floor":47.0,"turns":5.0},{"damage":0.0,"enemies":"4 Shapes","floor":48.0,"turns":2.0},{"damage":30.0,"enemies":"Donu and Deca","floor":50.0,"turns":6.0},{"damage":38,"enemies":"Shield and Spear","floor":54,"turns":6},{"damage":50,"enemies":"The Heart","floor":55,"turns":9}],"seed_played":"-6272397566676210867","potions_obtained":[{"floor":4.0,"key":"Dexterity Potion"},{"floor":6.0,"key":"Weak Potion"},{"floor":8.0,"key":"CultistPotion"},{"floor":11.0,"key":"FairyPotion"},{"floor":14.0,"key":"Weak Potion"},{"floor":17.0,"key":"Ambrosia"},{"floor":27.0,"key":"DuplicationPotion"},{"floor":31.0,"key":"EssenceOfSteel"},{"floor":33.0,"key":"EssenceOfSteel"},{"floor":44.0,"key":"Ancient Potion"}],"is_trial":false,"path_per_floor":["M","$","M","M","M","E","R","E","T","?","M","M","R","E","R","B",null,"M","M","$","M","?","R","E","M","T","M","M","$","?","M","R","B",null,"M","M","$","?","M","R","E","R","T","M","?","R","M","M","R","B",null,"R","$","E","B",null],"character_chosen":"WATCHER","items_purchased":["HandOfGreed","Ginger","Happy Flower","Enlightenment","Thread and Needle","Bag of Marbles","Ragnarok"],"campfire_rested":0,"item_purchase_floors":[2,20,20,29,29,37,37],"current_hp_per_floor":[72,72,72,66,56,21,21,19,19,19,18,18,18,11,11,3,77,74,74,74,74,74,74,74,48,48,42,42,42,42,42,42,10,77,68,68,68,68,68,68,68,68,68,68,68,68,68,68,68,38,77,77,77,39,14],"gold":185,"neow_bonus":"ONE_RARE_RELIC","is_daily":false,"chose_seed":false,"campfire_upgraded":9,"win_rate":0.0,"timestamp":1613408051,"path_taken":["M","$","M","M","M","E","R","E","T","?","M","M","R","E","R","BOSS","M","M","$","M","?","R","E","M","T","M","M","$","?","M","R","BOSS","M","M","$","?","M","R","E","R","T","M","?","R","M","?","R","BOSS","R","$","E","BOSS"],"items_purchased_type":["Card","Relic","Relic","Card","Relic","Relic","Card"],"build_version":"2020-12-22","purchased_purges":4,"victory":true,"max_hp_per_floor":[72,72,72,72,72,72,72,72,72,72,72,72,72,72,72,72,77,77,77,77,77,77,77,77,77,77,77,77,77,77,77,77,77,77,77,77,77,77,77,77,77,77,77,77,77,77,77,77,77,77,77,77,77,77,77],"card_choices":[{"not_picked":["FlyingSleeves","Halt"],"picked":"WaveOfTheHand","floor":1.0},{"not_picked":["EmptyBody","PathToVictory"],"picked":"BowlingBash","floor":3.0},{"not_picked":["SashWhip","Consecrate"],"picked":"TalkToTheHand","floor":4.0},{"not_picked":["Indignation","SandsOfTime"],"picked":"Wallop","floor":5.0},{"not_picked":["Judgement","FlurryOfBlows"],"picked":"MasterReality","floor":6.0},{"not_picked":["Prostrate","Study"],"picked":"SpiritShield","floor":8.0},{"not_picked":["WreathOfFlame","Halt"],"picked":"FollowUp","floor":11.0},{"not_picked":["WheelKick","Adaptation"],"picked":"ThirdEye","floor":12.0},{"not_picked":["Evaluate","LikeWater"],"picked":"EmptyFist","floor":14.0},{"not_picked":["Ragnarok","LessonLearned"],"picked":"Scrawl","floor":16.0},{"not_picked":["WheelKick","Protect"],"picked":"CutThroughFate","floor":17.0},{"not_picked":["Vengeance","Adaptation"],"picked":"Crescendo","floor":18.0},{"not_picked":["Consecrate+1","FollowUp"],"picked":"Sanctity","floor":19.0},{"not_picked":["EmptyBody","Crescendo"],"picked":"ClearTheMind+1","floor":21.0},{"not_picked":["ClearTheMind","ReachHeaven+1"],"picked":"CrushJoints","floor":24.0},{"not_picked":["CutThroughFate","CrushJoints"],"picked":"Meditate+1","floor":25.0},{"not_picked":["Crescendo","FlyingSleeves+1","CutThroughFate"],"picked":"SKIP","floor":27.0},{"not_picked":["FollowUp","Protect"],"picked":"Wallop","floor":28.0},{"not_picked":["CutThroughFate+1","Protect+1"],"picked":"Devotion","floor":30.0},{"not_picked":["Prostrate","BowlingBash"],"picked":"Crescendo+1","floor":31.0},{"not_picked":["DevaForm","Scrawl"],"picked":"Establishment","floor":33.0},{"not_picked":["Consecrate","PathToVictory","Conclude"],"picked":"SKIP","floor":35.0},{"not_picked":["ClearTheMind","Evaluate","BowlingBash+1"],"picked":"SKIP","floor":36.0},{"not_picked":["Discovery","Blind"],"picked":"Flash of Steel","floor":38.0},{"not_picked":["Nirvana+1","Brilliance"],"picked":"Wireheading+1","floor":39.0},{"not_picked":["SashWhip+1","Brilliance","JustLucky"],"picked":"SKIP","floor":41.0},{"not_picked":["FearNoEvil+1","EmptyFist","Consecrate"],"picked":"SKIP","floor":44.0},{"not_picked":["Halt+1","CrushJoints+1"],"picked":"Wireheading","floor":47.0},{"not_picked":["Crescendo","EmptyBody","ThirdEye+1"],"picked":"SKIP","floor":48.0},{"not_picked":["Perseverance","Consecrate"],"picked":"Ragnarok","floor":54}],"player_experience":300338,"relics_obtained":[{"floor":6.0,"key":"Pocketwatch"},{"floor":8.0,"key":"Bag of Preparation"},{"floor":14.0,"key":"Akabeko"},{"floor":24.0,"key":"Gremlin Horn"},{"floor":26.0,"key":"PreservedInsect"},{"floor":30.0,"key":"Turnip"},{"floor":30.0,"key":"Darkstone Periapt"},{"floor":41.0,"key":"Shovel"},{"floor":43.0,"key":"Art of War"},{"floor":54,"key":"Calipers"}],"event_choices":[{"damage_healed":0.0,"max_hp_gain":0.0,"max_hp_loss":0.0,"gold_gain":0.0,"event_name":"Living Wall","player_choice":"Grow","floor":10.0,"gold_loss":0.0,"damage_taken":0.0,"cards_upgraded":["TalkToTheHand"]},{"cards_removed":["Defend_P"],"damage_healed":0.0,"max_hp_gain":0.0,"max_hp_loss":0.0,"gold_gain":0.0,"event_name":"Beggar","player_choice":"Gave Gold","floor":22.0,"gold_loss":75.0,"damage_taken":0.0},{"damage_healed":0.0,"max_hp_gain":0.0,"max_hp_loss":0.0,"gold_gain":0.0,"event_name":"Colosseum","player_choice":"Fight","floor":30.0,"gold_loss":0.0,"damage_taken":0.0},{"damage_healed":0.0,"max_hp_gain":0.0,"max_hp_loss":0.0,"gold_gain":0.0,"event_name":"Colosseum","player_choice":"Fought Nobs","floor":30.0,"gold_loss":0.0,"damage_taken":0.0},{"damage_healed":0.0,"max_hp_gain":0.0,"max_hp_loss":0.0,"gold_gain":3.0,"event_name":"betterStone:BetterStone","player_choice":"1","floor":38.0,"gold_loss":0.0,"damage_taken":0.0},{"damage_healed":0.0,"max_hp_gain":0.0,"max_hp_loss":0.0,"gold_gain":0.0,"event_name":"Accursed Blacksmith","player_choice":"Forge","floor":45.0,"gold_loss":0.0,"damage_taken":0.0,"cards_upgraded":["Devotion"]}],"is_beta":false,"boss_relics":[{"not_picked":["SlaversCollar","Fusion Hammer"],"picked":"Tiny House"},{"not_picked":["HolyWater","Snecko Eye"],"picked":"Pandora\u0027s Box"}],"items_purged_floors":[2,20,37,53],"is_endless":false,"potions_floor_spawned":[4,6,8,11,14,18,19,27,28,31,33,36,39,44,54],"ascension_level":3}}