{"host":"xg4r5pv6chpuampg","time":1613390073,"event":{"mods":["AchievementEnabler","BaseMod","Googly Eyes","Minty Spire (QoL Compilation)","StSLib","Together in Spire"],"gold_per_floor":[109,21,21,35,35,69,69,82,105,105,135,153,165,165,165,268,268,284,284,296,296,314,314,314],"floor_reached":23,"language":"ENG","playtime":964,"items_purged":[],"score":251,"play_id":"ca952cd1-0359-40ea-8c01-3d22369233f8","local_time":"20210215145433","is_ascension_mode":false,"campfire_choices":[{"data":"MentalFortress","floor":7,"key":"SMITH"},{"floor":10,"key":"RECALL"},{"floor":15,"key":"REST"}],"circlet_count":0,"master_deck":["Defend_P","Defend_P","Defend_P+1","Defend_P","Eruption","Vigilance","MentalFortress+1","PathToVictory","EmptyMind","Protect+1","EmptyFist","FlurryOfBlows","ClearTheMind","SashWhip","Establishment","Evaluate","Bite","Bite","Bite","Bite","Bite","PathToVictory","PathToVictory"],"relics":["PureWater","NeowsBlessing","Pen Nib","War Paint","Strawberry","Ice Cream","Fusion Hammer"],"acts_visited":["Exordium","TheCity"],"potions_floor_usage":[13,16,18],"damage_taken":[{"damage":0,"enemies":"Small Slimes","floor":1,"turns":2},{"damage":0,"enemies":"Jaw Worm","floor":4,"turns":1},{"damage":0,"enemies":"Gremlin Nob","floor":6,"turns":1},{"damage":7,"enemies":"Cultist","floor":8,"turns":3},{"damage":23,"enemies":"Lagavulin","floor":11,"turns":5},{"damage":3,"enemies":"Red Slaver","floor":12,"turns":2},{"damage":21,"enemies":"Gremlin Gang","floor":13,"turns":4},{"damage":39,"enemies":"The Guardian","floor":16,"turns":10},{"damage":8,"enemies":"Shell Parasite","floor":18,"turns":7},{"damage":0,"enemies":"Chosen","floor":20,"turns":4},{"damage":4,"enemies":"Snake Plant","floor":22,"turns":3},{"damage":74,"enemies":"Gremlin Leader","floor":23,"turns":5}],"seed_played":"-6545295239625095813","potions_obtained":[{"floor":1,"key":"Swift Potion"},{"floor":6,"key":"Swift Potion"},{"floor":8,"key":"Block Potion"},{"floor":11,"key":"AttackPotion"},{"floor":18,"key":"EntropicBrew"}],"is_trial":false,"path_per_floor":["M","$","?","M","?","E","R","M","T","R","E","M","M","?","R","B",null,"M","?","M","?","M","E"],"character_chosen":"WATCHER","items_purchased":["PathToVictory","EmptyMind"],"campfire_rested":1,"item_purchase_floors":[2,2],"current_hp_per_floor":[72,72,77,77,70,70,70,63,70,70,47,44,23,23,48,9,84,76,58,58,58,58,0,0],"gold":314,"neow_bonus":"THREE_ENEMY_KILL","is_daily":false,"chose_seed":false,"campfire_upgraded":1,"win_rate":0.0,"timestamp":1613390073,"path_taken":["M","$","?","M","?","E","R","M","T","R","E","M","M","?","R","BOSS","M","?","M","?","?","E"],"items_purchased_type":["Card","Card"],"build_version":"2020-12-22","purchased_purges":0,"victory":false,"max_hp_per_floor":[72,72,77,77,77,77,77,77,84,84,84,84,84,84,84,84,84,84,58,58,58,58,58,58],"card_choices":[{"not_picked":["Vengeance","CrushJoints"],"picked":"MentalFortress","floor":1},{"not_picked":["CrushJoints","EmptyFist"],"picked":"Protect","floor":4},{"not_picked":["WindmillStrike","Worship"],"picked":"EmptyFist","floor":6},{"not_picked":["Protect","Conclude"],"picked":"FlurryOfBlows","floor":8},{"not_picked":["Vengeance","Consecrate"],"picked":"ClearTheMind","floor":11},{"not_picked":["Study","Conclude"],"picked":"SashWhip","floor":12},{"not_picked":["Swivel","FollowUp","Sanctity"],"picked":"SKIP","floor":13},{"not_picked":["Omniscience","Wish"],"picked":"Establishment","floor":16},{"not_picked":["FlyingSleeves","EmptyFist+1"],"picked":"Evaluate","floor":18},{"not_picked":["ClearTheMind","EmptyFist+1"],"picked":"PathToVictory","floor":20},{"not_picked":["Evaluate","ClearTheMind","EmptyFist"],"picked":"SKIP","floor":22}],"player_experience":128849,"relics_obtained":[{"floor":6,"key":"War Paint"},{"floor":9,"key":"Strawberry"},{"floor":11,"key":"Ice Cream"}],"event_choices":[{"damage_healed":0,"gold_gain":0,"player_choice":"Donut","damage_taken":0,"max_hp_gain":5,"max_hp_loss":0,"event_name":"Big Fish","floor":3,"gold_loss":0},{"damage_healed":0,"gold_gain":0,"player_choice":"Success","damage_taken":7,"relics_obtained":["Pen Nib"],"max_hp_gain":0,"max_hp_loss":0,"event_name":"Scrap Ooze","floor":5,"gold_loss":0},{"damage_healed":0,"gold_gain":0,"player_choice":"Ignored","damage_taken":0,"max_hp_gain":0,"max_hp_loss":0,"event_name":"Golden Wing","floor":14,"gold_loss":0},{"damage_healed":0,"gold_gain":0,"player_choice":"Became a vampire","damage_taken":0,"max_hp_gain":0,"max_hp_loss":26,"event_name":"Vampires","floor":19,"gold_loss":0,"cards_obtained":["Bite","Bite","Bite","Bite","Bite"]},{"damage_healed":0,"gold_gain":0,"player_choice":"Copied","damage_taken":0,"max_hp_gain":0,"max_hp_loss":0,"event_name":"Duplicator","floor":21,"gold_loss":0,"cards_obtained":["PathToVictory"]}],"is_beta":false,"boss_relics":[{"not_picked":["Runic Dome","SlaversCollar"],"picked":"Fusion Hammer"}],"items_purged_floors":[],"is_endless":false,"potions_floor_spawned":[1,6,8,11,18],"killed_by":"Gremlin Leader","ascension_level":0}}