{"host":"1avr1135to2copjv","time":1613407292,"event":{"mods":["BaseMod","Colored Map","Colored Powertips","Minty Spire (QoL Compilation)","Relic Stats","StSLib"],"gold_per_floor":[116,126,140,155,167,167,184,24,48,83,83,110,110,124,124,197,197,215,215,228,228,241,241,276,308,308,308,45,61,92,106,106,183,183,195,22,47,47,93,127,158,170,182,221,167,179,220,244,256,268,280,292,33,68,68,68],"floor_reached":55,"language":"ENG","playtime":3638,"items_purged":["Strike_G"],"score":1815,"play_id":"13c2a53a-1905-4ea5-95e5-1503cd60c837","local_time":"20210215194132","is_ascension_mode":true,"campfire_choices":[{"data":"Bouncing Flask","floor":6,"key":"SMITH"},{"data":"Bouncing Flask","floor":11,"key":"SMITH"},{"data":"Footwork","floor":13,"key":"SMITH"},{"data":"Neutralize","floor":15,"key":"SMITH"},{"data":"RitualDagger","floor":23,"key":"SMITH"},{"data":"Eviscerate","floor":27,"key":"SMITH"},{"data":"PiercingWail","floor":32,"key":"SMITH"},{"data":"Burst","floor":42,"key":"SMITH"},{"floor":46,"key":"RECALL"},{"floor":49,"key":"REST"},{"data":"Acrobatics","floor":52,"key":"SMITH"}],"circlet_count":0,"master_deck":["AscendersBane","Strike_G","Strike_G","Strike_G","Defend_G","Defend_G","Defend_G","Defend_G","Defend_G","Survivor","Neutralize+1","Blur","Bouncing Flask+1","Bouncing Flask+1","Eviscerate+1","Deadly Poison","Footwork+1","Adrenaline","Blur","PiercingWail+1","Adrenaline","PiercingWail","RitualDagger+1","Backflip","Tools of the Trade","Underhanded Strike","Catalyst+1","Burst+1","CurseOfTheBell","Dodge and Roll","Skewer","Acrobatics+1","Bouncing Flask+1","Dash","Footwork","Catalyst+1","Caltrops+1"],"relics":["Velvet Choker","PreservedInsect","Orichalcum","HornCleat","Happy Flower","Runic Pyramid","Red Mask","MealTicket","Mummified Hand","Paper Crane","Oddly Smooth Stone","Calling Bell","Bird Faced Urn","Lantern","Medical Kit","Unceasing Top","Thread and Needle","MawBank","Sundial","Akabeko","Potion Belt","DollysMirror","Incense Burner"],"acts_visited":["Exordium","TheCity","TheBeyond","TheEnding"],"potions_floor_usage":[16,20,24,33,55,55,55],"damage_taken":[{"damage":0,"enemies":"2 Louse","floor":1,"turns":3},{"damage":0,"enemies":"Jaw Worm","floor":2,"turns":8},{"damage":0,"enemies":"Cultist","floor":3,"turns":4},{"damage":8,"enemies":"Large Slime","floor":4,"turns":7},{"damage":19,"enemies":"3 Louse","floor":5,"turns":4},{"damage":6,"enemies":"Looter","floor":7,"turns":3},{"damage":0,"enemies":"Lagavulin","floor":10,"turns":5},{"damage":0,"enemies":"Gremlin Nob","floor":12,"turns":2},{"damage":0,"enemies":"Exordium Thugs","floor":14,"turns":4},{"damage":0,"enemies":"Slime Boss","floor":16,"turns":11},{"damage":0,"enemies":"3 Byrds","floor":18,"turns":4},{"damage":14,"enemies":"2 Thieves","floor":20,"turns":5},{"damage":0,"enemies":"Centurion and Healer","floor":22,"turns":8},{"damage":7,"enemies":"Masked Bandits","floor":24,"turns":5},{"damage":4,"enemies":"Book of Stabbing","floor":25,"turns":6},{"damage":6,"enemies":"Snake Plant","floor":29,"turns":6},{"damage":2,"enemies":"Slavers","floor":30,"turns":9},{"damage":7,"enemies":"Shelled Parasite and Fungi","floor":31,"turns":5},{"damage":7,"enemies":"Collector","floor":33,"turns":7},{"damage":27,"enemies":"3 Shapes","floor":35,"turns":5},{"damage":0,"enemies":"Mind Bloom Boss Battle","floor":37,"turns":6},{"damage":13,"enemies":"2 Orb Walkers","floor":39,"turns":4},{"damage":12,"enemies":"Reptomancer","floor":40,"turns":7},{"damage":0,"enemies":"Orb Walker","floor":41,"turns":2},{"damage":0,"enemies":"Nemesis","floor":44,"turns":7},{"damage":27,"enemies":"Giant Head","floor":47,"turns":7},{"damage":6,"enemies":"Transient","floor":48,"turns":6},{"damage":15,"enemies":"Time Eater","floor":50,"turns":7},{"damage":35,"enemies":"Shield and Spear","floor":54,"turns":4},{"damage":35,"enemies":"The Heart","floor":55,"turns":3}],"seed_played":"5626781229660714655","potions_obtained":[{"floor":4,"key":"Fire Potion"},{"floor":5,"key":"ColorlessPotion"},{"floor":16,"key":"ColorlessPotion"},{"floor":20,"key":"BlessingOfTheForge"},{"floor":21,"key":"DistilledChaos"},{"floor":25,"key":"Strength Potion"},{"floor":37,"key":"LiquidBronze"},{"floor":48,"key":"SpeedPotion"},{"floor":54,"key":"PowerPotion"}],"is_trial":false,"path_per_floor":["M","M","M","M","M","R","M","$","T","E","R","E","R","M","R","B",null,"M","?","M","?","M","R","?","E","T","R","$","M","E","M","R","B",null,"M","$","?","?","?","E","M","R","T","E","?","R","E","M","R","B",null,"R","$","E","B"],"character_chosen":"THE_SILENT","items_purchased":["PreservedInsect","Paper Crane","Medical Kit","Footwork","DollysMirror"],"campfire_rested":1,"item_purchase_floors":[8,28,36,53,53],"current_hp_per_floor":[59,59,59,51,32,32,26,26,26,26,26,26,26,26,26,26,56,56,50,36,36,36,36,29,25,25,25,40,34,32,25,25,18,54,29,44,48,48,37,29,31,31,31,35,35,35,12,10,29,18,54,54,66,31,0,0],"gold":68,"neow_bonus":"BOSS_RELIC","is_daily":false,"chose_seed":false,"campfire_upgraded":9,"win_rate":0.0,"timestamp":1613407292,"path_taken":["M","M","M","M","M","R","M","$","T","E","R","E","R","M","R","BOSS","M","?","M","?","?","R","?","E","T","R","$","M","E","M","R","BOSS","M","$","?","?","?","E","M","R","T","E","?","R","E","?","R","BOSS","R","$","E","BOSS"],"items_purchased_type":["Relic","Relic","Relic","Card","Relic"],"build_version":"2020-12-22","purchased_purges":1,"victory":false,"max_hp_per_floor":[66,66,66,66,66,66,66,66,66,66,66,66,66,66,66,66,66,66,66,66,66,66,66,66,66,66,66,66,66,66,66,66,66,66,66,66,66,66,66,66,66,66,66,66,66,66,66,66,66,66,66,66,66,66,66,66],"relic_stats":{"Happy Flower":[42],"counters":[30,164],"Mummified Hand":[29],"Sundial":[0],"Bird Faced Urn":[34],"MealTicket":42,"PreservedInsect":454,"Orichalcum":[192],"Medical Kit":[2],"MawBank":156,"obtain_stats":[{"Potion Belt":47,"Lantern":34,"Happy Flower":12,"Velvet Choker":0,"Oddly Smooth Stone":30,"Thread and Needle":39,"PreservedInsect":8,"Incense Burner":54,"Orichalcum":9,"Paper Crane":28,"Medical Kit":36,"MawBank":40,"Akabeko":45,"Calling Bell":34,"HornCleat":10,"Mummified Hand":26,"Sundial":44,"DollysMirror":53,"Bird Faced Urn":34,"MealTicket":25,"Red Mask":24,"Unceasing Top":37,"Ring of the Snake":0,"Runic Pyramid":17},{"Potion Belt":26,"Lantern":19,"Happy Flower":8,"Velvet Choker":0,"Oddly Smooth Stone":17,"Thread and Needle":22,"PreservedInsect":6,"Incense Burner":29,"Orichalcum":6,"Paper Crane":15,"Medical Kit":20,"MawBank":23,"Akabeko":25,"Calling Bell":19,"HornCleat":7,"Mummified Hand":15,"Sundial":25,"DollysMirror":28,"Bird Faced Urn":19,"MealTicket":15,"Red Mask":14,"Unceasing Top":21,"Ring of the Snake":0,"Runic Pyramid":10},{"Potion Belt":144,"Lantern":106,"Happy Flower":36,"Velvet Choker":0,"Oddly Smooth Stone":94,"Thread and Needle":121,"PreservedInsect":29,"Incense Burner":161,"Orichalcum":29,"Paper Crane":79,"Medical Kit":111,"MawBank":128,"Akabeko":137,"Calling Bell":106,"HornCleat":34,"Mummified Hand":79,"Sundial":137,"DollysMirror":157,"Bird Faced Urn":106,"MealTicket":79,"Red Mask":73,"Unceasing Top":117,"Ring of the Snake":0,"Runic Pyramid":51}],"Unceasing Top":[0]},"card_choices":[{"not_picked":["Prepared","Slice"],"picked":"Blur","floor":1},{"not_picked":["Infinite Blades","Blade Dance"],"picked":"Bouncing Flask","floor":2},{"not_picked":["Acrobatics","Dagger Throw"],"picked":"Bouncing Flask","floor":3},{"not_picked":["Quick Slash","Prepared"],"picked":"Eviscerate","floor":4},{"not_picked":["Storm of Steel","Cloak And Dagger"],"picked":"Deadly Poison","floor":5},{"not_picked":["Dagger Spray","Dodge and Roll"],"picked":"Footwork","floor":7},{"not_picked":["Bouncing Flask","Infinite Blades"],"picked":"Adrenaline","floor":10},{"not_picked":["Die Die Die","Deadly Poison"],"picked":"Blur","floor":12},{"not_picked":["Dagger Throw","Expertise"],"picked":"PiercingWail","floor":14},{"not_picked":["Storm of Steel","After Image"],"picked":"Adrenaline","floor":16},{"not_picked":["Dagger Throw","Deflect"],"picked":"PiercingWail","floor":18},{"not_picked":["Deadly Poison","Blade Dance"],"picked":"Backflip","floor":20},{"not_picked":["PiercingWail","Setup","Cloak And Dagger"],"picked":"SKIP","floor":22},{"not_picked":["Dagger Spray","Sucker Punch"],"picked":"Tools of the Trade","floor":25},{"not_picked":["Deadly Poison","Dagger Spray"],"picked":"Underhanded Strike","floor":29},{"not_picked":["Escape Plan","Storm of Steel","Predator"],"picked":"SKIP","floor":30},{"not_picked":["Escape Plan","PiercingWail"],"picked":"Catalyst+1","floor":31},{"not_picked":["Phantasmal Killer","Wraith Form v2"],"picked":"Burst","floor":33},{"not_picked":["Choke","Outmaneuver","Infinite Blades"],"picked":"SKIP","floor":35},{"not_picked":["Choke","Outmaneuver"],"picked":"Dodge and Roll","floor":37},{"not_picked":["Infinite Blades","PiercingWail"],"picked":"Skewer","floor":39},{"not_picked":["Bane","Heel Hook"],"picked":"Acrobatics","floor":40},{"not_picked":["Distraction","Deadly Poison","Choke"],"picked":"SKIP","floor":41},{"not_picked":["Heel Hook","Choke"],"picked":"Bouncing Flask+1","floor":44},{"not_picked":["Cloak And Dagger","Acrobatics"],"picked":"Dash","floor":47},{"not_picked":["Endless Agony+1","Distraction","Predator"],"picked":"SKIP","floor":48},{"not_picked":["Dagger Throw","Prepared+1"],"picked":"Caltrops+1","floor":54}],"player_experience":1036234,"relics_obtained":[{"floor":9,"key":"Orichalcum"},{"floor":10,"key":"HornCleat"},{"floor":12,"key":"Happy Flower"},{"floor":24,"key":"Red Mask"},{"floor":25,"key":"MealTicket"},{"floor":26,"key":"Mummified Hand"},{"floor":30,"key":"Oddly Smooth Stone"},{"floor":34,"key":"Bird Faced Urn"},{"floor":34,"key":"Lantern"},{"floor":37,"key":"Unceasing Top"},{"floor":39,"key":"Thread and Needle"},{"floor":40,"key":"MawBank"},{"floor":44,"key":"Sundial"},{"floor":47,"key":"Potion Belt"},{"floor":54,"key":"Incense Burner"}],"event_choices":[{"damage_healed":0,"gold_gain":0,"player_choice":"Joined the Cult","damage_taken":6,"max_hp_gain":0,"max_hp_loss":0,"event_name":"Nest","floor":19,"gold_loss":0,"cards_obtained":["RitualDagger"]},{"damage_healed":0,"gold_gain":0,"player_choice":"Got Potions","damage_taken":0,"max_hp_gain":0,"max_hp_loss":0,"event_name":"Lab","floor":21,"gold_loss":0},{"damage_healed":0,"gold_gain":0,"player_choice":"Fought Bandits","damage_taken":0,"max_hp_gain":0,"max_hp_loss":0,"event_name":"Masked Bandits","floor":24,"gold_loss":0},{"damage_healed":0,"gold_gain":0,"player_choice":"Fight","damage_taken":0,"max_hp_gain":0,"max_hp_loss":0,"event_name":"MindBloom","floor":37,"gold_loss":0},{"cards_removed":["Strike_G"],"damage_healed":0,"gold_gain":0,"player_choice":"Removed Attack","damage_taken":0,"max_hp_gain":0,"max_hp_loss":0,"event_name":"Falling","floor":38,"gold_loss":0},{"damage_healed":0,"gold_gain":0,"player_choice":"Fight","damage_taken":0,"max_hp_gain":0,"max_hp_loss":0,"event_name":"Mysterious Sphere","floor":39,"gold_loss":0},{"damage_healed":0,"gold_gain":0,"player_choice":"Paid Gold","damage_taken":0,"relics_obtained":["Akabeko"],"max_hp_gain":0,"max_hp_loss":0,"event_name":"WeMeetAgain","floor":45,"gold_loss":66}],"is_beta":false,"boss_relics":[{"not_picked":["Snecko Eye","Black Star"],"picked":"Runic Pyramid"},{"not_picked":["Tiny House","Coffee Dripper"],"picked":"Calling Bell"}],"items_purged_floors":[53],"is_endless":false,"potions_floor_spawned":[4,5,7,10,12,16,20,25,30,37,44,48,54],"killed_by":"The Heart","ascension_level":19}}