{"host":"clf2hd4adhiiw0zf","time":1613413274,"event":{"mods":["AchievementEnabler","BaseMod","Beaked The Cultist","Bestiary","Dark Map","Downfall","Gremlin Mod","Hermit","Jorbs\u0027s Wanderer Trilogy","Marisa????????","Minty Spire (QoL Compilation)","Shop Mod","StSLib","The Cursed","Wide Potions"],"gold_per_floor":[99,99,99,99,99,99,99,99,99,99,99,99],"floor_reached":10,"language":"ENG","playtime":188,"items_purged":[],"score":90,"play_id":"4156c3b2-d25d-40c1-83ee-80d8e56df7c2","local_time":"20210215112114","is_ascension_mode":true,"campfire_choices":[{"floor":1,"key":"RECALL"},{"data":"champ:PreemptiveStrike","floor":6,"key":"SMITH"}],"circlet_count":0,"master_deck":["AscendersBane","champ:Strike","champ:Strike","champ:Strike","champ:Strike","champ:Defend","champ:Defend","champ:Defend","champ:Defend","champ:Execute","champ:Taunt","champ:FocusedBerserking","champ:DefensiveStyle","champ:PreemptiveStrike+1"],"relics":["champ:ChampionCrown","downfall:HeartsMalice","Anchor","champ:LiftRelic","Letter Opener"],"acts_visited":["Exordium"],"potions_floor_usage":[],"damage_taken":[{"damage":0,"enemies":"Cultist","floor":2,"turns":1},{"damage":0,"enemies":"2 Louse","floor":3,"turns":1},{"damage":0,"enemies":"Jaw Worm","floor":4,"turns":1},{"damage":79,"enemies":"3 Sentries","floor":10,"turns":9}],"seed_played":"7356356011353997991","potions_obtained":[],"is_trial":false,"path_per_floor":["R","M","M","M","?","R","T","?","?","E"],"character_chosen":"THE_CHAMP","items_purchased":[],"campfire_rested":0,"item_purchase_floors":[],"current_hp_per_floor":[73,73,73,73,73,73,73,73,55,0,0,0],"gold":99,"neow_bonus":"THREE_ENEMY_KILL","is_daily":false,"chose_seed":false,"campfire_upgraded":1,"win_rate":0.0,"timestamp":1613413274,"path_taken":["R","M","M","M","?","R","T","?","?","E"],"items_purchased_type":[],"build_version":"2020-12-22","purchased_purges":0,"victory":false,"max_hp_per_floor":[81,81,81,81,81,81,81,81,81,81,81,81],"card_choices":[{"not_picked":["champ:BerserkerStyle","champ:Shatter"],"picked":"champ:FocusedBerserking","floor":2},{"not_picked":["champ:RageSigil","champ:IronFortress"],"picked":"champ:DefensiveStyle","floor":3},{"not_picked":["champ:StanceDance","champ:FanOfKnives"],"picked":"champ:PreemptiveStrike","floor":4}],"player_experience":310678,"relics_obtained":[{"floor":7,"key":"Anchor"}],"event_choices":[{"damage_healed":0,"gold_gain":0,"player_choice":"Success","damage_taken":18,"relics_obtained":["Letter Opener"],"max_hp_gain":0,"max_hp_loss":0,"event_name":"Scrap Ooze","floor":9,"gold_loss":0}],"is_beta":false,"boss_relics":[],"items_purged_floors":[],"is_endless":false,"potions_floor_spawned":[],"killed_by":"3 Sentries","ascension_level":16}}