{"host":"zwezhz46a5cjkxff","time":1613361414,"event":{"mods":["AchievementEnabler","BaseMod","Colored Map","Colored Powertips","DeckTracker","Minty Spire (QoL Compilation)","Permanent Neow","Quick Restart","Rare Cards Sparkle","Relic Stats","StSLib","SuperFastMode"],"gold_per_floor":[12,12,12,12,25,56,71,71,71],"floor_reached":8,"language":"ENG","playtime":204,"items_purged":[],"score":62,"play_id":"888d8c4d-1846-4c65-9d39-63c47069adc8","local_time":"20210214215654","is_ascension_mode":true,"campfire_choices":[],"circlet_count":0,"master_deck":["Strike_G","Strike_G","Strike_G","Strike_G","Strike_G","Defend_G","Defend_G","Defend_G","Defend_G","Survivor","Neutralize","Sadistic Nature","Accuracy","Infinite Blades"],"relics":["Ring of the Snake","Golden Idol","Bag of Marbles","Dream Catcher"],"acts_visited":["Exordium"],"potions_floor_usage":[6,8],"damage_taken":[{"damage":0,"enemies":"Small Slimes","floor":1,"turns":3},{"damage":0,"enemies":"2 Louse","floor":5,"turns":3},{"damage":17,"enemies":"3 Sentries","floor":6,"turns":9},{"damage":2,"enemies":"Jaw Worm","floor":7,"turns":4},{"damage":20,"enemies":"Lagavulin","floor":8,"turns":6}],"seed_played":"2591921401658753175","potions_obtained":[{"floor":5,"key":"Dexterity Potion"},{"floor":6,"key":"FearPotion"}],"is_trial":false,"path_per_floor":["M","?","?","?","M","E","M","E"],"character_chosen":"THE_SILENT","items_purchased":[],"campfire_rested":0,"item_purchase_floors":[],"current_hp_per_floor":[70,53,41,41,41,24,22,2,2],"gold":71,"neow_bonus":"RANDOM_COLORLESS_2","is_daily":false,"chose_seed":false,"campfire_upgraded":0,"win_rate":0.0,"timestamp":1613361414,"path_taken":["M","?","?","?","M","E","M","E"],"items_purchased_type":[],"build_version":"2020-12-22","purchased_purges":0,"victory":false,"max_hp_per_floor":[70,70,70,70,70,70,70,70,70],"relic_stats":{"Dream Catcher":0,"counters":[5,25],"Golden Idol":12,"obtain_stats":[{"Dream Catcher":6,"Golden Idol":2,"Bag of Marbles":3,"Ring of the Snake":0},{"Dream Catcher":3,"Golden Idol":1,"Bag of Marbles":1,"Ring of the Snake":0},{"Dream Catcher":15,"Golden Idol":3,"Bag of Marbles":3,"Ring of the Snake":0}],"Ring of the Snake":[10]},"card_choices":[{"not_picked":["Chrysalis","HandOfGreed"],"picked":"Sadistic Nature","floor":0},{"not_picked":["Expertise","Dodge and Roll"],"picked":"Accuracy","floor":1},{"not_picked":["Blur","Skewer"],"picked":"Infinite Blades","floor":5},{"not_picked":["Sucker Punch","Deflect","Dodge and Roll"],"picked":"SKIP","floor":6},{"not_picked":["Reflex","Sucker Punch","Prepared"],"picked":"SKIP","floor":7}],"player_experience":111661,"relics_obtained":[{"floor":6,"key":"Dream Catcher"}],"event_choices":[{"damage_healed":0,"gold_gain":0,"player_choice":"Take Damage","damage_taken":17,"relics_obtained":["Golden Idol"],"max_hp_gain":0,"max_hp_loss":0,"event_name":"Golden Idol","floor":2,"gold_loss":0},{"damage_healed":0,"gold_gain":0,"player_choice":"Success","damage_taken":12,"relics_obtained":["Bag of Marbles"],"max_hp_gain":0,"max_hp_loss":0,"event_name":"Scrap Ooze","floor":3,"gold_loss":0},{"cards_removed":["Defend_G"],"damage_healed":0,"gold_gain":0,"player_choice":"Forget","damage_taken":0,"max_hp_gain":0,"max_hp_loss":0,"event_name":"Living Wall","floor":4,"gold_loss":0}],"is_beta":false,"boss_relics":[],"items_purged_floors":[],"is_endless":false,"potions_floor_spawned":[5,6],"killed_by":"Lagavulin","ascension_level":2}}