{"host":"vrsxkkch9ccrec7k","time":1613361647,"event":{"mods":["Act Like it!","BaseMod","Bestiary","Better Altar","Better Match","Better Note","Better Sensory Stone","Better Skull","Better Third Choice","Better Vampires","Downfall","Minty Spire (QoL Compilation)","Permanent Neow","Relic Stats","Spicy Shops","StSLib"],"gold_per_floor":[99,112,130,150,162,182,209,223,223,235,235,20,20,46,61,158,158,58,77,97,97,114,114,114,147,147,147,147],"floor_reached":26,"language":"ENG","playtime":1538,"items_purged":[],"score":348,"play_id":"bb129538-196c-4244-9d17-64615327d6d0","local_time":"20210214230047","is_ascension_mode":true,"campfire_choices":[{"data":"Slimebound:CorrosiveSpit","floor":1,"key":"SMITH"},{"data":"Slimebound:LevelUp","floor":9,"key":"SMITH"},{"data":"Slimebound:LevelUp","floor":13,"key":"SMITH"},{"data":"Slimebound:WasteNot","floor":18,"key":"SMITH"}],"circlet_count":0,"master_deck":["AscendersBane","Slimebound:Strike_Slimebound","Slimebound:Strike_Slimebound","Slimebound:Tackle","Slimebound:Defend_Slimebound","Slimebound:Defend_Slimebound","Slimebound:Defend_Slimebound","Slimebound:Defend_Slimebound","Slimebound:Split+1","Slimebound:CorrosiveSpit+1","Slimebound:SplitMire","Slimebound:SplitLeeching","Slimebound:TagTeam","Slimebound:Gluttony","Slimebound:GoopSpray","Slimebound:LevelUp+1","Slimebound:Dissolve","Slimebound:LevelUp+1","Slimebound:OneTwoCombo","Slimebound:Gluttony","Slimebound:Replication","Slimebound:SlimeBarrage","Slimebound:WasteNot+1","Slimebound:SpikyOuterGoop","Slimebound:LeechingTouch","Slimebound:SlimeBrawl","Slimebound:Recycling"],"relics":["Slimebound:AbsorbEndCombat","Runic Pyramid","downfall:HeartBlessingBlue","downfall:RedIOU","Slimebound:MaxSlimesRelic","Vajra"],"acts_visited":["Exordium","TheCity"],"potions_floor_usage":[16,16,19,20,25,25],"damage_taken":[{"damage":3,"enemies":"Jaw Worm","floor":2,"turns":4},{"damage":4,"enemies":"2 Louse","floor":3,"turns":3},{"damage":3,"enemies":"Small Slimes","floor":4,"turns":4},{"damage":6,"enemies":"downfall:LooterAlt","floor":5,"turns":3},{"damage":15,"enemies":"Large Slime","floor":6,"turns":4},{"damage":0,"enemies":"Red Slaver","floor":8,"turns":3},{"damage":12,"enemies":"2 Fungi Beasts","floor":10,"turns":3},{"damage":0,"enemies":"downfall:FleeingMerchant","floor":12,"turns":4},{"damage":31,"enemies":"Gremlin Nob","floor":14,"turns":5},{"damage":0,"enemies":"Large Slime","floor":15,"turns":3},{"damage":31,"enemies":"WA_ARCHETYPE_RETAIN","floor":16,"turns":6},{"damage":10,"enemies":"3 Byrds","floor":19,"turns":5},{"damage":15,"enemies":"Spheric Guardian","floor":20,"turns":6},{"damage":50,"enemies":"Cultist and Chosen","floor":22,"turns":7},{"damage":27,"enemies":"Book of Stabbing","floor":25,"turns":6},{"damage":8,"enemies":"Snake Plant","floor":26,"turns":1}],"seed_played":"-7340032011824028463","potions_obtained":[{"floor":4,"key":"sneckomod:MuddlingPotion"},{"floor":5,"key":"Energy Potion"},{"floor":14,"key":"PowerPotion"},{"floor":16,"key":"EssenceOfSteel"},{"floor":20,"key":"Regen Potion"},{"floor":22,"key":"Weak Potion"},{"floor":25,"key":"Strength Potion"}],"is_trial":false,"path_per_floor":["R","M","M","M","M","M","T","M","R","M","?","$","R","E","M","B",null,"R","M","M","?","M","?","T","E","M"],"character_chosen":"SLIMEBOUND","items_purchased":["Slimebound:OneTwoCombo","Slimebound:Gluttony"],"campfire_rested":0,"item_purchase_floors":[12,12],"current_hp_per_floor":[59,62,62,65,61,54,54,58,58,50,50,58,58,27,35,12,52,62,60,53,53,11,11,11,7,0,0,0],"gold":147,"neow_bonus":"UPGRADE_CARD","is_daily":false,"chose_seed":false,"campfire_upgraded":4,"win_rate":0.0,"timestamp":1613361647,"path_taken":["R","M","M","M","M","M","T","M","R","M","?","$","R","E","M","BOSS","R","M","M","?","M","?","T","E","M"],"items_purchased_type":["Card","Card"],"build_version":"2020-12-22","purchased_purges":0,"victory":false,"max_hp_per_floor":[65,65,65,65,65,65,65,65,65,65,65,65,65,65,65,65,65,75,75,75,75,75,75,75,75,75,75,75],"relic_stats":{"counters":[16,65],"obtain_stats":[{"Slimebound:MaxSlimesRelic":24,"downfall:HeartBlessingBlue":18,"Vajra":25,"downfall:RedIOU":23,"Slimebound:AbsorbEndCombat":0,"Bag of Marbles":14,"Runic Pyramid":17},{"Slimebound:MaxSlimesRelic":14,"downfall:HeartBlessingBlue":11,"Vajra":15,"downfall:RedIOU":14,"Slimebound:AbsorbEndCombat":0,"Bag of Marbles":9,"Runic Pyramid":11},{"Slimebound:MaxSlimesRelic":59,"downfall:HeartBlessingBlue":41,"Vajra":64,"downfall:RedIOU":59,"Slimebound:AbsorbEndCombat":0,"Bag of Marbles":32,"Runic Pyramid":41}]},"card_choices":[{"not_picked":["Slimebound:FormOfPuddle","Slimebound:HauntingLick"],"picked":"Slimebound:SplitMire","floor":2},{"not_picked":["Slimebound:SplitAcid","Slimebound:MegaLick"],"picked":"Slimebound:SplitLeeching","floor":3},{"not_picked":["Slimebound:GoopTackle","Slimebound:AcidTongue"],"picked":"Slimebound:TagTeam","floor":4},{"not_picked":["Slimebound:HauntingLick","Slimebound:GoopSpray"],"picked":"Slimebound:Gluttony","floor":5},{"not_picked":["Slimebound:MegaLick","Slimebound:LeechingTouch"],"picked":"Slimebound:GoopSpray","floor":6},{"not_picked":["Slimebound:DisruptingSlam","Slimebound:LeechEnergy"],"picked":"Slimebound:LevelUp","floor":8},{"not_picked":["Slimebound:FinishingTackle","Slimebound:RollThrough"],"picked":"Slimebound:Dissolve","floor":10},{"not_picked":["Slimebound:GoopTackle","Slimebound:SplitAcid"],"picked":"Slimebound:LevelUp","floor":12},{"not_picked":["Slimebound:DivideAndConquer","Slimebound:Chomp"],"picked":"Slimebound:Replication","floor":14},{"not_picked":["Slimebound:DivideAndConquer","Slimebound:PressTheAttack"],"picked":"Slimebound:SlimeBarrage","floor":15},{"not_picked":["Slimebound:SlimeSlap","Slimebound:TagTeam"],"picked":"Slimebound:WasteNot","floor":16},{"not_picked":["Slimebound:ItLooksTasty","Slimebound:GoopSpray"],"picked":"Slimebound:SpikyOuterGoop","floor":19},{"not_picked":["Slimebound:SplitLeeching","Slimebound:RejuvenatingLick"],"picked":"Slimebound:LeechingTouch","floor":20},{"not_picked":["Slimebound:RollThrough","Slimebound:SamplingLick"],"picked":"Slimebound:SlimeBrawl","floor":22},{"not_picked":["Slimebound:Repurpose","Slimebound:SplitBruiser+1"],"picked":"Slimebound:Recycling","floor":25}],"player_experience":1920113,"relics_obtained":[{"floor":14,"key":"Bag of Marbles"},{"floor":24,"key":"Slimebound:MaxSlimesRelic"},{"floor":25,"key":"Vajra"}],"event_choices":[{"damage_healed":0,"gold_gain":1,"player_choice":"1","damage_taken":0,"max_hp_gain":0,"max_hp_loss":0,"event_name":"betterStone:BetterStone","floor":11,"gold_loss":0}],"is_beta":false,"boss_relics":[{"not_picked":["Slimebound:AbsorbEndCombatUpgraded","Slimebound:TarBlob"],"picked":"Runic Pyramid"}],"items_purged_floors":[],"is_endless":false,"potions_floor_spawned":[4,5,14,16,20,22,25],"killed_by":"Snake Plant","ascension_level":10}}