{"host":"psh83vqabmtchp5z","time":1613409136,"event":{"mods":["AchievementEnabler","Aspiration","BaseMod","Better Altar","Better Match","Better Skull","Better Third Choice","Better Vampires","BetterRewards","Challenge The Spire","Conspire","Downfall","Gold Saver","Lobotomy","LobotomyExtend","Minty Spire (QoL Compilation)","Quick Restart","Relic Filter","Replay The Spire","Shop Mod","Spicy Shops","StSLib","óô»ðÖ¸ÄÏ"],"gold_per_floor":[110,37,2,18,18,49,49,73,73,73,86,86,110,130,130,261,261,281,281,300,313,12,12,12,35,35,35,58,58,58,102,102,234,234,268,296,321,281,281,281,324,324,324,324,352,352,371,418,418,418],"floor_reached":51,"language":"ZHS","playtime":6694,"items_purged":["Looming Evil"],"score":827,"play_id":"de32fe6a-5100-47d4-8352-0bab10b756d5","local_time":"20210216011216","is_ascension_mode":false,"campfire_choices":[{"data":"Magnetism","floor":7.0,"key":"SMITH"},{"data":"ReplayTheSpireMod:Necrosis","floor":10.0,"key":"SMITH"},{"data":"Prepared","floor":12.0,"key":"SMITH"},{"data":"Malaise","floor":15.0,"key":"SMITH"},{"floor":23.0,"key":"REST"},{"data":"ReplayTheSpireMod:Scrap Shanks","floor":30.0,"key":"SMITH"},{"data":"Replay:Bag of Tricks","floor":32.0,"key":"SMITH"},{"data":"Hidden Blade","floor":40.0,"key":"SMITH"},{"data":"Phantasmal Killer","floor":42.0,"key":"SMITH"},{"data":"Storm of Steel","floor":49.0,"key":"SMITH"}],"circlet_count":0,"master_deck":["Strike_G","Strike_G","Strike_G","Strike_G","Strike_G","Defend_G","Defend_G","Defend_G","Defend_G+1","Defend_G","Survivor+1","Neutralize","After Image","Magnetism+1","Flying Knee","Flying Knee","Deadly Poison","ReplayTheSpireMod:Necrosis+1","Acrobatics","Prepared+1","Hidden Blade+1","Malaise+1","Toxin Wave","Storm of Steel+1","Bane+1","Accuracy+1","Cloak And Dagger","ReplayTheSpireMod:Scrap Shanks+1","Backflip+1","Feel No Pain","Replay:Bag of Tricks+1","Bullet Time+1","Terror+1","Backflip","Blade Dance+1","Phantasmal Killer+1","ReplayTheSpireMod:Shiv Toss+1","Acrobatics"],"relics":["Ring of the Snake","Mummified Hand","Kunai","ReplayTheSpireMod:CursedCoin","Snake Skull","LetterFromLob","Bag of Marbles","Golden Idol","War Paint","Omamori","Painkiller Herb","Vajra","aspiration:Nostalgia","m_DevilBlood","Orichalcum","CeramicFish","expansioncontent:StudyCardRelic","Bottled Lightning","Pantograph","Replay:Bottled Steam"],"acts_visited":["Exordium","TheCity","TheBeyond"],"potions_floor_usage":[],"damage_taken":[{"damage":0.0,"enemies":"Cultist","floor":1.0,"turns":3.0},{"damage":0.0,"enemies":"Jaw Worm","floor":4.0,"turns":4.0},{"damage":3.0,"enemies":"Lagavulin","floor":6.0,"turns":8.0},{"damage":0.0,"enemies":"Small Slimes","floor":8.0,"turns":3.0},{"damage":0.0,"enemies":"Gremlin Gang","floor":11.0,"turns":5.0},{"damage":0.0,"enemies":"Large Slime","floor":13.0,"turns":6.0},{"damage":10.0,"enemies":"Lots of Slimes","floor":14.0,"turns":5.0},{"damage":16.0,"enemies":"The Guardian","floor":16.0,"turns":11.0},{"damage":16.0,"enemies":"2 Thieves","floor":18.0,"turns":5.0},{"damage":10.0,"enemies":"3 Byrds","floor":20.0,"turns":4.0},{"damage":15.0,"enemies":"Snecko","floor":21.0,"turns":5.0},{"damage":0.0,"enemies":"Chosen and Byrds","floor":25.0,"turns":1.0},{"damage":7.0,"enemies":"Snake Plant","floor":28.0,"turns":4.0},{"damage":0.0,"enemies":"Gremlin Leader","floor":31.0,"turns":4.0},{"damage":0.0,"enemies":"Automaton","floor":33.0,"turns":8.0},{"damage":0.0,"enemies":"3 Shapes","floor":35.0,"turns":4.0},{"damage":0.0,"enemies":"Orb Walker","floor":36.0,"turns":1.0},{"damage":0.0,"enemies":"Jaw Worm Horde","floor":37.0,"turns":2.0},{"damage":0.0,"enemies":"R_Hoarder","floor":41.0,"turns":4.0},{"damage":0.0,"enemies":"Maw","floor":45.0,"turns":4.0},{"damage":4.0,"enemies":"Sphere and 2 Shapes","floor":47.0,"turns":4.0},{"damage":3.0,"enemies":"Reptomancer","floor":48.0,"turns":4.0},{"damage":27.0,"enemies":"Donu and Deca","floor":50.0,"turns":8.0},{"damage":54.0,"enemies":"Malkuth","floor":51.0,"turns":6.0},{"damage":31.0,"enemies":"Netzach","floor":51.0,"turns":7.0},{"damage":38.0,"enemies":"Chesed","floor":51.0,"turns":7.0}],"seed_played":"7170269722066734068","potions_obtained":[{"floor":4.0,"key":"SkillPotion"},{"floor":13.0,"key":"BlessingOfTheForge"},{"floor":14.0,"key":"LiquidMemories"},{"floor":21.0,"key":"Reflective Coating"},{"floor":28.0,"key":"Regen Potion"},{"floor":33.0,"key":"Death Potion"}],"is_trial":false,"path_per_floor":["M","$","?","M","?","E","R","M","T","R","M","R","M","M","R","B",null,"?","?","?","?","T","T","?","?","T","?","?","T","T","E","T","B",null,"?","?","?","?","T","T","E","T","T","T","?","?","?","E","T","B",null,null],"character_chosen":"THE_SILENT","items_purchased":["Mummified Hand","Kunai","After Image","ReplayTheSpireMod:CursedCoin","Snake Skull","Magnetism","Flying Knee","Bag of Marbles","ReplayTheSpireMod:Scrap Shanks","aspiration:Nostalgia"],"campfire_rested":1,"item_purchase_floors":[0,0,0,0,0,0,0,2,22,22],"current_hp_per_floor":[38,38,55,55,38,35,35,35,35,35,35,35,35,25,25,9,70,54,54,44,29,29,50,50,50,50,50,43,43,43,43,43,43,70,70,70,70,70,70,70,70,70,70,70,70,70,66,63,63,43],"gold":418,"neow_bonus":"","is_daily":false,"chose_seed":false,"campfire_upgraded":9,"win_rate":0.0,"timestamp":1613409136,"path_taken":["M","$","?","M","?","E","R","M","T","R","M","R","?","M","R","BOSS","?","?","?","?","T","T","?","?","T","?","?","T","T","E","T","BOSS","?","?","?","?","T","T","E","T","T","T","?","?","?","E","T","BOSS"],"items_purchased_type":["Relic","Relic","Card","Relic","Relic","Card","Card","Relic","Card","Relic"],"build_version":"2020-12-22","purchased_purges":1,"victory":true,"max_hp_per_floor":[70,70,70,70,70,70,70,70,70,70,70,70,70,70,70,70,70,70,70,70,70,70,70,70,70,70,70,70,70,70,70,70,70,70,70,70,70,70,70,70,70,70,70,70,70,70,70,70,70,70],"card_choices":[{"not_picked":["Slice","Deflect"],"picked":"Deadly Poison","floor":1.0},{"not_picked":["Outmaneuver","PiercingWail"],"picked":"ReplayTheSpireMod:Necrosis","floor":4.0},{"not_picked":["Infinite Blades","Cloak And Dagger"],"picked":"Acrobatics","floor":6.0},{"not_picked":["Poisoned Stab","Quick Slash"],"picked":"Prepared","floor":8.0},{"not_picked":["Prepared","Sucker Punch"],"picked":"Hidden Blade","floor":11.0},{"not_picked":["Blade Dance","Dodge and Roll"],"picked":"Malaise","floor":13.0},{"not_picked":["Acrobatics","Hidden Blade"],"picked":"Toxin Wave","floor":14.0},{"not_picked":["After Image","Burst"],"picked":"Storm of Steel","floor":16.0},{"not_picked":["Cloak And Dagger","Flying Knee"],"picked":"Bane+1","floor":18.0},{"not_picked":["Reflex+1","Heel Hook+1"],"picked":"Accuracy+1","floor":20.0},{"not_picked":["Outmaneuver","Toxin Wave"],"picked":"Cloak And Dagger","floor":21.0},{"not_picked":["Concentrate+1","Underhanded Strike+1"],"picked":"Backflip+1","floor":25.0},{"not_picked":["Warcry","Dagger Spray"],"picked":"Feel No Pain","floor":28.0},{"not_picked":["True Grit+1","Draining Mist"],"picked":"Replay:Bag of Tricks","floor":31.0},{"not_picked":["hexamod:ParanormalForm","Grand Finale"],"picked":"Bullet Time","floor":33.0},{"not_picked":["PiercingWail","Dodge and Roll"],"picked":"Terror+1","floor":35.0},{"not_picked":["Dodge and Roll+1","Sucker Punch"],"picked":"Backflip","floor":36.0},{"not_picked":["Endless Agony+1","Replay:Poison Smokescreen+1"],"picked":"Blade Dance+1","floor":37.0},{"not_picked":["Phantasmal Killer","Outmaneuver+1","Cloak And Dagger+1"],"picked":"SKIP","floor":41.0},{"not_picked":["Outmaneuver+1","Cloak And Dagger+1"],"picked":"Phantasmal Killer","floor":41.0},{"not_picked":["ReplayTheSpireMod:Scrap Shanks","Catalyst"],"picked":"ReplayTheSpireMod:Shiv Toss+1","floor":45.0},{"not_picked":["Deadly Poison","Cloak And Dagger+1","Deflect+1"],"picked":"SKIP","floor":47.0},{"not_picked":["Dagger Spray+1","Dodge and Roll+1"],"picked":"Acrobatics","floor":48.0}],"player_experience":773732,"relics_obtained":[{"floor":1.0,"key":"LetterFromLob"},{"floor":6.0,"key":"War Paint"},{"floor":9.0,"key":"Omamori"},{"floor":26.0,"key":"Orichalcum"},{"floor":31.0,"key":"CeramicFish"},{"floor":41.0,"key":"Bottled Lightning"},{"floor":43.0,"key":"Pantograph"},{"floor":48.0,"key":"Replay:Bottled Steam"}],"event_choices":[{"damage_healed":17.0,"max_hp_gain":0.0,"max_hp_loss":0.0,"gold_gain":0.0,"event_name":"The Cleric","player_choice":"Healed","floor":3.0,"gold_loss":35.0,"damage_taken":0.0},{"damage_healed":0.0,"max_hp_gain":0.0,"max_hp_loss":0.0,"gold_gain":0.0,"event_name":"Golden Idol","player_choice":"Take Damage","floor":5.0,"gold_loss":0.0,"damage_taken":17.0,"relics_obtained":["Golden Idol"]},{"damage_healed":0.0,"max_hp_gain":0.0,"max_hp_loss":0.0,"gold_gain":0.0,"event_name":"WeMeetAgain","player_choice":"Gave Potion","floor":19.0,"gold_loss":0.0,"damage_taken":0.0,"relics_obtained":["Vajra"]},{"damage_healed":0.0,"max_hp_gain":0.0,"max_hp_loss":0.0,"gold_gain":0.0,"event_name":"NoteForYourself","player_choice":"Ignored","floor":27.0,"gold_loss":0.0,"damage_taken":0.0},{"damage_healed":0.0,"max_hp_gain":0.0,"max_hp_loss":0.0,"gold_gain":0.0,"event_name":"Designer","player_choice":"Upgrade","floor":38.0,"gold_loss":40.0,"damage_taken":0.0,"cards_upgraded":["Bullet Time"]}],"is_beta":false,"boss_relics":[{"not_picked":["ReplayTheSpireMod:DimensionalGlitch","Empty Cage"],"picked":"Painkiller Herb"},{"not_picked":["Snecko Heart","Astrolabe"],"picked":"expansioncontent:StudyCardRelic"}],"items_purged_floors":[22],"is_endless":false,"potions_floor_spawned":[4,13,14,21,28,33,35,37,45,47],"ascension_level":0}}