{"host":"r4aerl4ckfvw1dw3","time":1613421625,"event":{"mods":["BaseMod","BetterRewards","Minty Spire (QoL Compilation)","Quick Restart","StSLib"],"gold_per_floor":[111,111,130,142,142,171,171,201,225,57,87,87,187,222,222,325,325,340,22,22,36,48,48,80,80,80,80,410,410,436,452,452,452,452],"floor_reached":33,"language":"ENG","playtime":1295,"items_purged":["Strike_B"],"score":413,"play_id":"b1f5a143-8ab7-4a95-9236-5172ff301129","local_time":"20210215124025","is_ascension_mode":true,"campfire_choices":[{"floor":7.0,"key":"REST"},{"data":"Sweeping Beam","floor":12.0,"key":"SMITH"},{"floor":15.0,"key":"REST"},{"data":"Defragment","floor":23,"key":"SMITH"},{"floor":25,"key":"REST"},{"floor":27,"key":"REST"},{"floor":29,"key":"REST"},{"floor":32,"key":"REST"}],"circlet_count":0,"master_deck":["Strike_B","Strike_B+1","Defend_B","Defend_B","Defend_B","Defend_B","Zap+1","Dualcast","Coolheaded","Sweeping Beam+1","Ball Lightning","Chill","Ball Lightning","Consume","Multi-Cast","Electrodynamics","Coolheaded+1","Defragment+1","Stack","Gash","Turbo","Turbo+1","Go for the Eyes+1","Doom and Gloom","Defragment","Amplify+1","Consume+1","Stack+1","Steam+1"],"relics":["Cracked Core","Bronze Scales","Lantern","Potion Belt","MawBank","Chemical X","Odd Mushroom","Dream Catcher","Black Star","PreservedInsect","Symbiotic Virus","Sundial","Toxic Egg 2","Prayer Wheel","Old Coin","CaptainsWheel","Frozen Egg 2"],"acts_visited":["Exordium","TheCity"],"potions_floor_usage":[21,24,31],"damage_taken":[{"damage":0.0,"enemies":"Cultist","floor":1.0,"turns":3.0},{"damage":0.0,"enemies":"Small Slimes","floor":3.0,"turns":3.0},{"damage":7.0,"enemies":"Jaw Worm","floor":4.0,"turns":3.0},{"damage":21.0,"enemies":"Lagavulin","floor":6.0,"turns":5.0},{"damage":9.0,"enemies":"3 Sentries","floor":8.0,"turns":6.0},{"damage":2.0,"enemies":"The Mushroom Lair","floor":11.0,"turns":3.0},{"damage":21.0,"enemies":"Lagavulin","floor":14.0,"turns":4.0},{"damage":3,"enemies":"Slime Boss","floor":16,"turns":9},{"damage":3,"enemies":"Chosen","floor":18,"turns":4},{"damage":9,"enemies":"3 Byrds","floor":21,"turns":2},{"damage":9,"enemies":"Centurion and Healer","floor":22,"turns":5},{"damage":44,"enemies":"Book of Stabbing","floor":24,"turns":4},{"damage":40,"enemies":"Slavers","floor":28,"turns":3},{"damage":0,"enemies":"Gremlin Leader","floor":30,"turns":5},{"damage":24,"enemies":"Snake Plant","floor":31,"turns":2},{"damage":51,"enemies":"Collector","floor":33,"turns":6}],"seed_played":"-8897181357224694935","potions_obtained":[{"floor":6.0,"key":"SteroidPotion"},{"floor":8.0,"key":"Energy Potion"},{"floor":11.0,"key":"Strength Potion"},{"floor":18,"key":"Explosive Potion"},{"floor":21,"key":"GamblersBrew"},{"floor":28,"key":"Ancient Potion"}],"is_trial":false,"path_per_floor":["M","?","M","M","?","E","R","E","T","$","?","R","?","E","R","B",null,"M","$","?","M","M","R","E","R","T","R","E","R","E","M","R","B"],"character_chosen":"DEFECT","items_purchased":["Ball Lightning","Chemical X","Defragment","PreservedInsect","Stack"],"campfire_rested":6,"item_purchase_floors":[10,10,19,19,19],"current_hp_per_floor":[75,60,60,53,46,25,47,38,38,38,36,36,36,15,37,34,75,72,72,72,63,54,54,10,32,32,54,14,36,36,12,34,0,0],"gold":452,"neow_bonus":"RANDOM_COMMON_RELIC","is_daily":false,"chose_seed":false,"campfire_upgraded":2,"win_rate":0.0,"timestamp":1613421625,"path_taken":["M","?","M","M","?","E","R","E","T","$","?","R","?","E","R","BOSS","M","$","?","M","M","R","E","R","T","R","E","R","E","M","R","BOSS"],"items_purchased_type":["Card","Relic","Card","Relic","Card"],"build_version":"2020-12-22","purchased_purges":1,"victory":false,"max_hp_per_floor":[75,75,75,75,75,75,75,75,75,75,75,75,75,75,75,75,75,75,75,75,75,75,75,75,75,75,75,75,75,75,75,75,75,75],"card_choices":[{"not_picked":["Leap","Rebound"],"picked":"Coolheaded","floor":1.0},{"not_picked":["Cold Snap","Turbo"],"picked":"Sweeping Beam","floor":3.0},{"not_picked":["Fusion","Auto Shields"],"picked":"Ball Lightning","floor":4.0},{"not_picked":["Scrape","Tempest"],"picked":"Chill","floor":6.0},{"not_picked":["Beam Cell","Darkness","Aggregate"],"picked":"SKIP","floor":8.0},{"not_picked":["Hologram","White Noise"],"picked":"Consume","floor":11.0},{"not_picked":["Sweeping Beam","Echo Form"],"picked":"Multi-Cast","floor":14.0},{"not_picked":["All For One","Seek"],"picked":"Electrodynamics","floor":16},{"not_picked":["Streamline","Scrape"],"picked":"Coolheaded+1","floor":18},{"not_picked":["Coolheaded+1","Barrage+1"],"picked":"Gash","floor":21},{"not_picked":["Storm+1","Self Repair"],"picked":"Turbo","floor":22},{"not_picked":["Meteor Strike","Rip and Tear","Rebound"],"picked":"SKIP","floor":24},{"not_picked":["Gash+1","White Noise"],"picked":"Turbo+1","floor":25},{"not_picked":["Turbo+1","Rebound"],"picked":"Go for the Eyes+1","floor":27},{"not_picked":["Chill+1","Gash+1"],"picked":"Doom and Gloom","floor":28},{"not_picked":["Redo+1","Ball Lightning"],"picked":"Defragment","floor":29},{"not_picked":["Hello World+1","Sunder"],"picked":"Amplify+1","floor":30},{"not_picked":["Compile Driver+1","Go for the Eyes"],"picked":"Consume+1","floor":31},{"not_picked":["Beam Cell+1","Streamline"],"picked":"Stack+1","floor":31},{"not_picked":["Turbo+1","Beam Cell"],"picked":"Steam+1","floor":32}],"player_experience":598677,"relics_obtained":[{"floor":6.0,"key":"Lantern"},{"floor":8.0,"key":"Potion Belt"},{"floor":9.0,"key":"MawBank"},{"floor":11.0,"key":"Odd Mushroom"},{"floor":14.0,"key":"Dream Catcher"},{"floor":24,"key":"Symbiotic Virus"},{"floor":24,"key":"Sundial"},{"floor":26,"key":"Toxic Egg 2"},{"floor":28,"key":"Prayer Wheel"},{"floor":28,"key":"Old Coin"},{"floor":30,"key":"CaptainsWheel"},{"floor":30,"key":"Frozen Egg 2"}],"event_choices":[{"damage_healed":0.0,"max_hp_gain":0.0,"max_hp_loss":0.0,"gold_gain":0.0,"event_name":"Shining Light","player_choice":"Entered Light","floor":2.0,"gold_loss":0.0,"damage_taken":15.0,"cards_upgraded":["Zap","Strike_B"]},{"cards_removed":["Strike_B"],"damage_healed":0.0,"max_hp_gain":0.0,"max_hp_loss":0.0,"gold_gain":0.0,"event_name":"Golden Wing","player_choice":"Card Removal","floor":5.0,"gold_loss":0.0,"damage_taken":7.0},{"damage_healed":0.0,"max_hp_gain":0.0,"max_hp_loss":0.0,"gold_gain":0.0,"event_name":"Mushrooms","player_choice":"Fought Mushrooms","floor":11.0,"gold_loss":0.0,"damage_taken":0.0},{"damage_healed":0.0,"max_hp_gain":0.0,"max_hp_loss":0.0,"gold_gain":100.0,"event_name":"Golden Shrine","player_choice":"Pray","floor":13.0,"gold_loss":0.0,"damage_taken":0.0},{"damage_healed":0,"gold_gain":0,"player_choice":"Ignored","damage_taken":0,"max_hp_gain":0,"max_hp_loss":0,"event_name":"Ghosts","floor":20,"gold_loss":0}],"is_beta":false,"boss_relics":[{"not_picked":["Tiny House","SlaversCollar"],"picked":"Black Star"}],"items_purged_floors":[19],"is_endless":false,"potions_floor_spawned":[6,8,11,18,21,28],"killed_by":"Collector","ascension_level":4}}