{"host":"0kk91h4bq4kgfj0u","time":1613414121,"event":{"mods":["BaseMod","Bestiary","Block Reminder","Colored Map","Colored Powertips","Curses Come First","Highlight Path","Minty Spire (QoL Compilation)","Relic Stats","StSLib"],"gold_per_floor":[116,134,134,145,155,155,189,206,206,233,244,244,244,244,244,344,344,364,10,21,32,32,74,74,74,74,74,114,136,153,171,171,171,171],"floor_reached":33,"language":"ENG","playtime":893,"items_purged":[],"score":434,"play_id":"3034edbe-9015-443b-90ae-38bbe4872041","local_time":"20210215133521","is_ascension_mode":true,"campfire_choices":[{"floor":6.0,"key":"RECALL"},{"data":"Spot Weakness","floor":15.0,"key":"SMITH"},{"floor":27.0,"key":"REST"},{"floor":32,"key":"REST"}],"circlet_count":0,"master_deck":["Strike_R+1","Strike_R+1","Strike_R+1","Strike_R+1","Strike_R+1","Defend_R+1","Defend_R+1","Defend_R+1","Defend_R+1","Bash","Heavy Blade","Rage+1","Thunderclap","Immolate","Spot Weakness+1","Cleave","Cleave","Twin Strike","Juggernaut","Power Through+1","Flex","Fire Breathing+1","Anger+1","Impervious","Flex","Shrug It Off"],"relics":["Burning Blood","Akabeko","Pantograph","Eternal Feather","Black Star","Omamori","Toy Ornithopter","CeramicFish","Bag of Marbles","Paper Frog","Pen Nib","Letter Opener"],"acts_visited":["Exordium","TheCity"],"potions_floor_usage":[31,31,31],"damage_taken":[{"damage":14.0,"enemies":"Jaw Worm","floor":1.0,"turns":5.0},{"damage":6.0,"enemies":"Cultist","floor":2.0,"turns":4.0},{"damage":7.0,"enemies":"Small Slimes","floor":4.0,"turns":3.0},{"damage":11.0,"enemies":"Looter","floor":5.0,"turns":3.0},{"damage":44.0,"enemies":"Lagavulin","floor":7.0,"turns":7.0},{"damage":15.0,"enemies":"3 Louse","floor":8.0,"turns":2.0},{"damage":6.0,"enemies":"3 Sentries","floor":10.0,"turns":3.0},{"damage":0.0,"enemies":"Gremlin Gang","floor":11.0,"turns":1.0},{"damage":13.0,"enemies":"Slime Boss","floor":16.0,"turns":7.0},{"damage":27.0,"enemies":"Chosen","floor":18.0,"turns":5.0},{"damage":7.0,"enemies":"Spheric Guardian","floor":20.0,"turns":4.0},{"damage":0.0,"enemies":"3 Cultists","floor":21.0,"turns":3.0},{"damage":58.0,"enemies":"Gremlin Leader","floor":23.0,"turns":6.0},{"damage":40.0,"enemies":"Book of Stabbing","floor":28.0,"turns":4.0},{"damage":30.0,"enemies":"Shelled Parasite and Fungi","floor":29.0,"turns":4.0},{"damage":18.0,"enemies":"Snake Plant","floor":30.0,"turns":4.0},{"damage":20,"enemies":"Cultist and Chosen","floor":31,"turns":5},{"damage":94,"enemies":"Collector","floor":33,"turns":8}],"seed_played":"3482967094916265553","potions_obtained":[{"floor":4.0,"key":"Weak Potion"},{"floor":7.0,"key":"Dexterity Potion"},{"floor":10.0,"key":"BlessingOfTheForge"},{"floor":11.0,"key":"ColorlessPotion"},{"floor":16.0,"key":"AttackPotion"},{"floor":21.0,"key":"LiquidBronze"},{"floor":30.0,"key":"SteroidPotion"}],"is_trial":false,"path_per_floor":["M","M","?","M","M","R","E","M","T","E","M","?","?","?","R","B",null,"M","$","M","M","?","E","?","?","T","R","E","M","M","M","R","B"],"character_chosen":"IRONCLAD","items_purchased":["Flex","Omamori","Toy Ornithopter"],"campfire_rested":2,"item_purchase_floors":[19,19,19],"current_hp_per_floor":[72,72,72,71,66,66,28,19,19,19,25,25,25,25,34,52,79,58,58,57,68,68,16,16,45,45,83,54,30,18,19,60,0,0],"gold":171,"neow_bonus":"TEN_PERCENT_HP_BONUS","is_daily":false,"chose_seed":false,"campfire_upgraded":1,"win_rate":0.0,"timestamp":1613414121,"path_taken":["M","M","?","?","M","R","E","?","T","E","M","?","?","?","R","BOSS","M","$","?","M","?","E","?","?","T","R","E","M","M","M","R","BOSS"],"items_purchased_type":["Card","Relic","Relic"],"build_version":"2020-12-22","purchased_purges":0,"victory":false,"max_hp_per_floor":[88,88,88,88,88,88,88,88,88,88,88,88,88,88,88,88,88,88,88,88,88,88,88,88,88,88,88,88,88,88,88,88,88,88],"relic_stats":{"counters":[18,78],"Pantograph":50,"CeramicFish":27,"Eternal Feather":36,"Pen Nib":[3],"Black Star":2,"Letter Opener":[15],"obtain_stats":[{"Pantograph":9,"CeramicFish":23,"Eternal Feather":10,"Pen Nib":28,"Black Star":17,"Omamori":19,"Bag of Marbles":23,"Letter Opener":28,"Burning Blood":0,"Akabeko":7,"Toy Ornithopter":19,"Paper Frog":24},{"Pantograph":6,"CeramicFish":13,"Eternal Feather":7,"Pen Nib":14,"Black Star":9,"Omamori":10,"Bag of Marbles":13,"Letter Opener":14,"Burning Blood":0,"Akabeko":5,"Toy Ornithopter":10,"Paper Frog":13},{"Pantograph":24,"CeramicFish":53,"Eternal Feather":27,"Pen Nib":57,"Black Star":35,"Omamori":40,"Bag of Marbles":53,"Letter Opener":57,"Burning Blood":0,"Akabeko":22,"Toy Ornithopter":40,"Paper Frog":53}],"Burning Blood":102,"Toy Ornithopter":25},"card_choices":[{"not_picked":["Warcry","Clash"],"picked":"Heavy Blade","floor":1.0},{"not_picked":["Clash","Warcry"],"picked":"Rage","floor":2.0},{"not_picked":["Rupture","Dark Embrace"],"picked":"Thunderclap","floor":4.0},{"not_picked":["Dark Embrace","Iron Wave"],"picked":"Immolate","floor":5.0},{"not_picked":["Offering","Havoc"],"picked":"Spot Weakness","floor":7.0},{"not_picked":["Perfected Strike","Headbutt"],"picked":"Cleave","floor":8.0},{"not_picked":["Headbutt","Perfected Strike"],"picked":"Cleave","floor":10.0},{"not_picked":["Headbutt","Combust"],"picked":"Twin Strike","floor":11.0},{"not_picked":["Fiend Fire","Exhume"],"picked":"Juggernaut","floor":16.0},{"not_picked":["Havoc","Wild Strike"],"picked":"Power Through+1","floor":18.0},{"not_picked":["Flex+1","Cleave+1"],"picked":"Fire Breathing+1","floor":20.0},{"not_picked":["Disarm","Heavy Blade"],"picked":"Anger+1","floor":21.0},{"not_picked":["Ghostly Armor+1","Evolve+1"],"picked":"Impervious","floor":23.0},{"not_picked":["Warcry","Metallicize"],"picked":"Flex","floor":28.0},{"not_picked":["Anger","Battle Trance"],"picked":"Shrug It Off","floor":29.0},{"not_picked":["Clash","Warcry","Body Slam"],"picked":"SKIP","floor":30.0},{"not_picked":["Sword Boomerang","Perfected Strike","Brutality"],"picked":"SKIP","floor":31}],"player_experience":880441,"relics_obtained":[{"floor":7.0,"key":"Akabeko"},{"floor":9.0,"key":"Pantograph"},{"floor":10.0,"key":"Eternal Feather"},{"floor":23.0,"key":"CeramicFish"},{"floor":23.0,"key":"Bag of Marbles"},{"floor":28.0,"key":"Pen Nib"},{"floor":28.0,"key":"Letter Opener"}],"event_choices":[{"damage_healed":0.0,"max_hp_gain":0.0,"max_hp_loss":0.0,"gold_gain":0.0,"event_name":"Purifier","player_choice":"Ignored","floor":3.0,"gold_loss":0.0,"damage_taken":0.0},{"damage_healed":0.0,"max_hp_gain":0.0,"max_hp_loss":0.0,"gold_gain":0.0,"event_name":"Living Wall","player_choice":"Grow","floor":12.0,"gold_loss":0.0,"damage_taken":0.0,"cards_upgraded":["Rage"]},{"damage_healed":0.0,"max_hp_gain":0.0,"max_hp_loss":0.0,"gold_gain":0.0,"event_name":"Liars Game","player_choice":"Ignored","floor":13.0,"gold_loss":0.0,"damage_taken":0.0},{"damage_healed":0.0,"max_hp_gain":0.0,"max_hp_loss":0.0,"gold_gain":0.0,"event_name":"Lab","player_choice":"Got Potions","floor":14.0,"gold_loss":0.0,"damage_taken":0.0},{"damage_healed":0.0,"max_hp_gain":0.0,"max_hp_loss":0.0,"gold_gain":0.0,"event_name":"Back to Basics","player_choice":"Simplicity","floor":22.0,"gold_loss":0.0,"damage_taken":0.0,"cards_upgraded":["Strike_R","Strike_R","Strike_R","Strike_R","Strike_R","Defend_R","Defend_R","Defend_R","Defend_R"]},{"damage_healed":0.0,"max_hp_gain":0.0,"max_hp_loss":0.0,"gold_gain":0.0,"event_name":"The Mausoleum","player_choice":"Opened","floor":24.0,"gold_loss":0.0,"damage_taken":0.0,"relics_obtained":["Paper Frog"]},{"damage_healed":29.0,"max_hp_gain":0.0,"max_hp_loss":0.0,"gold_gain":0.0,"event_name":"The Library","player_choice":"Heal","floor":25.0,"gold_loss":0.0,"damage_taken":0.0}],"is_beta":false,"boss_relics":[{"not_picked":["Pandora\u0027s Box","Philosopher\u0027s Stone"],"picked":"Black Star"}],"items_purged_floors":[],"is_endless":false,"potions_floor_spawned":[4,7,10,11,16,21,30],"killed_by":"Collector","ascension_level":9}}