{"host":"za1qviwhp34x909e","time":1613377499,"event":{"mods":["Act Like it!","BaseMod","Colored Map","Colored Powertips","Downfall","Highlight Path","Hubris","Koishi","Marisa????????","Minty Spire (QoL Compilation)","Quick Restart","Reimu??????","Replay The Spire","StSLib","The Servant 0.9.4"],"gold_per_floor":[367,382,111,131,143,176,176,209,209,209,209,240,240,260,260,358,358,370,385,404,419,694,694,694,694],"floor_reached":24,"language":"ENG","playtime":1875,"items_purged":[],"score":293,"play_id":"c5734728-90ae-41a8-86b1-fca71176bbc0","local_time":"20210215022459","is_ascension_mode":false,"campfire_choices":[{"data":"BottledTime","floor":7,"key":"SMITH"},{"floor":11,"key":"REST"},{"data":"GearUp","floor":13,"key":"SMITH"},{"data":"Read","floor":15,"key":"SMITH"},{"data":"FloweringNight","floor":23,"key":"SMITH"}],"circlet_count":0,"master_deck":["Strike_S","Strike_S","Strike_S","Defend_S","Defend_S","Defend_S","Defend_S","KidneyShot","Exchange","Rewind","BottledTime+1","DoubleEdge","Moonlight","Rearm","Read+1","SpecialFormula","Embodiment","GearUp+1","Ricochet","FloweringNight+1","Alleviate","BottledTime","TimeWarp","Regret"],"relics":["Uniform","OrangePellets","Bottled Lightning","Quantum Egg","hubris:Teleporter","Replay:Baseball","Sozu"],"acts_visited":["Exordium","TheCity"],"potions_floor_usage":[5,5,6,6,6,12,24],"damage_taken":[{"damage":1,"enemies":"2 Louse","floor":1,"turns":2},{"damage":2,"enemies":"Cultist","floor":2,"turns":4},{"damage":1,"enemies":"Jaw Worm","floor":4,"turns":3},{"damage":10,"enemies":"Gremlin Gang","floor":5,"turns":7},{"damage":0,"enemies":"Lagavulin","floor":6,"turns":4},{"damage":24,"enemies":"Gremlin Nob","floor":8,"turns":5},{"damage":22,"enemies":"3 Sentries","floor":12,"turns":9},{"damage":1,"enemies":"Blue Slaver","floor":14,"turns":4},{"damage":0,"enemies":"Slime Boss","floor":16,"turns":13},{"damage":5,"enemies":"3 Byrds","floor":18,"turns":5},{"damage":15,"enemies":"Spheric Guardian","floor":19,"turns":4},{"damage":5,"enemies":"Snake Plant","floor":20,"turns":6},{"damage":25,"enemies":"Shelled Parasite and Fungi","floor":21,"turns":7},{"damage":47,"enemies":"Book of Stabbing","floor":24,"turns":6}],"seed_played":"-128064267584785749","potions_obtained":[{"floor":1,"key":"champ:CounterPotion"},{"floor":4,"key":"ColorlessPotion"},{"floor":6,"key":"Explosive Potion"},{"floor":8,"key":"Weak Potion"}],"is_trial":false,"path_per_floor":["M","M","$","M","M","E","R","E","T","?","R","E","R","M","R","B",null,"M","M","M","M","?","R","E"],"character_chosen":"THE_SERVANT","items_purchased":["OrangePellets","DoubleEdge","Moonlight"],"campfire_rested":1,"item_purchase_floors":[3,3,3],"current_hp_per_floor":[46,44,44,43,33,33,33,14,14,14,33,16,16,20,20,25,65,65,50,50,30,30,30,0,0],"gold":694,"neow_bonus":"TWO_FIFTY_GOLD","is_daily":false,"chose_seed":false,"campfire_upgraded":4,"win_rate":0.0,"timestamp":1613377499,"path_taken":["M","M","$","M","M","E","R","E","T","?","R","E","R","M","R","BOSS","M","?","M","?","?","R","E"],"items_purchased_type":["Relic","Card","Card"],"build_version":"2020-12-22","purchased_purges":0,"victory":false,"max_hp_per_floor":[65,65,65,65,65,65,65,65,65,65,65,65,65,65,65,65,65,65,65,65,65,65,65,65,65],"card_choices":[{"not_picked":["Advance","Revamp"],"picked":"Rewind","floor":1},{"not_picked":["Luminosity","ShiftingGears"],"picked":"BottledTime","floor":2},{"not_picked":["FastForward","Potential"],"picked":"Rearm","floor":4},{"not_picked":["ShatteredReality","Advance"],"picked":"Read","floor":5},{"not_picked":["Rearm","Duplication"],"picked":"SpecialFormula","floor":6},{"not_picked":["Collapse","Unruled","Rewind"],"picked":"SKIP","floor":8},{"not_picked":["BottledTime","ShiftingGears"],"picked":"GearUp","floor":12},{"not_picked":["Rewind","Unruled"],"picked":"Ricochet","floor":14},{"not_picked":["SoulSculpture","Deny"],"picked":"FloweringNight","floor":16},{"not_picked":["ShatteredReality","Spin"],"picked":"Alleviate","floor":18},{"not_picked":["Advance","Starlight"],"picked":"BottledTime","floor":19},{"not_picked":["Starlight","Ricochet"],"picked":"TimeWarp","floor":20},{"not_picked":["Starlight","Ricochet","Desolation"],"picked":"SKIP","floor":21}],"player_experience":722208,"relics_obtained":[{"floor":6,"key":"Bottled Lightning"},{"floor":8,"key":"Quantum Egg"},{"floor":9,"key":"hubris:Teleporter"},{"floor":12,"key":"Replay:Baseball"}],"event_choices":[{"damage_healed":0,"gold_gain":0,"cards_transformed":["Strike_S"],"player_choice":"Transformed","damage_taken":0,"max_hp_gain":0,"max_hp_loss":0,"event_name":"Transmorgrifier","floor":10,"gold_loss":0,"cards_obtained":["Embodiment"]},{"damage_healed":0,"gold_gain":275,"player_choice":"Desecrate","damage_taken":0,"max_hp_gain":0,"max_hp_loss":0,"event_name":"Golden Shrine","floor":22,"gold_loss":0,"cards_obtained":["Regret"]}],"is_beta":false,"boss_relics":[{"not_picked":["SplendidAttire","Replay:Ancient Bell"],"picked":"Sozu"}],"items_purged_floors":[],"is_endless":false,"potions_floor_spawned":[1,4,6,8,14,20,21],"killed_by":"Book of Stabbing","ascension_level":0}}