{"host":"nk96hmshg916l1i9","time":1613412267,"event":{"mods":["Act Like it!","Aspiration","BaseMod","Bestiary","Better Third Choice","BetterRewards","Colored Map","Colored Powertips","Downfall","Gensokyo","Hallownest","Hermit","Hubris","Koishi","Lobotomy","Marisa（霧雨　魔理沙）","Minty Spire (QoL Compilation)","Prisma Mod","Remilia（蕾米莉?）","Shop Mod","StSLib","Td1madao Mod","The Administrix","The Animator","The Bug Knight","The Cursed","The Disciple","The Hierophant","The Jungle"],"gold_per_floor":[119,18,37,37,37,37,72,72,96,96,57,57,91,110,110,212,212,232,252,17,17,17,17],"floor_reached":22,"language":"ENG","playtime":3331,"items_purged":["HollowMod:QuickDashStart","Laetitia"],"score":190,"play_id":"0538a9ec-e233-48ae-82bc-061e42ecff51","local_time":"20210216020427","is_ascension_mode":false,"campfire_choices":[{"data":"HollowMod:FocusHealStart","floor":6,"key":"SMITH"},{"data":"HollowMod:DoubleDash","floor":8,"key":"SMITH"},{"data":"HollowMod:CycloneSlash","floor":10,"key":"SMITH"},{"data":"HollowMod:DoubleDash","floor":15,"key":"SMITH"}],"circlet_count":0,"master_deck":["HollowMod:NailStrikeStart","HollowMod:NailStrikeStart","HollowMod:QuickDashStart","HollowMod:QuickDashStart","HollowMod:QuickDashStart","HollowMod:FocusHealStart+1","HollowMod:PogoStrike","DespairKnight","HollowMod:SoulVessel","HollowMod:CloakDash","OSAHOGD","HollowMod:DoubleDash+1","HollowMod:CycloneSlash+1","ShyLook","HollowMod:DoubleDash+1","UniverseFragment","HollowMod:PureVessel","HollowMod:HeavyBlow+1","HollowMod:CycloneSlash+1","FieryBird","HollowMod:Grubsong","Swift Strike+1","HollowMod:FallenFury+1","HollowMod:RecoilStrike+1"],"relics":["HollowMod:VesselMask","CogitoBucket","hubris:DeckOfHolding","Centennial Puzzle","Molten Egg 2","HollowMod:KingsBrand","Empty Cage","SkinProphecy"],"acts_visited":["Exordium","Gensokyo:Gensokyo"],"potions_floor_usage":[13,18],"damage_taken":[{"damage":2,"enemies":"Gensokyo:Gryphon","floor":1,"turns":3},{"damage":20,"enemies":"Gensokyo:2_Kodama","floor":3,"turns":5},{"damage":23,"enemies":"Gensokyo:Mamizou","floor":7,"turns":12},{"damage":42,"enemies":"Gensokyo:Aya","floor":13,"turns":11},{"damage":0,"enemies":"Gensokyo:3_Fairies","floor":14,"turns":5},{"damage":25,"enemies":"Gensokyo:Yukari","floor":16,"turns":18},{"damage":0,"enemies":"theJungle:MUSHROOMGANG","floor":18,"turns":8},{"damage":7,"enemies":"theJungle:GiantWrat","floor":19,"turns":15},{"damage":74,"enemies":"theJungle:JungleHuntersEncounter","floor":22,"turns":5}],"seed_played":"-2947335819399537959","potions_obtained":[{"floor":7,"key":"Slimebound:ThreeZeroPotion"},{"floor":16,"key":"SkillPotion"}],"is_trial":false,"path_per_floor":["M","$","M","?","T","R","E","R","T","R","COS","?","E","M","R","B",null,"M","M","$","?","M"],"character_chosen":"THE_BUGKNIGHT","items_purchased":["HollowMod:CloakDash","HollowMod:Grubsong","Swift Strike+1"],"campfire_rested":0,"item_purchase_floors":[2,20,20],"current_hp_per_floor":[75,75,65,58,58,58,47,47,47,47,47,55,23,29,29,16,75,75,70,70,70,0,0],"gold":17,"neow_bonus":"","is_daily":false,"chose_seed":false,"campfire_upgraded":4,"win_rate":0.0,"timestamp":1613412267,"path_taken":["M","$","M","?","?","R","E","R","T","R","COS","?","E","?","R","BOSS","M","M","$","?","?"],"items_purchased_type":["Card","Card","Card"],"build_version":"2020-12-22","purchased_purges":2,"victory":false,"max_hp_per_floor":[75,75,75,75,75,75,75,75,75,75,75,75,75,75,75,75,75,75,77,77,77,79,79],"card_choices":[{"not_picked":["CrumblingArmor","DreamingCurrent"],"picked":"DespairKnight","floor":1},{"not_picked":["HollowMod:VengefulVoid","HollowMod:WraithStrike"],"picked":"HollowMod:SoulVessel","floor":1},{"not_picked":["WallGazer","VoidDream"],"picked":"OSAHOGD","floor":3},{"not_picked":["HollowMod:BlackTendrils","HollowMod:AwokenDreamNail"],"picked":"HollowMod:DoubleDash","floor":3},{"not_picked":["HollowMod:InfectedAttack","HollowMod:VengefulSpirit"],"picked":"HollowMod:CycloneSlash","floor":7},{"not_picked":["SpiderBud","Alriune"],"picked":"ShyLook","floor":7},{"not_picked":["Murderer","FieryBird"],"picked":"Laetitia","floor":13},{"not_picked":["HollowMod:MawleksShell","HollowMod:GrimmsGift"],"picked":"HollowMod:DoubleDash","floor":13},{"not_picked":["QueenOfHatred","Scorched"],"picked":"UniverseFragment","floor":14},{"not_picked":["HollowMod:LifebloodCocoon","HollowMod:SoulSplash","HollowMod:CornifersMapStart"],"picked":"SKIP","floor":14},{"not_picked":["HollowMod:theNailsmith","HollowMod:Weaversong"],"picked":"HollowMod:PureVessel","floor":16},{"not_picked":["HollowMod:DoubleDash+1","HollowMod:SoulSplash"],"picked":"HollowMod:HeavyBlow+1","floor":18},{"not_picked":["HollowMod:CornifersMapStart","HollowMod:VoidDash"],"picked":"HollowMod:CycloneSlash+1","floor":19},{"not_picked":["LittlePrince","MeatLantern"],"picked":"FieryBird","floor":19}],"player_experience":816987,"relics_obtained":[{"floor":7,"key":"hubris:DeckOfHolding"},{"floor":9,"key":"Centennial Puzzle"},{"floor":13,"key":"Molten Egg 2"}],"event_choices":[{"damage_healed":0,"gold_gain":0,"player_choice":"2 cards matched","damage_taken":0,"max_hp_gain":0,"max_hp_loss":0,"event_name":"Match and Keep!","floor":21,"gold_loss":0,"cards_obtained":["HollowMod:FallenFury","HollowMod:RecoilStrike"]}],"is_beta":false,"boss_relics":[{"not_picked":["Velvet Choker","hubris:CrackedHourglass"],"picked":"Empty Cage"}],"items_purged_floors":[2,20],"is_endless":false,"potions_floor_spawned":[7,16],"killed_by":"theJungle:JungleHuntersEncounter","ascension_level":0}}