{"host":"91blwi3hgehj6ch9","time":1613407565,"event":{"mods":["2.2 Compatiblity","AchievementEnabler","BaseMod","Colored Map","DeckTracker","Keyboard Shortcuts","Minty Spire (QoL Compilation)","Permanent Neow","Quick Restart","StSLib","SuperFastMode","everything is the same but u backflip on backflip"],"gold_per_floor":[115,115,40,40,40,76,76,116,116,131,149,185,185,208,208,301,301,326,326,94,94,112,150,100,123,123,123,123,139,15,40,40,134,134,153,176,197,218,238,238,238],"floor_reached":40,"language":"KOR","playtime":2244,"items_purged":["Strike_P","SignatureMove","Vigilance"],"score":880,"play_id":"ebc90e36-594b-4d33-b700-008a455e3172","local_time":"20210216014605","is_ascension_mode":true,"campfire_choices":[{"data":"Eruption","floor":7.0,"key":"SMITH"},{"data":"Adaptation","floor":13.0,"key":"SMITH"},{"data":"CrushJoints","floor":15.0,"key":"SMITH"},{"floor":28.0,"key":"REST"},{"floor":32.0,"key":"REST"}],"circlet_count":0,"master_deck":["AscendersBane","Defend_P","Eruption+1","CrushJoints+1","BattleHymn+1","Wallop+1","FearNoEvil+1","Adaptation+1","Protect+1","Adaptation+1","LessonLearned+1","Swivel+1","TalkToTheHand","InnerPeace","Scrawl","Crescendo+1","DeusExMachina"],"relics":["PureWater","NeowsBlessing","Golden Idol","Thread and Needle","Yang","Question Card","Shuriken","Empty Cage","Smiling Mask","Centennial Puzzle","SacredBark"],"acts_visited":["Exordium","TheCity","TheBeyond"],"potions_floor_usage":[],"damage_taken":[{"damage":0.0,"enemies":"Cultist","floor":1.0,"turns":1.0},{"damage":0.0,"enemies":"3 Sentries","floor":6.0,"turns":1.0},{"damage":0.0,"enemies":"Lagavulin","floor":8.0,"turns":1.0},{"damage":0.0,"enemies":"2 Louse","floor":10.0,"turns":2.0},{"damage":0.0,"enemies":"Jaw Worm","floor":11.0,"turns":2.0},{"damage":14.0,"enemies":"Gremlin Nob","floor":12.0,"turns":4.0},{"damage":4.0,"enemies":"Looter","floor":14.0,"turns":4.0},{"damage":3.0,"enemies":"The Guardian","floor":16.0,"turns":13.0},{"damage":2.0,"enemies":"Shell Parasite","floor":18.0,"turns":5.0},{"damage":16.0,"enemies":"2 Thieves","floor":22.0,"turns":3.0},{"damage":26.0,"enemies":"Book of Stabbing","floor":23.0,"turns":5.0},{"damage":2.0,"enemies":"Shelled Parasite and Fungi","floor":25.0,"turns":5.0},{"damage":7.0,"enemies":"Centurion and Healer","floor":29.0,"turns":4.0},{"damage":0.0,"enemies":"Snecko","floor":31.0,"turns":3.0},{"damage":23.0,"enemies":"Collector","floor":33.0,"turns":8.0},{"damage":7.0,"enemies":"3 Darklings","floor":35.0,"turns":4.0},{"damage":5.0,"enemies":"Orb Walker","floor":36.0,"turns":3.0},{"damage":17.0,"enemies":"4 Shapes","floor":37.0,"turns":7.0},{"damage":0.0,"enemies":"Transient","floor":38.0,"turns":1.0},{"damage":0.0,"enemies":"Writhing Mass","floor":39.0,"turns":2.0},{"damage":22,"enemies":"Reptomancer","floor":40,"turns":4}],"seed_played":"-9076557381000237770","potions_obtained":[{"floor":8.0,"key":"Block Potion"},{"floor":11.0,"key":"StancePotion"},{"floor":12.0,"key":"Strength Potion"},{"floor":25.0,"key":"Block Potion"},{"floor":35.0,"key":"LiquidBronze"},{"floor":37.0,"key":"Swift Potion"}],"is_trial":false,"path_per_floor":["M","?","?","$","?","E","R","E","T","M","M","E","R","M","R","B",null,"M","?","$","?","M","E","$","M","T","?","R","M","$","M","R","B",null,"M","M","M","M","M","E"],"character_chosen":"WATCHER","items_purchased":["Adaptation","LessonLearned","InnerPeace"],"campfire_rested":2,"item_purchase_floors":[20,20,30],"current_hp_per_floor":[61,61,61,61,54,54,54,54,54,54,54,40,40,36,36,33,55,53,53,53,53,37,11,11,9,9,9,27,20,20,20,38,15,50,43,38,21,21,21,0,0],"gold":238,"neow_bonus":"THREE_ENEMY_KILL","is_daily":false,"chose_seed":false,"campfire_upgraded":3,"win_rate":0.0,"timestamp":1613407565,"path_taken":["M","?","?","$","?","E","R","E","T","M","M","E","R","M","R","BOSS","M","?","$","?","M","E","?","?","T","?","R","?","?","M","R","BOSS","M","M","?","M","M","E"],"items_purchased_type":["Card","Card","Card"],"build_version":"2020-12-22","purchased_purges":3,"victory":false,"max_hp_per_floor":[68,62,62,62,62,62,62,62,62,62,62,62,62,62,62,62,62,62,62,62,62,62,62,62,62,62,62,62,62,62,62,62,62,62,62,62,62,62,62,62,62],"card_choices":[{"not_picked":["PathToVictory","JustLucky"],"picked":"CrushJoints","floor":1.0},{"not_picked":["Wireheading","Halt"],"picked":"BattleHymn","floor":6.0},{"not_picked":["Halt","Protect"],"picked":"Wallop","floor":8.0},{"not_picked":["CutThroughFate","FollowUp","Evaluate"],"picked":"FearNoEvil","floor":10.0},{"not_picked":["FlurryOfBlows","Crescendo","SashWhip","ThirdEye"],"picked":"SKIP","floor":11.0},{"not_picked":["Consecrate","FearNoEvil","Study"],"picked":"Adaptation","floor":12.0},{"not_picked":["ForeignInfluence","EmptyFist","ConjureBlade"],"picked":"Protect","floor":14.0},{"not_picked":["FlyingSleeves","CrushJoints+1","Prostrate","FlurryOfBlows"],"picked":"SKIP","floor":18.0},{"not_picked":["JustLucky+1","ThirdEye","Adaptation+1","FollowUp"],"picked":"SKIP","floor":22.0},{"not_picked":["Indignation","Vengeance","Worship","Swivel"],"picked":"SKIP","floor":23.0},{"not_picked":["PathToVictory","FollowUp","CutThroughFate"],"picked":"TalkToTheHand","floor":25.0},{"not_picked":["EmptyFist","ClearTheMind","CarveReality","WreathOfFlame"],"picked":"SKIP","floor":29.0},{"not_picked":["ReachHeaven","Study","WreathOfFlame","Protect"],"picked":"SKIP","floor":31.0},{"not_picked":["DevaForm","Ragnarok","ConjureBlade"],"picked":"Scrawl","floor":33.0},{"not_picked":["Study","CrushJoints+1","FlurryOfBlows+1"],"picked":"Crescendo+1","floor":35.0},{"not_picked":["Evaluate","CutThroughFate+1","Consecrate","Halt"],"picked":"SKIP","floor":36.0},{"not_picked":["PathToVictory","CarveReality","Nirvana","ThirdEye"],"picked":"SKIP","floor":37.0},{"not_picked":["PathToVictory","BowlingBash","ThirdEye"],"picked":"DeusExMachina","floor":38.0},{"not_picked":["Nirvana","SandsOfTime","JustLucky","Prostrate+1"],"picked":"SKIP","floor":39.0}],"player_experience":257201,"relics_obtained":[{"floor":6.0,"key":"Thread and Needle"},{"floor":8.0,"key":"Yang"},{"floor":9.0,"key":"Question Card"},{"floor":12.0,"key":"Shuriken"},{"floor":23.0,"key":"Smiling Mask"},{"floor":26.0,"key":"Centennial Puzzle"}],"event_choices":[{"damage_healed":0.0,"max_hp_gain":0.0,"max_hp_loss":6.0,"gold_gain":0.0,"event_name":"Golden Idol","player_choice":"Lose Max HP","floor":2.0,"gold_loss":0.0,"damage_taken":0.0,"relics_obtained":["Golden Idol"]},{"cards_removed":["Defend_P"],"damage_healed":0.0,"max_hp_gain":0.0,"max_hp_loss":0.0,"gold_gain":0.0,"event_name":"The Cleric","player_choice":"Card Removal","floor":3.0,"gold_loss":75.0,"damage_taken":0.0},{"cards_removed":["Strike_P"],"damage_healed":0.0,"max_hp_gain":0.0,"max_hp_loss":0.0,"gold_gain":0.0,"event_name":"Golden Wing","player_choice":"Card Removal","floor":5.0,"gold_loss":0.0,"damage_taken":7.0},{"damage_healed":0.0,"max_hp_gain":0.0,"max_hp_loss":0.0,"gold_gain":0.0,"event_name":"The Mausoleum","player_choice":"Ignored","floor":19.0,"gold_loss":0.0,"damage_taken":0.0},{"damage_healed":0.0,"max_hp_gain":0.0,"max_hp_loss":0.0,"gold_gain":0.0,"cards_transformed":["Defend_P","Defend_P"],"event_name":"Drug Dealer","player_choice":"Became Test Subject","floor":21.0,"gold_loss":0.0,"damage_taken":0.0,"cards_obtained":["Swivel","SignatureMove"]},{"damage_healed":0.0,"max_hp_gain":0.0,"max_hp_loss":0.0,"gold_gain":0.0,"event_name":"Upgrade Shrine","player_choice":"Upgraded","floor":27.0,"gold_loss":0.0,"damage_taken":0.0,"cards_upgraded":["Adaptation"]}],"is_beta":false,"boss_relics":[{"not_picked":["Black Star","SlaversCollar"],"picked":"Empty Cage"},{"not_picked":["Coffee Dripper","Astrolabe"],"picked":"SacredBark"}],"items_purged_floors":[20,24,30],"is_endless":false,"potions_floor_spawned":[8,11,12,16,22,25,29,31,35,37],"killed_by":"Reptomancer","ascension_level":15}}