{"host":"gobyjzz6xbwq9f9i","time":1613358597,"event":{"mods":["AchievementEnabler","BaseMod","Bestiary","Colored Map","Minty Spire (QoL Compilation)","Relic Stats","ojb\u0027s Info Mod"],"gold_per_floor":[119,137,155,155,179,27,46,90,138,175,187,223,235,247,247],"floor_reached":14,"language":"ENG","playtime":492,"items_purged":[],"score":141,"play_id":"f4f170d7-a979-4909-98eb-2afaefa70d4f","local_time":"20210214190957","is_ascension_mode":true,"campfire_choices":[{"data":"Doom and Gloom","floor":11,"key":"SMITH"}],"circlet_count":0,"master_deck":["AscendersBane","Strike_B","Strike_B","Strike_B","Strike_B","Defend_B","Defend_B","Defend_B","Defend_B","Zap","Dualcast","Sweeping Beam","Steam","Ball Lightning","Auto Shields","Leap","Doom and Gloom+1","Steam Power","Compile Driver"],"relics":["Cracked Core","Golden Idol","Bronze Scales","Potion Belt","MawBank","Mummified Hand"],"acts_visited":["Exordium"],"potions_floor_usage":[8,10,14],"damage_taken":[{"damage":5,"enemies":"Small Slimes","floor":1,"turns":4},{"damage":8,"enemies":"Jaw Worm","floor":2,"turns":4},{"damage":1,"enemies":"2 Louse","floor":3,"turns":2},{"damage":7,"enemies":"Looter","floor":5,"turns":3},{"damage":3,"enemies":"2 Fungi Beasts","floor":7,"turns":3},{"damage":10,"enemies":"3 Sentries","floor":8,"turns":6},{"damage":8,"enemies":"Gremlin Gang","floor":10,"turns":3},{"damage":9,"enemies":"Exordium Wildlife","floor":12,"turns":4},{"damage":9,"enemies":"Lagavulin","floor":14,"turns":2}],"seed_played":"9052454811115647702","potions_obtained":[{"floor":3,"key":"SteroidPotion"},{"floor":5,"key":"BlessingOfTheForge"},{"floor":10,"key":"Dexterity Potion"},{"floor":12,"key":"SneckoOil"}],"is_trial":false,"path_per_floor":["M","M","M","?","M","$","M","E","T","M","R","M","?","E"],"character_chosen":"DEFECT","items_purchased":["Bronze Scales"],"campfire_rested":0,"item_purchase_floors":[6],"current_hp_per_floor":[70,62,61,61,54,54,51,41,41,33,33,24,6,0,0],"gold":247,"neow_bonus":"TEN_PERCENT_HP_BONUS","is_daily":false,"chose_seed":false,"campfire_upgraded":1,"win_rate":0.0,"timestamp":1613358597,"path_taken":["M","M","M","?","M","$","M","E","T","M","R","M","?","E"],"items_purchased_type":["Relic"],"build_version":"2020-12-22","purchased_purges":0,"victory":false,"max_hp_per_floor":[82,82,82,76,76,76,76,76,76,76,76,76,76,76,76],"relic_stats":{"counters":[9,31],"Golden Idol":28,"Mummified Hand":[0],"Bronze Scales":[47],"MawBank":60,"obtain_stats":[{"Potion Belt":8,"Golden Idol":4,"Mummified Hand":13,"Bronze Scales":6,"Cracked Core":0,"MawBank":9},{"Potion Belt":6,"Golden Idol":3,"Mummified Hand":8,"Bronze Scales":4,"Cracked Core":0,"MawBank":6},{"Potion Belt":22,"Golden Idol":10,"Mummified Hand":29,"Bronze Scales":13,"Cracked Core":0,"MawBank":22}]},"card_choices":[{"not_picked":["Chill","Storm"],"picked":"Sweeping Beam","floor":1},{"not_picked":["Consume","Sweeping Beam"],"picked":"Steam","floor":2},{"not_picked":["Force Field","Lockon"],"picked":"Ball Lightning","floor":3},{"not_picked":["Go for the Eyes","Hologram"],"picked":"Auto Shields","floor":5},{"not_picked":["Blizzard","Thunder Strike"],"picked":"Leap","floor":7},{"not_picked":["Hologram","Stack"],"picked":"Doom and Gloom","floor":8},{"not_picked":["Coolheaded","Turbo"],"picked":"Steam Power","floor":10},{"not_picked":["Go for the Eyes","Scrape"],"picked":"Compile Driver","floor":12}],"player_experience":1359499,"relics_obtained":[{"floor":8,"key":"Potion Belt"},{"floor":9,"key":"MawBank"}],"event_choices":[{"damage_healed":0,"gold_gain":0,"player_choice":"Lose Max HP","damage_taken":0,"relics_obtained":["Golden Idol"],"max_hp_gain":0,"max_hp_loss":6,"event_name":"Golden Idol","floor":4,"gold_loss":0},{"damage_healed":0,"gold_gain":0,"player_choice":"Success","damage_taken":18,"relics_obtained":["Mummified Hand"],"max_hp_gain":0,"max_hp_loss":0,"event_name":"Scrap Ooze","floor":13,"gold_loss":0}],"is_beta":false,"boss_relics":[],"items_purged_floors":[],"is_endless":false,"potions_floor_spawned":[3,5,10,12],"killed_by":"Lagavulin","ascension_level":10}}