{"host":"52m1o8iwwagurbjs","time":1613351413,"event":{"mods":["AchievementEnabler","BaseMod","Bestiary","Challenge The Spire","Colored Powertips","GifTheSpireLib","Minty Spire (QoL Compilation)","Quick Restart","Relic Stats","StSLib"],"gold_per_floor":[111,54,81,113,142,186,214,254,291,317,342,55,55,55,55,157,157,168,186,186,32,42,42,77,77,77,77,111,111,111,140,140,241,241,253,253,301,301,313,338,338,373,399,399,452,452,465,465,465,465,465,465,4,32,32,32],"floor_reached":55,"language":"ENG","playtime":3435,"items_purged":["Strike_G","Pain"],"score":958,"play_id":"f62ad46d-b8cb-4b85-8c67-8cfe1070cd86","local_time":"20210214201013","is_ascension_mode":true,"campfire_choices":[{"data":"After Image","floor":13.0,"key":"SMITH"},{"data":"Bouncing Flask","floor":15.0,"key":"SMITH"},{"data":"Burst","floor":23.0,"key":"SMITH"},{"data":"Adrenaline","floor":25.0,"key":"SMITH"},{"data":"Crippling Poison","floor":27.0,"key":"SMITH"},{"data":"Well Laid Plans","floor":32.0,"key":"SMITH"},{"floor":41.0,"key":"RECALL"},{"floor":44.0,"key":"REST"},{"floor":46.0,"key":"REST"},{"floor":49.0,"key":"REST"},{"floor":52.0,"key":"REST"}],"circlet_count":0,"master_deck":["Defend_G","Defend_G","Defend_G","Defend_G","Defend_G","Survivor","Neutralize+1","Dagger Spray","Slice+1","Bouncing Flask+1","Acrobatics","PiercingWail","Crippling Poison+1","Backflip","Dagger Throw","Blade Dance","After Image+1","Adrenaline+1","Burst+1","Footwork+1","Finisher+1","Phantasmal Killer+1","Blur","Well Laid Plans+1","Ghostly","Ghostly","Ghostly","Ghostly","Ghostly","Terror","Envenom","Outmaneuver+1","Finesse","Deflect+1","Storm of Steel"],"relics":["Ring of the Snake","MawBank","Question Card","Blood Vial","Boot","Whetstone","Astrolabe","TwistedFunnel","MealTicket","Bottled Tornado","Pen Nib","Strawberry","Fusion Hammer","Tingsha","Thread and Needle","Singing Bowl","Anchor","WarpedTongs","Membership Card","Snake Skull","Centennial Puzzle","Unceasing Top"],"acts_visited":["Exordium","TheCity","TheBeyond","TheEnding"],"potions_floor_usage":[55],"damage_taken":[{"damage":3.0,"enemies":"Jaw Worm","floor":1.0,"turns":5.0},{"damage":1.0,"enemies":"Cultist","floor":3.0,"turns":4.0},{"damage":5.0,"enemies":"Small Slimes","floor":4.0,"turns":3.0},{"damage":17.0,"enemies":"Exordium Thugs","floor":5.0,"turns":5.0},{"damage":19.0,"enemies":"Gremlin Nob","floor":6.0,"turns":5.0},{"damage":5.0,"enemies":"Looter","floor":7.0,"turns":4.0},{"damage":25.0,"enemies":"3 Sentries","floor":8.0,"turns":8.0},{"damage":0.0,"enemies":"2 Fungi Beasts","floor":10.0,"turns":3.0},{"damage":5.0,"enemies":"Large Slime","floor":11.0,"turns":6.0},{"damage":1.0,"enemies":"Hexaghost","floor":16.0,"turns":8.0},{"damage":0.0,"enemies":"Chosen","floor":18.0,"turns":3.0},{"damage":14.0,"enemies":"2 Thieves","floor":19.0,"turns":4.0},{"damage":3.0,"enemies":"Snake Plant","floor":22.0,"turns":3.0},{"damage":23.0,"enemies":"Slavers","floor":24.0,"turns":7.0},{"damage":6.0,"enemies":"Book of Stabbing","floor":28.0,"turns":7.0},{"damage":0.0,"enemies":"Gremlin Leader","floor":31.0,"turns":6.0},{"damage":18.0,"enemies":"Collector","floor":33.0,"turns":10.0},{"damage":0.0,"enemies":"3 Darklings","floor":35.0,"turns":2.0},{"damage":0.0,"enemies":"2 Orb Walkers","floor":37.0,"turns":6.0},{"damage":0.0,"enemies":"3 Shapes","floor":39.0,"turns":7.0},{"damage":0.0,"enemies":"Reptomancer","floor":40.0,"turns":7.0},{"damage":2.0,"enemies":"Giant Head","floor":42.0,"turns":7.0},{"damage":0.0,"enemies":"Maw","floor":47.0,"turns":8.0},{"damage":3.0,"enemies":"Donu and Deca","floor":50.0,"turns":10.0},{"damage":1.0,"enemies":"Shield and Spear","floor":54.0,"turns":8.0},{"damage":49,"enemies":"The Heart","floor":55,"turns":10}],"seed_played":"8998900250361420169","potions_obtained":[{"floor":4.0,"key":"SpeedPotion"},{"floor":6.0,"key":"Block Potion"},{"floor":11.0,"key":"SkillPotion"},{"floor":18.0,"key":"PowerPotion"},{"floor":19.0,"key":"Swift Potion"},{"floor":31.0,"key":"FearPotion"},{"floor":37.0,"key":"Swift Potion"},{"floor":39.0,"key":"CultistPotion"}],"is_trial":false,"path_per_floor":["M","?","M","M","M","E","M","E","T","M","M","$","R","?","R","B",null,"M","M","?","$","M","R","E","R","T","R","E","?","?","E","R","B",null,"M","?","?","$","M","E","R","E","T","R","T","R","M","?","R","B",null,"R","$","E","B"],"character_chosen":"THE_SILENT","items_purchased":["After Image","Whetstone","TwistedFunnel","Membership Card","Snake Skull","Centennial Puzzle","Storm of Steel","PowerPotion"],"campfire_rested":4,"item_purchase_floors":[12,12,21,53,53,53,53,53],"current_hp_per_floor":[74,74,73,68,51,32,27,2,2,4,1,1,1,1,1,2,77,77,63,63,63,62,62,41,41,41,41,37,37,37,45,45,27,45,45,45,45,45,45,45,45,45,45,47,47,47,47,47,47,44,47,47,47,48,0,0],"gold":32,"neow_bonus":"TEN_PERCENT_HP_BONUS","is_daily":false,"chose_seed":false,"campfire_upgraded":6,"win_rate":0.0,"timestamp":1613351413,"path_taken":["M","?","M","M","?","E","M","E","T","M","M","$","R","?","R","BOSS","M","M","?","$","M","R","E","R","T","R","E","?","?","E","R","BOSS","M","?","?","?","M","E","R","E","T","R","?","R","?","?","R","BOSS","R","$","E","BOSS"],"items_purchased_type":["Card","Relic","Relic","Relic","Relic","Relic","Card","Potion"],"build_version":"2020-12-22","purchased_purges":2,"victory":false,"max_hp_per_floor":[77,77,77,77,77,77,77,77,77,77,77,77,77,77,77,77,77,77,77,77,77,77,77,77,77,77,77,77,77,38,45,45,45,45,45,45,45,45,45,45,45,47,47,47,47,47,47,47,47,47,47,47,47,49,49,49],"relic_stats":{"Singing Bowl":4,"counters":[26,156],"Astrolabe":["Footwork","Finisher","Phantasmal Killer"],"Tingsha":[103],"Pen Nib":[14],"Snake Skull":[21],"Whetstone":["Neutralize","Slice"],"MawBank":120,"Question Card":21,"Boot":[124],"WarpedTongs":[28],"Blood Vial":14,"Centennial Puzzle":[6],"MealTicket":0,"obtain_stats":[{"TwistedFunnel":21,"Singing Bowl":42,"Astrolabe":17,"Tingsha":37,"Thread and Needle":40,"Pen Nib":28,"Snake Skull":53,"Whetstone":12,"Bottled Tornado":26,"MawBank":2,"Question Card":6,"Boot":9,"WarpedTongs":48,"Blood Vial":8,"Anchor":45,"Centennial Puzzle":53,"Strawberry":31,"MealTicket":24,"Fusion Hammer":34,"Membership Card":53,"Unceasing Top":54,"Ring of the Snake":0},{"TwistedFunnel":12,"Singing Bowl":22,"Astrolabe":10,"Tingsha":19,"Thread and Needle":21,"Pen Nib":15,"Snake Skull":24,"Whetstone":9,"Bottled Tornado":14,"MawBank":1,"Question Card":5,"Boot":7,"WarpedTongs":23,"Blood Vial":7,"Anchor":22,"Centennial Puzzle":24,"Strawberry":16,"MealTicket":14,"Fusion Hammer":17,"Membership Card":24,"Unceasing Top":25,"Ring of the Snake":0},{"TwistedFunnel":58,"Singing Bowl":120,"Astrolabe":51,"Tingsha":99,"Thread and Needle":113,"Pen Nib":75,"Snake Skull":138,"Whetstone":43,"Bottled Tornado":68,"MawBank":5,"Question Card":22,"Boot":34,"WarpedTongs":128,"Blood Vial":34,"Anchor":120,"Centennial Puzzle":138,"Strawberry":81,"MealTicket":68,"Fusion Hammer":91,"Membership Card":138,"Unceasing Top":146,"Ring of the Snake":0}],"Unceasing Top":[6],"Ring of the Snake":[52]},"card_choices":[{"not_picked":["Dodge and Roll","Deadly Poison"],"picked":"Dagger Spray","floor":1.0},{"not_picked":["Acrobatics","Dodge and Roll"],"picked":"Slice","floor":3.0},{"not_picked":["Underhanded Strike","Deflect"],"picked":"Bouncing Flask","floor":4.0},{"not_picked":["Slice","Heel Hook"],"picked":"Acrobatics","floor":5.0},{"not_picked":["Bullet Time","Slice"],"picked":"PiercingWail","floor":6.0},{"not_picked":["Blade Dance","Dodge and Roll","Deflect"],"picked":"Crippling Poison","floor":7.0},{"not_picked":["Backstab","Blade Dance","Endless Agony"],"picked":"Backflip","floor":8.0},{"not_picked":["Quick Slash","Predator","Well Laid Plans"],"picked":"Dagger Throw","floor":10.0},{"not_picked":["Underhanded Strike","Sucker Punch","Quick Slash","Blade Dance"],"picked":"SKIP","floor":11.0},{"not_picked":["Underhanded Strike","Sucker Punch","Quick Slash"],"picked":"Blade Dance","floor":11.0},{"not_picked":["Tools of the Trade","Phantasmal Killer","Adrenaline"],"picked":"Burst","floor":16.0},{"not_picked":["Predator","Flying Knee","Sucker Punch"],"picked":"Blur","floor":18.0},{"not_picked":["PiercingWail+1","Cloak And Dagger","Slice+1","Deadly Poison+1"],"picked":"SKIP","floor":19.0},{"not_picked":["Endless Agony+1","Blur","Bane","Dodge and Roll+1"],"picked":"SKIP","floor":22.0},{"not_picked":["Tools of the Trade","Bouncing Flask","Cloak And Dagger","Dash"],"picked":"SKIP","floor":24.0},{"not_picked":["Bane+1","Backstab","Crippling Poison","Dagger Throw"],"picked":"SKIP","floor":28.0},{"not_picked":["Expertise","Acrobatics+1","Dagger Spray"],"picked":"Terror","floor":31.0},{"not_picked":["Doppelganger","Glass Knife","Grand Finale"],"picked":"Envenom","floor":33.0},{"not_picked":["Dagger Spray","Cloak And Dagger","Deadly Poison"],"picked":"Outmaneuver+1","floor":35.0},{"not_picked":["Impatience","Dark Shackles","Mind Blast"],"picked":"Finesse","floor":36.0},{"not_picked":["Acrobatics","All Out Attack+1","Blade Dance","Masterful Stab"],"picked":"SKIP","floor":39.0},{"not_picked":["Deadly Poison+1","Dagger Spray+1","Sucker Punch+1","Dagger Throw+1"],"picked":"SKIP","floor":40.0},{"not_picked":["Predator","Blur+1","Slice+1","Sucker Punch"],"picked":"Singing Bowl","floor":42.0},{"not_picked":["Sucker Punch","Poisoned Stab","Tactician"],"picked":"Deflect+1","floor":47.0},{"not_picked":["Poisoned Stab+1","Tools of the Trade","Flying Knee+1","Blade Dance"],"picked":"Singing Bowl","floor":54.0}],"player_experience":1357164,"relics_obtained":[{"floor":6.0,"key":"Question Card"},{"floor":8.0,"key":"Blood Vial"},{"floor":9.0,"key":"Boot"},{"floor":24.0,"key":"MealTicket"},{"floor":26.0,"key":"Bottled Tornado"},{"floor":28.0,"key":"Pen Nib"},{"floor":31.0,"key":"Strawberry"},{"floor":37.0,"key":"Tingsha"},{"floor":40.0,"key":"Thread and Needle"},{"floor":42.0,"key":"Singing Bowl"},{"floor":45.0,"key":"Anchor"},{"floor":54.0,"key":"Unceasing Top"}],"event_choices":[{"damage_healed":0.0,"max_hp_gain":0.0,"max_hp_loss":0.0,"gold_gain":0.0,"event_name":"WeMeetAgain","player_choice":"Paid Gold","floor":2.0,"gold_loss":57.0,"damage_taken":0.0,"relics_obtained":["MawBank"]},{"damage_healed":0.0,"max_hp_gain":0.0,"max_hp_loss":0.0,"gold_gain":0.0,"cards_transformed":["Strike_G"],"event_name":"Transmorgrifier","player_choice":"Transformed","floor":14.0,"gold_loss":0.0,"damage_taken":0.0,"cards_obtained":["Adrenaline"]},{"damage_healed":0.0,"max_hp_gain":0.0,"max_hp_loss":0.0,"gold_gain":0.0,"event_name":"Vampires","player_choice":"Ignored","floor":20.0,"gold_loss":0.0,"damage_taken":0.0},{"damage_healed":0.0,"max_hp_gain":0.0,"max_hp_loss":0.0,"gold_gain":0.0,"event_name":"The Library","player_choice":"Read","floor":29.0,"gold_loss":0.0,"damage_taken":0.0,"cards_obtained":["Well Laid Plans"]},{"damage_healed":0.0,"max_hp_gain":0.0,"max_hp_loss":39.0,"gold_gain":0.0,"event_name":"Ghosts","player_choice":"Became a Ghost","floor":30.0,"gold_loss":0.0,"damage_taken":0.0,"cards_obtained":["Ghostly","Ghostly","Ghostly","Ghostly","Ghostly"]},{"damage_healed":0.0,"max_hp_gain":0.0,"max_hp_loss":0.0,"gold_gain":0.0,"event_name":"SensoryStone","player_choice":"Memory 1","floor":36.0,"gold_loss":0.0,"damage_taken":0.0},{"damage_healed":0.0,"max_hp_gain":0.0,"max_hp_loss":0.0,"gold_gain":0.0,"event_name":"Mysterious Sphere","player_choice":"Fight","floor":37.0,"gold_loss":0.0,"damage_taken":0.0},{"damage_healed":0.0,"max_hp_gain":0.0,"max_hp_loss":0.0,"gold_gain":0.0,"event_name":"Accursed Blacksmith","player_choice":"Rummage","floor":48.0,"gold_loss":0.0,"damage_taken":0.0,"relics_obtained":["WarpedTongs"],"cards_obtained":["Pain"]}],"is_beta":false,"boss_relics":[{"not_picked":["Ectoplasm","Black Star"],"picked":"Astrolabe"},{"not_picked":["Sozu","HoveringKite"],"picked":"Fusion Hammer"}],"items_purged_floors":[12,53],"is_endless":false,"potions_floor_spawned":[4,6,11,18,19,31,37,39],"killed_by":"The Heart","ascension_level":1}}