{"host":"1dj9npbb6xcuhhm7","time":1613415505,"event":{"mods":["BaseMod","Colored Map","Colored Powertips","Downfall","Googly Eyes","Highlight Path","Marisa????????","Minty Spire (QoL Compilation)","Rare Cards Sparkle","StSLib"],"gold_per_floor":[99,99,119,135,154,168,241,18,18,29,56,56,70,7,23,120,120,20,30,30,42,59,77,77,112,112,131,131,131,131,16,36,36,36,36],"floor_reached":33,"language":"ENG","playtime":2965,"items_purged":["Guardian:Strike_Guardian"],"score":296,"play_id":"237eb2b0-379d-4de0-ad35-cfaf72b20eba","local_time":"20210215125825","is_ascension_mode":false,"campfire_choices":[{"data":"Guardian:TwinSlam","floor":1,"key":"SMITH"},{"data":"Mayhem","floor":12,"key":"SMITH"},{"data":"Guardian:ShieldCharger","floor":18,"key":"SMITH"},{"data":"Guardian:RollAttack","floor":28,"key":"SMITH"},{"data":"Guardian:PiercingHide","floor":30,"key":"SMITH"}],"circlet_count":0,"master_deck":["Guardian:Strike_Guardian","Guardian:Strike_Guardian","Guardian:Strike_Guardian","Guardian:Defend_Guardian","Guardian:Defend_Guardian","Guardian:Defend_Guardian","Guardian:Defend_Guardian","Guardian:CurlUp+1","Guardian:TwinSlam+1","Guardian:RollAttack+1","Guardian:ChargeCore","Guardian:ChargeCore","Guardian:Repulse","Mayhem+1","Guardian:PiercingHide+1","Guardian:ShieldCharger+1","Guardian:MultiBeam","Guardian:TimeSifter","Pride","Guardian:TimeCapacitor+1","Guardian:PrismaticBarrier+1","downfall:Bewildered","Guardian:Gem_Green"],"relics":["Guardian:ModeShifter","Ornamental Fan","Orichalcum","Busted Crown","downfall:HeartBlessingGreen","Centennial Puzzle","Mercury Hourglass","Pear","sneckomod:BabySnecko"],"acts_visited":["Exordium","TheCity"],"potions_floor_usage":[11,11,16,25,33,33],"damage_taken":[{"damage":0,"enemies":"2 Louse","floor":3,"turns":2},{"damage":0,"enemies":"Cultist","floor":4,"turns":3},{"damage":0,"enemies":"Small Slimes","floor":5,"turns":3},{"damage":5,"enemies":"downfall:LooterAlt","floor":6,"turns":3},{"damage":0,"enemies":"downfall:FleeingMerchant","floor":8,"turns":4},{"damage":11,"enemies":"Large Slime","floor":10,"turns":7},{"damage":9,"enemies":"Gremlin Nob","floor":11,"turns":3},{"damage":3,"enemies":"Exordium Wildlife","floor":13,"turns":5},{"damage":0,"enemies":"downfall:FleeingMerchant","floor":14,"turns":4},{"damage":15,"enemies":"Gremlin Gang","floor":15,"turns":6},{"damage":37,"enemies":"IC_STATUS_ARCHETYPE","floor":16,"turns":12},{"damage":4,"enemies":"downfall:LooterAlt2","floor":19,"turns":5},{"damage":1,"enemies":"Chosen","floor":21,"turns":5},{"damage":10,"enemies":"Shelled Parasite and Fungi","floor":22,"turns":4},{"damage":8,"enemies":"Centurion and Healer","floor":23,"turns":7},{"damage":14,"enemies":"Gremlin Leader","floor":25,"turns":6},{"damage":0,"enemies":"3 Cultists","floor":27,"turns":5},{"damage":0,"enemies":"downfall:FleeingMerchant","floor":31,"turns":4},{"damage":2,"enemies":"Snecko","floor":32,"turns":4},{"damage":66,"enemies":"SI_MIRROR_ARCHETYPE","floor":33,"turns":12}],"seed_played":"8620978408729603847","potions_obtained":[{"floor":5,"key":"bronze:BurnAndBuffPotion"},{"floor":6,"key":"Weak Potion"},{"floor":15,"key":"EssenceOfSteel"},{"floor":21,"key":"sneckomod:MuddlingPotion"},{"floor":25,"key":"Weak Potion"},{"floor":27,"key":"bronze:BurnAndBuffPotion"}],"is_trial":false,"path_per_floor":["R","?","M","M","M","M","T","$","?","M","E","R","M","$","M","B",null,"R","M","?","M","M","M","T","E","?","M","R","?","R","$","M","B"],"character_chosen":"GUARDIAN","items_purchased":["Mayhem","Guardian:Gem_Cyan","Guardian:ShieldCharger","Guardian:Gem_Green"],"campfire_rested":0,"item_purchase_floors":[8,8,14,31],"current_hp_per_floor":[88,88,88,88,88,83,83,83,83,72,63,63,60,60,45,8,88,88,84,84,83,73,65,65,61,61,61,61,61,61,61,59,0,0,0],"gold":36,"neow_bonus":"TEN_PERCENT_HP_BONUS","is_daily":false,"chose_seed":false,"campfire_upgraded":5,"win_rate":0.0,"timestamp":1613415505,"path_taken":["R","?","M","M","?","M","T","$","?","M","E","R","M","$","M","BOSS","R","M","?","M","M","M","T","E","?","M","R","?","R","$","M","BOSS"],"items_purchased_type":["Card","Card","Card","Card"],"build_version":"2020-12-22","purchased_purges":1,"victory":false,"max_hp_per_floor":[88,88,88,88,88,88,88,88,88,88,88,88,88,88,88,88,88,88,88,88,88,88,88,88,98,98,98,98,98,98,98,98,98,98,98],"card_choices":[{"not_picked":["Guardian:BodySlam","Guardian:ShieldCharger"],"picked":"Guardian:RollAttack","floor":3},{"not_picked":["Guardian:TemporalShield","Guardian:BodySlam"],"picked":"Guardian:ChargeCore","floor":4},{"not_picked":["Guardian:MultiBeam","Guardian:ChargeCore"],"picked":"Guardian:Gem_Lightblue","floor":5},{"not_picked":["Guardian:WalkerClaw","Guardian:CrystalBeam"],"picked":"Guardian:ChargeCore","floor":6},{"not_picked":["Guardian:ChargeCore","Guardian:MultiBeam"],"picked":"Guardian:Repulse","floor":8},{"not_picked":["Guardian:Suspension","Guardian:StasisStrike","Guardian:CrystalBeam"],"picked":"SKIP","floor":10},{"not_picked":["Guardian:TimeCapacitor","Guardian:PrismaticBeam"],"picked":"Guardian:PiercingHide","floor":11},{"not_picked":["Guardian:CrystalBeam","Guardian:RefractedBeam"],"picked":"Guardian:Gem_Purple","floor":13},{"not_picked":["Guardian:Suspension","Guardian:Harden","Guardian:RollAttack"],"picked":"SKIP","floor":14},{"not_picked":["Guardian:ChargeCore","Guardian:ShieldCharger"],"picked":"Guardian:MultiBeam","floor":15},{"not_picked":["Guardian:StasisField","Guardian:HyperBeam_Guardian"],"picked":"Guardian:TimeSifter","floor":16},{"not_picked":["Guardian:TemporalStrike"],"picked":"SKIP","floor":19},{"not_picked":[],"picked":"Guardian:Gem_Crimson","floor":21},{"not_picked":[],"picked":"Guardian:TimeCapacitor+1","floor":22},{"not_picked":[],"picked":"Guardian:Gem_Green","floor":23},{"not_picked":["Guardian:PrismaticBarrier+1"],"picked":"SKIP","floor":25},{"not_picked":[],"picked":"Guardian:PrismaticBarrier+1","floor":25},{"not_picked":["Guardian:Emergency"],"picked":"SKIP","floor":27},{"not_picked":["Guardian:ArmoredProtocol"],"picked":"SKIP","floor":31},{"not_picked":["Guardian:Repulse"],"picked":"SKIP","floor":32}],"player_experience":34853,"relics_obtained":[{"floor":7,"key":"Ornamental Fan"},{"floor":11,"key":"Orichalcum"},{"floor":24,"key":"Mercury Hourglass"},{"floor":25,"key":"Pear"}],"event_choices":[{"damage_healed":0,"gold_gain":0,"player_choice":"Stole Relic","damage_taken":0,"relics_obtained":["Centennial Puzzle"],"max_hp_gain":0,"max_hp_loss":0,"event_name":"Addict","floor":20,"gold_loss":0,"cards_obtained":["Pride"]},{"damage_healed":0,"gold_gain":0,"player_choice":"Ignored","damage_taken":0,"max_hp_gain":0,"max_hp_loss":0,"event_name":"Vampires","floor":26,"gold_loss":0}],"is_beta":false,"boss_relics":[{"not_picked":["Snecko Eye","bronze:MakeshiftBattery"],"picked":"Busted Crown"}],"items_purged_floors":[31],"is_endless":false,"potions_floor_spawned":[5,6,15,21,25,27],"killed_by":"SI_MIRROR_ARCHETYPE","ascension_level":0}}