{"host":"i3z0gcxurea6197v","time":1613416399,"event":{"mods":["Aspiration","BaseMod","Conspire","Energized Spire","Hubris","Minty Spire (QoL Compilation)","Permanent Neow","Relic Filter Mod","Relic Stats","Reliquary","Replay The Spire","Shop Mod","StSLib","SuperFastMode","Virulent Crown","Weighted Paths"],"gold_per_floor":[111,111,111,127,127,155,155,166,192,192,209,228,251,270,270,360,360,381,118,118,152,183,183,192,192],"floor_reached":24,"language":"RUS","playtime":1205,"items_purged":["Normality"],"score":396,"play_id":"0c04ae4b-e56d-4360-9954-bdd014fc9129","local_time":"20210216001319","is_ascension_mode":true,"campfire_choices":[{"floor":7.0,"key":"REST"},{"floor":10.0,"key":"REST"},{"data":"Catalyst","floor":15.0,"key":"SMITH"},{"floor":23,"key":"REST"}],"circlet_count":0,"master_deck":["AscendersBane","Strike_G","Strike_G","Strike_G","Strike_G","Strike_G","Defend_G","Defend_G","Defend_G","Defend_G","Defend_G","Survivor+1","Neutralize+1","After Image+1","Backstab","Venomology","Deadly Poison","Deadly Poison","Dagger Spray","Catalyst+1","Injury","Normality","Prepared","Bouncing Flask"],"relics":["reliquary:Ember","Pet Ghost","Replay:Bandana","Boot","Replay:Ancient Bell","Potion Belt","Replay:Bottled Flurry","aspiration:SneckoTail","conspire:TreasureMap"],"acts_visited":["Exordium","TheCity"],"potions_floor_usage":[22,24,24],"damage_taken":[{"damage":11.0,"enemies":"Small Slimes","floor":1.0,"turns":5.0},{"damage":3.0,"enemies":"Jaw Worm","floor":4.0,"turns":5.0},{"damage":39.0,"enemies":"Gremlin Nob","floor":6.0,"turns":6.0},{"damage":0.0,"enemies":"2 Louse","floor":8.0,"turns":2.0},{"damage":6.0,"enemies":"Red Slaver","floor":11.0,"turns":3.0},{"damage":3.0,"enemies":"Exordium Thugs","floor":12.0,"turns":6.0},{"damage":0.0,"enemies":"2 Fungi Beasts","floor":14.0,"turns":3.0},{"damage":19.0,"enemies":"Hexaghost","floor":16.0,"turns":9.0},{"damage":30.0,"enemies":"Chosen","floor":18.0,"turns":8.0},{"damage":15,"enemies":"Shell Parasite","floor":21,"turns":6},{"damage":27,"enemies":"Centurion and Healer","floor":22,"turns":9},{"damage":23,"enemies":"Gremlin Leader","floor":24,"turns":3}],"seed_played":"-5968545295153130782","potions_obtained":[{"floor":1.0,"key":"Explosive Potion"},{"floor":6.0,"key":"PowerPotion"},{"floor":14.0,"key":"Dexterity Potion"},{"floor":16.0,"key":"FairyPotion"},{"floor":22,"key":"EssenceOfSteel"}],"is_trial":false,"path_per_floor":["M","?","?","M","?","E","R","M","T","R","M","M","T","M","R","B",null,"M","$","?","M","M","R","E"],"character_chosen":"THE_SILENT","items_purchased":["conspire:TreasureMap","Prepared"],"campfire_rested":3,"item_purchase_floors":[19,19],"current_hp_per_floor":[48,48,48,45,45,6,25,25,25,44,38,35,35,35,35,16,54,24,24,24,9,3,22,0,0],"gold":192,"neow_bonus":"BOSS_RELIC","is_daily":false,"chose_seed":false,"campfire_upgraded":1,"win_rate":0.0,"timestamp":1613416399,"path_taken":["M","?","?","M","?","E","R","M","T","R","M","?","?","M","R","BOSS","M","$","?","M","M","R","E"],"items_purchased_type":["Relic","Card"],"build_version":"2020-12-22","purchased_purges":1,"victory":false,"max_hp_per_floor":[66,66,66,66,66,66,66,66,66,66,66,66,66,66,66,66,66,66,66,66,66,66,66,66,66],"relic_stats":{"counters":[12,65],"Boot":[39],"obtain_stats":[{"Potion Belt":17,"Replay:Bandana":9,"conspire:TreasureMap":19,"aspiration:SneckoTail":17,"reliquary:Ember":0,"Replay:Ancient Bell":17,"Replay:Bottled Flurry":17,"Boot":13,"Pet Ghost":6,"Ring of the Snake":0},{"Potion Belt":8,"Replay:Bandana":4,"conspire:TreasureMap":9,"aspiration:SneckoTail":8,"reliquary:Ember":0,"Replay:Ancient Bell":8,"Replay:Bottled Flurry":8,"Boot":6,"Pet Ghost":3,"Ring of the Snake":0},{"Potion Belt":39,"Replay:Bandana":18,"conspire:TreasureMap":47,"aspiration:SneckoTail":39,"reliquary:Ember":0,"Replay:Ancient Bell":39,"Replay:Bottled Flurry":39,"Boot":27,"Pet Ghost":16,"Ring of the Snake":0}]},"card_choices":[{"not_picked":["Fluid Movement","Toxin Wave"],"picked":"PiercingWail","floor":1.0},{"not_picked":["Flying Knee","Deflect"],"picked":"Backstab","floor":4.0},{"not_picked":["hubris:TrickCloak","Dagger Throw"],"picked":"Venomology","floor":6.0},{"not_picked":["ReplayTheSpireMod:Shiv Toss","ReplayTheSpireMod:Speed Training"],"picked":"Deadly Poison","floor":8.0},{"not_picked":["Dash","Poisoned Stab"],"picked":"Deadly Poison","floor":11.0},{"not_picked":["hubris:SlightOfHand","Slice"],"picked":"Dagger Spray","floor":12.0},{"not_picked":["Dash","Flying Knee"],"picked":"Catalyst","floor":14.0},{"not_picked":["Decay","Pain"],"picked":"Injury","floor":17.0},{"not_picked":["ReplayTheSpireMod:Faulty Equipment","Delirium"],"picked":"Normality","floor":17.0},{"not_picked":["hubris:Disease","Amnesia"],"picked":"Normality","floor":17.0},{"not_picked":["Slice","Masterful Stab","ReplayTheSpireMod:Shiv Toss"],"picked":"SKIP","floor":18.0},{"not_picked":["Blade Dance","hubris:SlightOfHand","Atom Bomb"],"picked":"SKIP","floor":21},{"not_picked":["PiercingWail","Choke"],"picked":"Bouncing Flask","floor":22}],"player_experience":868396,"relics_obtained":[{"floor":6.0,"key":"Pet Ghost"},{"floor":9.0,"key":"Replay:Bandana"},{"floor":13.0,"key":"Boot"}],"event_choices":[{"damage_healed":0.0,"max_hp_gain":0.0,"max_hp_loss":0.0,"gold_gain":0.0,"event_name":"Accursed Blacksmith","player_choice":"Forge","floor":5.0,"gold_loss":0.0,"damage_taken":0.0,"cards_upgraded":["Survivor"]},{"damage_healed":0,"gold_gain":0,"player_choice":"Ignored","damage_taken":0,"max_hp_gain":0,"max_hp_loss":0,"event_name":"Vampires","floor":20,"gold_loss":0}],"is_beta":false,"boss_relics":[{"not_picked":["Replay:Bronze Core","aspiration:RandomNobGenerator"],"picked":"Replay:Ancient Bell"},{"not_picked":["reliquary:Knoch","Pen Nib"],"picked":"Potion Belt"},{"not_picked":["hubris:SphereOfDissonance","reliquary:NewFriend"],"picked":"Replay:Bottled Flurry"},{"not_picked":["Replay:Arrowhead","conspire:GlowingRock"],"picked":"aspiration:SneckoTail"}],"items_purged_floors":[19],"is_endless":false,"potions_floor_spawned":[1,6,11,14,16,22],"killed_by":"Gremlin Leader","ascension_level":20}}