{"host":"1ooxfz79hmpvpehx","time":1613423534,"event":{"mods":["BaseMod","Better Altar","Better Match","Better Note","Better Sensory Stone","Better Skull","Better Third Choice","Infinite Spire","Marked Mod","Minty Spire (QoL Compilation)","Quick Restart","RNG Fix","Replay The Spire","StSLib","SuperFastMode"],"gold_per_floor":[118,43,43,43,63,63,13,48,48,80,107,134,153,153,192,46,46,166,166,179,179,36,36,55,55,89,89,89,89,125,140,140,65,65,195,195,215,238,238,238,571,606,147,147,147],"floor_reached":44,"language":"ENG","playtime":1677,"items_purged":["Strike_B","Strike_B","Dualcast","Defend_B","Defend_B"],"score":625,"play_id":"4abde7bc-0f96-49cc-92e9-f667e56c00ad","local_time":"20210215181214","is_ascension_mode":true,"campfire_choices":[{"data":"Zap","floor":9,"key":"SMITH"},{"data":"Pot Of Greed","floor":25,"key":"SMITH"},{"data":"Crow Ritual","floor":27,"key":"SMITH"},{"data":"Electrodynamics","floor":29,"key":"SMITH"}],"circlet_count":0,"master_deck":["Defend_B","Defend_B","Zap+1","Conserve Battery","Tempest+1","Electrodynamics+1","FIFO Queue","Pot Of Greed+1","Pot Of Greed+1","Pot Of Greed+1","Crow Ritual+1","Hologram","Capacitor+1","Reboot","Crystallizer+1","Conserve Battery","Apotheosis"],"relics":["Cracked Core","NeowsBlessing","Happy Flower","Boot","Bag of Preparation","Geode","Omamori","Grinning Jar","Empty Cage","ReplayTheSpireMod:CursedCoin","Cables","WingedGreaves","InkBottle","ReplayFunnel","OrangePellets","Sozu","Gambling Chip","Toy Ornithopter","Strawberry"],"acts_visited":["Exordium","TheCity","TheBeyond"],"potions_floor_usage":[15,18,26,30,31,35],"damage_taken":[{"damage":0,"enemies":"Cultist","floor":1,"turns":1},{"damage":0,"enemies":"2 Louse","floor":5,"turns":1},{"damage":0,"enemies":"Gremlin Nob","floor":8,"turns":1},{"damage":26,"enemies":"Lagavulin","floor":10,"turns":8},{"damage":21,"enemies":"3 Sentries","floor":12,"turns":8},{"damage":0,"enemies":"Small Slimes","floor":13,"turns":2},{"damage":18,"enemies":"Gremlin Nob","floor":15,"turns":3},{"damage":3,"enemies":"Fading Forest","floor":18,"turns":11},{"damage":0,"enemies":"3 Byrds","floor":20,"turns":1},{"damage":11,"enemies":"Chosen","floor":24,"turns":4},{"damage":23,"enemies":"Slavers","floor":26,"turns":2},{"damage":0,"enemies":"Gremlin Leader","floor":30,"turns":4},{"damage":22,"enemies":"Snecko","floor":31,"turns":5},{"damage":6,"enemies":"Automaton","floor":35,"turns":5},{"damage":0,"enemies":"3 Shapes","floor":37,"turns":1},{"damage":12,"enemies":"Orb Walker","floor":38,"turns":2},{"damage":10,"enemies":"Giant Head","floor":42,"turns":4},{"damage":64,"enemies":"Nightmare","floor":44,"turns":5}],"seed_played":"-421355852780776724","potions_obtained":[{"floor":12,"key":"Elixir"},{"floor":13,"key":"Dexterity Potion"},{"floor":18,"key":"BlessingOfTheForge"},{"floor":24,"key":"SkillPotion"},{"floor":26,"key":"Explosive Potion"},{"floor":30,"key":"SkillPotion"},{"floor":31,"key":"Dexterity Potion"}],"is_trial":false,"path_per_floor":["M","$","PTL","PTL","M","?","?","E","R","E","T","E","M","?","E","$","R","B",null,"M","?","$","?","M","R","E","R","T","R","E","M","AVR","?","R","B",null,"M","M","?","AVR","?","E","$","NM"],"character_chosen":"DEFECT","items_purchased":["Grinning Jar","ReplayTheSpireMod:CursedCoin","Crow Ritual","Apotheosis","Strawberry"],"campfire_rested":0,"item_purchase_floors":[16,22,22,43,43],"current_hp_per_floor":[75,75,75,75,75,75,75,75,75,49,49,28,28,28,10,10,30,49,69,69,69,69,69,58,58,35,35,35,35,35,13,13,13,33,27,69,69,57,57,57,57,47,54,0,0],"gold":147,"neow_bonus":"THREE_ENEMY_KILL","is_daily":false,"chose_seed":false,"campfire_upgraded":4,"win_rate":0.0,"timestamp":1613423534,"path_taken":["M","$","PTL","PTL","M","?","?","E","R","E","T","E","M","?","E","$","R","BOSS","M","?","?","?","?","R","E","R","T","R","E","M","AVR","?","R","BOSS","M","M","?","AVR","?","E","$","NM"],"items_purchased_type":["Relic","Relic","Card","Card","Relic"],"build_version":"2020-12-22","purchased_purges":5,"victory":false,"max_hp_per_floor":[75,75,75,75,75,75,75,75,75,75,75,75,75,69,69,69,69,69,69,69,69,69,69,69,69,69,69,69,69,69,69,69,69,69,69,69,69,69,69,69,69,69,76,76,76],"card_choices":[{"not_picked":["Cold Snap","ReplayTheSpireMod:System Scan","Coolheaded"],"picked":"SKIP","floor":1},{"not_picked":["Leap","Beam Cell"],"picked":"Conserve Battery","floor":5},{"not_picked":["Loop","Rip and Tear","Rebound"],"picked":"SKIP","floor":8},{"not_picked":["Leap","Loop","Scrape"],"picked":"SKIP","floor":10},{"not_picked":["Stack","ReplaySolidLightProjector"],"picked":"Tempest","floor":12},{"not_picked":["ReplayTheSpireMod:Reroute Power","Panic Button"],"picked":"Electrodynamics","floor":13},{"not_picked":["Ball Lightning","Compile Driver"],"picked":"FIFO Queue","floor":15},{"not_picked":["Cold Snap","Coolheaded","Stack"],"picked":"SKIP","floor":20},{"not_picked":["ReplaySolidLightProjector","Rip and Tear+1"],"picked":"Hologram","floor":24},{"not_picked":["Coolheaded","Cold Snap"],"picked":"Capacitor+1","floor":26},{"not_picked":["Cold Snap","Panic Button","Rip and Tear"],"picked":"SKIP","floor":30},{"not_picked":["Cold Snap","Panic Button","Rip and Tear"],"picked":"SKIP","floor":30},{"not_picked":["Redo","Cold Snap","BasicCrystalCard"],"picked":"SKIP","floor":31},{"not_picked":["Core Surge","Creative AI"],"picked":"Reboot","floor":35},{"not_picked":["White Noise","Streamline"],"picked":"Crystallizer+1","floor":37},{"not_picked":["ReplayTheSpireMod:Calculation Training+1","White Noise"],"picked":"Conserve Battery","floor":38},{"not_picked":["Tempest","ReplayTheSpireMod:Reroute Power+1","Fusion+1"],"picked":"SKIP","floor":42}],"player_experience":28490,"relics_obtained":[{"floor":8,"key":"Happy Flower"},{"floor":10,"key":"Boot"},{"floor":11,"key":"Bag of Preparation"},{"floor":12,"key":"Geode"},{"floor":15,"key":"Omamori"},{"floor":26,"key":"WingedGreaves"},{"floor":28,"key":"InkBottle"},{"floor":30,"key":"ReplayFunnel"},{"floor":42,"key":"Toy Ornithopter"}],"event_choices":[{"damage_healed":75,"gold_gain":0,"player_choice":"Embrace Burn","damage_taken":0,"max_hp_gain":0,"max_hp_loss":75,"event_name":"betterThird:BetterShining","floor":6,"gold_loss":0},{"cards_removed":["Burn"],"damage_healed":0,"gold_gain":0,"player_choice":"Card Removal","damage_taken":0,"max_hp_gain":0,"max_hp_loss":0,"event_name":"The Cleric","floor":7,"gold_loss":50},{"damage_healed":0,"gold_gain":0,"player_choice":"Lose Max HP","damage_taken":0,"relics_obtained":["Golden Idol"],"max_hp_gain":0,"max_hp_loss":6,"event_name":"Golden Idol","floor":14,"gold_loss":0},{"damage_healed":0,"gold_gain":0,"player_choice":"Copied","damage_taken":0,"max_hp_gain":0,"max_hp_loss":0,"event_name":"Duplicator","floor":21,"gold_loss":0,"cards_obtained":["Pot Of Greed"]},{"damage_healed":0,"gold_gain":0,"player_choice":"Gave Potion","damage_taken":0,"relics_obtained":["Cables"],"max_hp_gain":0,"max_hp_loss":0,"event_name":"WeMeetAgain","floor":23,"gold_loss":0},{"damage_healed":0,"gold_gain":0,"player_choice":"2","damage_taken":0,"max_hp_gain":0,"max_hp_loss":0,"event_name":"betterMatch:BetterMatch","floor":33,"gold_loss":0,"cards_obtained":[]},{"damage_healed":0,"gold_gain":0,"player_choice":"Cursed","damage_taken":0,"max_hp_gain":0,"max_hp_loss":0,"event_name":"Wheel of Change","floor":39,"gold_loss":0,"cards_obtained":["Decay"]},{"damage_healed":0,"gold_gain":333,"player_choice":"Gave Idol","damage_taken":0,"max_hp_gain":0,"max_hp_loss":0,"event_name":"The Moai Head","floor":41,"relics_lost":["Golden Idol"],"gold_loss":0}],"is_beta":false,"boss_relics":[{"not_picked":["Honey Jar","Runic Dome"],"picked":"Empty Cage"},{"not_picked":["Painkiller Herb","Coffee Dripper"],"picked":"Sozu"}],"items_purged_floors":[2,22,32,40,43],"is_endless":false,"potions_floor_spawned":[12,13,18,24,26,30,31,38,42],"killed_by":"Nightmare","ascension_level":1}}