{"host":"syfsfjmzue8y1a6l","time":1613381196,"event":{"mods":["AchievementEnabler","BaseMod","Colored Map","DeckTracker","Minty Spire (QoL Compilation)","SuperFastMode"],"gold_per_floor":[110,120,136,156,174,200,200,211,235,235,235,254,264,151,151,246,246,262,162,172,185,200,226,226,244,322,322,339,339,339,339],"floor_reached":30,"language":"KOR","playtime":1531,"items_purged":["Strike_B","Strike_B"],"score":333,"play_id":"f8bab99d-a556-4777-b7fb-17d1db80a24c","local_time":"20210215182636","is_ascension_mode":false,"campfire_choices":[{"data":"Redo","floor":7,"key":"SMITH"},{"data":"Zap","floor":15,"key":"SMITH"},{"floor":24,"key":"REST"},{"floor":27,"key":"REST"}],"circlet_count":0,"master_deck":["Strike_B","Defend_B","Defend_B","Defend_B","Zap+1","Dualcast","Beam Cell","Redo+1","Go for the Eyes","Ball Lightning","Electrodynamics","Tempest","Chill","Tempest","Buffer","Redo","Defragment+1","Static Discharge","Reboot"],"relics":["Cracked Core","Potion Belt","Strawberry","Empty Cage","Turnip","Bottled Tornado"],"acts_visited":["Exordium","TheCity"],"potions_floor_usage":[6,21,22,23,23,30],"damage_taken":[{"damage":6,"enemies":"Jaw Worm","floor":1,"turns":3},{"damage":0,"enemies":"Small Slimes","floor":2,"turns":2},{"damage":0,"enemies":"2 Louse","floor":3,"turns":2},{"damage":2,"enemies":"Large Slime","floor":4,"turns":5},{"damage":10,"enemies":"Looter","floor":5,"turns":2},{"damage":9,"enemies":"3 Sentries","floor":6,"turns":5},{"damage":7,"enemies":"3 Louse","floor":8,"turns":3},{"damage":0,"enemies":"Blue Slaver","floor":12,"turns":2},{"damage":7,"enemies":"Exordium Thugs","floor":13,"turns":3},{"damage":0,"enemies":"Slime Boss","floor":16,"turns":4},{"damage":17,"enemies":"2 Thieves","floor":18,"turns":2},{"damage":5,"enemies":"Chosen","floor":20,"turns":3},{"damage":19,"enemies":"Sentry and Sphere","floor":21,"turns":4},{"damage":28,"enemies":"Centurion and Healer","floor":22,"turns":6},{"damage":24,"enemies":"Book of Stabbing","floor":23,"turns":3},{"damage":21,"enemies":"Snake Plant","floor":25,"turns":3},{"damage":15,"enemies":"Chosen and Byrds","floor":28,"turns":4},{"damage":9,"enemies":"Slavers","floor":30,"turns":1}],"seed_played":"8903827114601504263","potions_obtained":[{"floor":4,"key":"AttackPotion"},{"floor":5,"key":"Swift Potion"},{"floor":12,"key":"Energy Potion"},{"floor":16,"key":"Weak Potion"},{"floor":21,"key":"Weak Potion"},{"floor":22,"key":"AttackPotion"},{"floor":28,"key":"DuplicationPotion"}],"is_trial":false,"path_per_floor":["M","M","M","M","M","E","R","M","T","?","?","M","M","$","R","B",null,"M","$","M","M","M","E","R","M","T","R","M","?","E"],"character_chosen":"DEFECT","items_purchased":["Tempest"],"campfire_rested":2,"item_purchase_floors":[14],"current_hp_per_floor":[76,76,76,74,64,55,55,48,55,55,60,60,53,53,53,53,94,77,77,72,53,25,1,29,8,8,36,21,5,0,0],"gold":339,"neow_bonus":"TEN_PERCENT_HP_BONUS","is_daily":false,"chose_seed":false,"campfire_upgraded":2,"win_rate":0.0,"timestamp":1613381196,"path_taken":["M","M","M","M","M","E","R","M","T","?","?","M","M","$","R","BOSS","M","$","M","M","M","E","R","M","T","R","M","?","E"],"items_purchased_type":["Card"],"build_version":"2020-12-22","purchased_purges":2,"victory":false,"max_hp_per_floor":[82,82,82,82,82,82,82,82,89,89,94,94,94,94,94,94,94,94,94,94,94,94,94,94,94,94,94,94,94,94,94],"card_choices":[{"not_picked":["Steam","Scrape"],"picked":"Beam Cell","floor":1},{"not_picked":["Rebound","Steam"],"picked":"Redo","floor":2},{"not_picked":["Redo","Conserve Battery"],"picked":"Go for the Eyes","floor":3},{"not_picked":["Beam Cell","Rebound","Doom and Gloom"],"picked":"SKIP","floor":4},{"not_picked":["Beam Cell","Barrage"],"picked":"Ball Lightning","floor":5},{"not_picked":["Go for the Eyes","Undo","Rip and Tear"],"picked":"SKIP","floor":6},{"not_picked":["Aggregate","Rip and Tear"],"picked":"Electrodynamics","floor":8},{"not_picked":["Stack","Beam Cell"],"picked":"Tempest","floor":12},{"not_picked":["Turbo","Blizzard"],"picked":"Chill","floor":13},{"not_picked":["Multi-Cast","Echo Form"],"picked":"Buffer","floor":16},{"not_picked":["Streamline+1","Undo","Sweeping Beam"],"picked":"SKIP","floor":18},{"not_picked":["Chaos","Genetic Algorithm+1"],"picked":"Redo","floor":20},{"not_picked":["Conserve Battery","FTL","Glacier"],"picked":"SKIP","floor":21},{"not_picked":["Coolheaded","Gash+1"],"picked":"Defragment+1","floor":22},{"not_picked":["Barrage+1","Cold Snap+1"],"picked":"Static Discharge","floor":23},{"not_picked":["Stack","Gash"],"picked":"Reboot","floor":25},{"not_picked":["Gash+1","Reprogram","Steam"],"picked":"SKIP","floor":28}],"player_experience":60902,"relics_obtained":[{"floor":6,"key":"Potion Belt"},{"floor":9,"key":"Strawberry"},{"floor":23,"key":"Turnip"},{"floor":26,"key":"Bottled Tornado"}],"event_choices":[{"damage_healed":0,"gold_gain":0,"player_choice":"Ignored","damage_taken":0,"max_hp_gain":0,"max_hp_loss":0,"event_name":"Liars Game","floor":10,"gold_loss":0},{"damage_healed":0,"gold_gain":0,"player_choice":"Donut","damage_taken":0,"max_hp_gain":5,"max_hp_loss":0,"event_name":"Big Fish","floor":11,"gold_loss":0},{"damage_healed":0,"gold_gain":0,"player_choice":"Obtained Book","damage_taken":16,"max_hp_gain":0,"max_hp_loss":0,"event_name":"Cursed Tome","floor":29,"gold_loss":0}],"is_beta":false,"boss_relics":[{"not_picked":["Snecko Eye","Astrolabe"],"picked":"Empty Cage"}],"items_purged_floors":[14,19],"is_endless":false,"potions_floor_spawned":[4,5,12,16,21,22,28],"killed_by":"Slavers","ascension_level":0}}