{"host":"n95r2z13dwkl182w","time":1613372861,"event":{"mods":["2.2 Compatiblity","AchievementEnabler","BaseMod","Colored Map","Hermit","Marisa£¨Ùöéë¡¡Øª×âÞÞ£©","Minty Spire (QoL Compilation)","StSLib","SuperFastMode","The Poker Player","everything is the same but u backflip on backflip"],"gold_per_floor":[112,20,20,20,40,67,93,93,93,18,18,30,56,5,5,5,5],"floor_reached":16,"language":"KOR","playtime":2691,"items_purged":["Regret"],"score":155,"play_id":"24fdd878-871f-495c-b1de-26ee29e862f1","local_time":"20210215160741","is_ascension_mode":true,"campfire_choices":[{"floor":8.0,"key":"REST"},{"floor":15,"key":"REST"}],"circlet_count":0,"master_deck":["Strike_G","Strike_G","Strike_G","Strike_G","Strike_G","Defend_G","Defend_G","Defend_G","Defend_G","Defend_G","Survivor","Neutralize","Prepared","Prepared","Crippling Poison+1","Quick Slash","Adrenaline","Deadly Poison","Prepared"],"relics":["Ring of the Snake","NeowsBlessing","WingedGreaves","Strawberry","Toy Ornithopter","Shovel","The Courier","Ninja Scroll"],"acts_visited":["Exordium"],"potions_floor_usage":[16],"damage_taken":[{"damage":0.0,"enemies":"Small Slimes","floor":1.0,"turns":1.0},{"damage":0.0,"enemies":"2 Louse","floor":5.0,"turns":1.0},{"damage":3.0,"enemies":"3 Sentries","floor":6.0,"turns":2.0},{"damage":44.0,"enemies":"Lagavulin","floor":7.0,"turns":9.0},{"damage":4.0,"enemies":"Jaw Worm","floor":12.0,"turns":3.0},{"damage":40,"enemies":"3 Sentries","floor":13,"turns":9},{"damage":42,"enemies":"Hexaghost","floor":16,"turns":12}],"seed_played":"4995489250766757171","potions_obtained":[{"floor":5.0,"key":"GhostInAJar"},{"floor":12.0,"key":"Block Potion"}],"is_trial":false,"path_per_floor":["M","$","?","?","M","E","E","R","T","$","$","M","E","?","R","B"],"character_chosen":"THE_SILENT","items_purchased":["Prepared","Crippling Poison"],"campfire_rested":2,"item_purchase_floors":[2,2],"current_hp_per_floor":[70,70,70,70,70,74,30,53,53,53,53,49,9,9,32,0,0],"gold":5,"neow_bonus":"THREE_ENEMY_KILL","is_daily":false,"chose_seed":false,"campfire_upgraded":0,"win_rate":0.0,"timestamp":1613372861,"path_taken":["M","$","?","?","M","E","E","R","T","?","$","?","E","?","R","BOSS"],"items_purchased_type":["Card","Card"],"build_version":"2020-12-22","purchased_purges":1,"victory":false,"max_hp_per_floor":[70,70,70,70,70,77,77,77,77,77,77,77,77,77,77,77,77],"card_choices":[{"not_picked":["Quick Slash","Acrobatics"],"picked":"Prepared","floor":1.0},{"not_picked":["Acrobatics","Deadly Poison"],"picked":"Quick Slash","floor":5.0},{"not_picked":["Flying Knee","Deflect"],"picked":"Adrenaline","floor":6.0},{"not_picked":["Phantasmal Killer","Backstab","Deflect"],"picked":"SKIP","floor":7.0},{"not_picked":["Acrobatics","Backflip"],"picked":"Deadly Poison","floor":12.0},{"not_picked":["Sucker Punch","Backflip"],"picked":"Prepared","floor":13}],"player_experience":82915,"relics_obtained":[{"floor":6.0,"key":"Strawberry"},{"floor":7.0,"key":"Toy Ornithopter"},{"floor":9.0,"key":"Shovel"},{"floor":13,"key":"The Courier"}],"event_choices":[{"damage_healed":0.0,"max_hp_gain":0.0,"max_hp_loss":0.0,"gold_gain":0.0,"event_name":"Living Wall","player_choice":"Grow","floor":3.0,"gold_loss":0.0,"damage_taken":0.0,"cards_upgraded":["Crippling Poison"]},{"damage_healed":0.0,"max_hp_gain":0.0,"max_hp_loss":0.0,"gold_gain":0.0,"event_name":"Big Fish","player_choice":"Box","floor":4.0,"gold_loss":0.0,"damage_taken":0.0,"relics_obtained":["WingedGreaves"],"cards_obtained":["Regret"]},{"damage_healed":0,"gold_gain":0,"player_choice":"Paid Gold","damage_taken":0,"relics_obtained":["Ninja Scroll"],"max_hp_gain":0,"max_hp_loss":0,"event_name":"WeMeetAgain","floor":14,"gold_loss":51}],"is_beta":false,"boss_relics":[],"items_purged_floors":[10],"is_endless":false,"potions_floor_spawned":[5,12],"killed_by":"Hexaghost","ascension_level":2}}