{"host":"bf5upntvbdompq33","time":1613407386,"event":{"mods":["BaseMod","Bestiary","Colored Map","Colored Powertips","Curses Come First","Minty Spire (QoL Compilation)","StSLib","ojb\u0027s Info Mod"],"gold_per_floor":[119,119,143,29,47,47,65,65,92,112,147,322,338,338,338],"floor_reached":14,"language":"ENG","playtime":448,"items_purged":["Decay"],"score":143,"play_id":"15ec2669-5306-4b90-a74b-ad2415ac4611","local_time":"20210215094306","is_ascension_mode":true,"campfire_choices":[{"data":"Streamline","floor":6,"key":"SMITH"},{"data":"Zap","floor":8,"key":"SMITH"}],"circlet_count":0,"master_deck":["AscendersBane","Strike_B","Strike_B","Strike_B","Strike_B","Defend_B","Defend_B","Defend_B","Defend_B","Zap+1","Dualcast","Streamline+1","Static Discharge","Skim","Leap","White Noise","Leap","Buffer","Doubt","Turbo"],"relics":["Cracked Core","Golden Idol","Boot","Smiling Mask"],"acts_visited":["Exordium"],"potions_floor_usage":[7],"damage_taken":[{"damage":1,"enemies":"Cultist","floor":1,"turns":3},{"damage":5,"enemies":"Small Slimes","floor":3,"turns":3},{"damage":2,"enemies":"2 Louse","floor":5,"turns":3},{"damage":4,"enemies":"Large Slime","floor":7,"turns":4},{"damage":7,"enemies":"Blue Slaver","floor":10,"turns":3},{"damage":35,"enemies":"Gremlin Nob","floor":11,"turns":4},{"damage":6,"enemies":"2 Fungi Beasts","floor":13,"turns":4},{"damage":27,"enemies":"3 Sentries","floor":14,"turns":4}],"seed_played":"2608909762574105910","potions_obtained":[{"floor":3,"key":"Fire Potion"},{"floor":7,"key":"GamblersBrew"},{"floor":11,"key":"SkillPotion"}],"is_trial":false,"path_per_floor":["M","?","M","$","M","R","M","R","T","M","E","?","M","E"],"character_chosen":"DEFECT","items_purchased":["Skim"],"campfire_rested":0,"item_purchase_floors":[4],"current_hp_per_floor":[81,81,76,76,74,74,70,70,70,63,28,28,22,0,0],"gold":338,"neow_bonus":"TWENTY_PERCENT_HP_BONUS","is_daily":false,"chose_seed":false,"campfire_upgraded":2,"win_rate":0.0,"timestamp":1613407386,"path_taken":["M","?","M","$","M","R","M","R","T","M","E","?","M","E"],"items_purchased_type":["Card"],"build_version":"2020-12-22","purchased_purges":1,"victory":false,"max_hp_per_floor":[89,82,82,82,82,82,82,82,82,82,82,82,82,82,82],"card_choices":[{"not_picked":["Turbo","Cold Snap"],"picked":"Streamline","floor":1},{"not_picked":["Streamline","Sunder"],"picked":"Static Discharge","floor":3},{"not_picked":["Beam Cell","Barrage"],"picked":"Leap","floor":5},{"not_picked":["Gash","Steam"],"picked":"White Noise","floor":7},{"not_picked":["Barrage","Fission"],"picked":"Leap","floor":10},{"not_picked":["Leap","Conserve Battery"],"picked":"Buffer","floor":11},{"not_picked":["Rip and Tear","Force Field"],"picked":"Turbo","floor":13}],"player_experience":1594900,"relics_obtained":[{"floor":9,"key":"Boot"},{"floor":11,"key":"Smiling Mask"}],"event_choices":[{"damage_healed":0,"gold_gain":0,"player_choice":"Lose Max HP","damage_taken":0,"relics_obtained":["Golden Idol"],"max_hp_gain":0,"max_hp_loss":7,"event_name":"Golden Idol","floor":2,"gold_loss":0},{"damage_healed":0,"gold_gain":175,"player_choice":"AGREE","damage_taken":0,"max_hp_gain":0,"max_hp_loss":0,"event_name":"Liars Game","floor":12,"gold_loss":0,"cards_obtained":["Doubt"]}],"is_beta":false,"boss_relics":[],"items_purged_floors":[4],"is_endless":false,"potions_floor_spawned":[3,7,11],"killed_by":"3 Sentries","ascension_level":11}}