{"host":"5y2vm16xfq9gfmb2","time":1613355315,"event":{"mods":["AchievementEnabler","BaseMod","Better Third Choice","Colored Map","Colored Powertips","DeckTracker","Friendly Minions","Marisa????????","Minty Spire (QoL Compilation)","Rare Cards Sparkle","Relic Stats","StSLib","The Alterego","The Animator","The Marked","The Servant 0.9.4","Yohane!"],"gold_per_floor":[117,117,117,133,133,133,143,143,143,157,183,183,197,197,197,197,197],"floor_reached":16,"language":"ENG","playtime":595,"items_purged":[],"score":100,"play_id":"5b33e230-00a2-4d09-96b7-a2a7a0992239","local_time":"20210214211515","is_ascension_mode":false,"campfire_choices":[{"floor":6,"key":"RECALL"},{"floor":15,"key":"REST"}],"circlet_count":0,"master_deck":["Strike_P","Strike_P","Strike_P","Strike_P","Defend_P","Defend_P","Defend_P","Defend_P","Eruption","Vigilance","Wish+1","EmptyBody","CarveReality","CutThroughFate","Regret","Swivel","Prostrate","Wallop"],"relics":["PureWater","Damaru","Unceasing Top","Gambling Chip","WingedGreaves","StoneCalendar"],"acts_visited":["Exordium"],"potions_floor_usage":[],"damage_taken":[{"damage":0,"enemies":"Small Slimes","floor":1,"turns":2},{"damage":5,"enemies":"Jaw Worm","floor":4,"turns":6},{"damage":0,"enemies":"2 Louse","floor":7,"turns":3},{"damage":3,"enemies":"Blue Slaver","floor":10,"turns":6},{"damage":17,"enemies":"Lagavulin","floor":11,"turns":6},{"damage":16,"enemies":"Red Slaver","floor":13,"turns":5},{"damage":58,"enemies":"Slime Boss","floor":16,"turns":3}],"seed_played":"-8051855550290033572","potions_obtained":[{"floor":1,"key":"BottledMiracle"}],"is_trial":false,"path_per_floor":["M","?","?","M","?","R","M","?","T","M","E","T","M","?","R","B"],"character_chosen":"WATCHER","items_purchased":[],"campfire_rested":1,"item_purchase_floors":[],"current_hp_per_floor":[65,65,58,53,53,53,53,53,53,50,33,33,17,17,36,0,0],"gold":197,"neow_bonus":"THREE_RARE_CARDS","is_daily":false,"chose_seed":false,"campfire_upgraded":0,"win_rate":0.0,"timestamp":1613355315,"path_taken":["M","?","?","M","?","R","?","?","T","M","E","?","?","?","R","BOSS"],"items_purchased_type":[],"build_version":"2020-12-22","purchased_purges":0,"victory":false,"max_hp_per_floor":[65,65,65,65,65,65,65,65,65,65,65,65,65,65,65,65,65],"relic_stats":{"counters":[7,31],"Gambling Chip":[7],"StoneCalendar":[0],"obtain_stats":[{"Gambling Chip":11,"Damaru":3,"StoneCalendar":14,"WingedGreaves":12,"PureWater":0,"Unceasing Top":8},{"Gambling Chip":5,"Damaru":1,"StoneCalendar":6,"WingedGreaves":5,"PureWater":0,"Unceasing Top":3},{"Gambling Chip":23,"Damaru":2,"StoneCalendar":28,"WingedGreaves":23,"PureWater":0,"Unceasing Top":11}],"Unceasing Top":[0]},"card_choices":[{"not_picked":["DeusExMachina","Brilliance"],"picked":"Wish","floor":0},{"not_picked":["MentalFortress","Halt"],"picked":"EmptyBody","floor":1},{"not_picked":["FearNoEvil","FlyingSleeves"],"picked":"CarveReality","floor":4},{"not_picked":["JustLucky","FlyingSleeves"],"picked":"CutThroughFate","floor":7},{"not_picked":["ThirdEye","Vengeance"],"picked":"Swivel","floor":10},{"not_picked":["DeusExMachina","CutThroughFate"],"picked":"Prostrate","floor":11},{"not_picked":["EmptyBody","CrushJoints"],"picked":"Wallop","floor":13}],"player_experience":110916,"relics_obtained":[{"floor":11,"key":"Gambling Chip"},{"floor":12,"key":"WingedGreaves"}],"event_choices":[{"damage_healed":0,"gold_gain":0,"player_choice":"Grow","damage_taken":0,"max_hp_gain":0,"max_hp_loss":0,"event_name":"Living Wall","floor":2,"gold_loss":0,"cards_upgraded":["Wish"]},{"damage_healed":0,"gold_gain":0,"player_choice":"Relic ","damage_taken":7,"max_hp_gain":0,"max_hp_loss":0,"event_name":"betterThird:BetterScrap","floor":3,"gold_loss":0,"cards_obtained":["Fire Breathing"]},{"damage_healed":0,"gold_gain":0,"player_choice":"Ignored","damage_taken":0,"max_hp_gain":0,"max_hp_loss":0,"event_name":"Golden Wing","floor":5,"gold_loss":0},{"damage_healed":0,"gold_gain":0,"player_choice":"Box","damage_taken":0,"relics_obtained":["Unceasing Top"],"max_hp_gain":0,"max_hp_loss":0,"event_name":"Big Fish","floor":8,"gold_loss":0,"cards_obtained":["Regret"]},{"damage_healed":0,"gold_gain":0,"player_choice":"Searched \u00271\u0027 times","damage_taken":0,"relics_obtained":["StoneCalendar"],"max_hp_gain":0,"max_hp_loss":0,"event_name":"Dead Adventurer","floor":14,"gold_loss":0}],"is_beta":false,"boss_relics":[],"items_purged_floors":[],"is_endless":false,"potions_floor_spawned":[1],"killed_by":"Slime Boss","ascension_level":0}}