{"host":"178rghtqlvp3zue2","time":1613399986,"event":{"mods":["2.2 Compatiblity","AchievementEnabler","BaseMod","DeckTracker","Minty Spire (QoL Compilation)","Quick Restart","SuperFastMode","The Servant 0.9.4"],"gold_per_floor":[113,127,93,93,107,107,132,146,146,146,165,27,27,27],"floor_reached":13,"language":"KOR","playtime":549,"items_purged":[],"score":94,"play_id":"5bb9e2e1-2124-4412-9056-d5893925793c","local_time":"20210215233946","is_ascension_mode":true,"campfire_choices":[{"data":"Manipulate","floor":6,"key":"SMITH"}],"circlet_count":0,"master_deck":["Strike_S","Strike_S","Strike_S","Strike_S","Defend_S","Defend_S","Defend_S","Defend_S","KidneyShot","Exchange","Reset","FastForward","Hightail","Moondial","Manipulate+1","SpecialFormula","DualDimension","Potential","Embodiment"],"relics":["Uniform","Broom","Vajra"],"acts_visited":["Exordium"],"potions_floor_usage":[],"damage_taken":[{"damage":7,"enemies":"Cultist","floor":1,"turns":5},{"damage":4,"enemies":"2 Louse","floor":2,"turns":5},{"damage":0,"enemies":"Small Slimes","floor":5,"turns":5},{"damage":14,"enemies":"3 Sentries","floor":7,"turns":10},{"damage":7,"enemies":"Blue Slaver","floor":8,"turns":5},{"damage":0,"enemies":"Exordium Wildlife","floor":11,"turns":8},{"damage":56,"enemies":"Gremlin Nob","floor":13,"turns":5}],"seed_played":"5057822375755107638","potions_obtained":[{"floor":7,"key":"Ancient Potion"},{"floor":11,"key":"Explosive Potion"}],"is_trial":false,"path_per_floor":["M","M","$","?","M","R","E","M","T","?","M","$","E"],"character_chosen":"THE_SERVANT","items_purchased":["Moondial","Embodiment"],"campfire_rested":0,"item_purchase_floors":[3,12],"current_hp_per_floor":[58,54,54,59,59,59,45,38,38,38,43,43,0,0],"gold":27,"neow_bonus":"THREE_CARDS","is_daily":false,"chose_seed":false,"campfire_upgraded":1,"win_rate":0.0,"timestamp":1613399986,"path_taken":["M","?","$","?","M","R","E","M","T","?","?","$","E"],"items_purchased_type":["Card","Card"],"build_version":"2020-12-22","purchased_purges":0,"victory":false,"max_hp_per_floor":[65,65,65,70,70,70,70,70,70,70,70,70,70,70],"card_choices":[{"not_picked":["Alleviate","Unruled"],"picked":"Reset","floor":0},{"not_picked":["Defy","SpecialFormula"],"picked":"FastForward","floor":1},{"not_picked":["Rewind","Unruled"],"picked":"Hightail","floor":2},{"not_picked":["Replace","Collapse"],"picked":"Manipulate","floor":5},{"not_picked":["LightFlow","ReturningBlade"],"picked":"SpecialFormula","floor":7},{"not_picked":["Alleviate","Moonlight"],"picked":"DualDimension","floor":8},{"not_picked":["BottledTime","Desolation"],"picked":"Potential","floor":11}],"player_experience":281768,"relics_obtained":[{"floor":7,"key":"Broom"},{"floor":9,"key":"Vajra"}],"event_choices":[{"damage_healed":0,"gold_gain":0,"player_choice":"Donut","damage_taken":0,"max_hp_gain":5,"max_hp_loss":0,"event_name":"Big Fish","floor":4,"gold_loss":0},{"damage_healed":0,"gold_gain":0,"player_choice":"Bought 0 Potions","damage_taken":0,"max_hp_gain":0,"max_hp_loss":0,"event_name":"The Woman in Blue","floor":10,"gold_loss":0}],"is_beta":false,"boss_relics":[],"items_purged_floors":[],"is_endless":false,"potions_floor_spawned":[7,11],"killed_by":"Gremlin Nob","ascension_level":2}}