{"host":"6vtgmkkqqeew181q","time":1613429299,"event":{"mods":["BaseMod","BetterRewards","Downfall","Faster Ascension Climbing","Highlight Path","Minty Spire (QoL Compilation)","Prisma Mod","Reliquary","StSLib","The Animator","The Jungle"],"gold_per_floor":[115,137,137,161,183,183,212,226,250,296,296,296,371,385,385,487,487,529,529,281,300,320,345,345,345],"floor_reached":24,"language":"ENG","playtime":3440,"items_purged":[],"score":228,"play_id":"d65a8b54-3495-4b9e-8602-d48b99d234de","local_time":"20210215144819","is_ascension_mode":false,"campfire_choices":[{"data":"animator:Layla","floor":6,"key":"SMITH"},{"data":"animator:Priestess","floor":12,"key":"SMITH"},{"data":"animator:Ain","floor":15,"key":"SMITH"}],"circlet_count":0,"master_deck":["animator:Strike_Konosuba","animator:Defend_Konosuba","animator:Strike","animator:Strike","animator:Strike","animator:Defend","animator:Defend","animator:Defend","animator:Kazuma","animator:Aqua+1","animator:Priestess+1","animator:Layla+1","animator:Elsword","animator:Viivi","animator:Aisha","animator:Raven","animator:Ain+1","animator:Saitama","animator:Ara","animator:Viivi+1","animator:Darkness"],"relics":["animator:LivingPicture","animator:TheMissingPiece","animator:PurgingStone","reliquary:TatteredRug","PreservedInsect","Vajra","animator:CursedBlade","FaceOfCleric","Bottled Lightning","Akabeko"],"acts_visited":["Exordium","TheCity"],"potions_floor_usage":[8,16,16,23,23],"damage_taken":[{"damage":12,"enemies":"Jaw Worm","floor":1,"turns":6},{"damage":0,"enemies":"2 Louse","floor":2,"turns":4},{"damage":1,"enemies":"Cultist","floor":4,"turns":4},{"damage":10,"enemies":"Exordium Wildlife","floor":5,"turns":5},{"damage":19,"enemies":"3 Sentries","floor":7,"turns":9},{"damage":0,"enemies":"3 Louse","floor":8,"turns":3},{"damage":22,"enemies":"Gremlin Nob","floor":10,"turns":4},{"damage":7,"enemies":"Exordium Thugs","floor":14,"turns":4},{"damage":14,"enemies":"The Guardian","floor":16,"turns":7},{"damage":12,"enemies":"Shell Parasite","floor":18,"turns":3},{"damage":10,"enemies":"Spheric Guardian","floor":21,"turns":3},{"damage":47,"enemies":"Shelled Parasite and Fungi","floor":22,"turns":6},{"damage":25,"enemies":"Slavers","floor":23,"turns":4},{"damage":8,"enemies":"Snake Plant","floor":24,"turns":1}],"seed_played":"7255542297915445097","potions_obtained":[{"floor":2,"key":"PowerPotion"},{"floor":7,"key":"Block Potion"},{"floor":8,"key":"SpeedPotion"},{"floor":10,"key":"sneckomod:MuddlingPotion"},{"floor":14,"key":"Block Potion"},{"floor":18,"key":"Dexterity Potion"},{"floor":22,"key":"Strength Potion"}],"is_trial":false,"path_per_floor":["M","M","?","M","M","R","E","M","T","E","?","R","?","M","R","B",null,"M","?","$","M","M","E","M"],"character_chosen":"THE_ANIMATOR","items_purchased":["Bottled Lightning"],"campfire_rested":0,"item_purchase_floors":[20],"current_hp_per_floor":[62,64,64,66,59,59,47,54,54,35,59,59,48,48,48,40,75,69,69,69,66,26,6,0,0],"gold":345,"neow_bonus":"TEN_PERCENT_HP_BONUS","is_daily":false,"chose_seed":false,"campfire_upgraded":3,"win_rate":0.0,"timestamp":1613429299,"path_taken":["M","M","?","M","M","R","E","M","T","E","?","R","?","M","R","BOSS","M","?","?","M","M","E","M"],"items_purchased_type":["Relic"],"build_version":"2020-12-22","purchased_purges":0,"victory":false,"max_hp_per_floor":[72,72,72,72,72,72,73,74,74,74,74,74,74,75,75,75,75,75,75,75,76,77,79,79,79],"card_choices":[{"not_picked":["animator:Aisha","animator:Lu"],"picked":"animator:Priestess","floor":1},{"not_picked":["animator:SuzuneAmano","animator:Spearman"],"picked":"animator:Layla","floor":2},{"not_picked":["animator:Gillette","animator:ChaikaBohdan"],"picked":"animator:Elsword","floor":4},{"not_picked":["animator:Aqua","animator:Chris"],"picked":"animator:Eris","floor":5},{"not_picked":["animator:MadokaKaname","animator:CowGirl"],"picked":"animator:Viivi","floor":7},{"not_picked":["animator:Shalltear","animator:Ciel","animator:MetalKnight"],"picked":"SKIP","floor":8},{"not_picked":["animator:Shalltear","animator:Ciel"],"picked":"animator:Aisha","floor":8},{"not_picked":["animator:Fredrika","animator:Lu"],"picked":"animator:Raven","floor":10},{"not_picked":["animator:Ara","animator:Aisha"],"picked":"animator:Ain","floor":14},{"not_picked":["animator:Elesis","animator:GoblinSlayer"],"picked":"animator:Saitama","floor":16},{"not_picked":["animator:Melzalgald","animator:Raven"],"picked":"animator:Ara","floor":18},{"not_picked":["animator:Aisha+1","animator:MamiTomoe","animator:Elsword"],"picked":"SKIP","floor":21},{"not_picked":["animator:Sonic","animator:AcuraAkari"],"picked":"animator:Viivi+1","floor":22},{"not_picked":["animator:Megumin","animator:Mitsurugi"],"picked":"animator:Darkness","floor":23}],"player_experience":643973,"relics_obtained":[{"floor":7,"key":"reliquary:TatteredRug"},{"floor":9,"key":"PreservedInsect"},{"floor":10,"key":"Vajra"},{"floor":23,"key":"Akabeko"}],"event_choices":[{"damage_healed":0,"gold_gain":0,"player_choice":"Grow","damage_taken":0,"max_hp_gain":0,"max_hp_loss":0,"event_name":"Living Wall","floor":3,"gold_loss":0,"cards_upgraded":["animator:Aqua"]},{"damage_healed":24,"gold_gain":0,"player_choice":"Banana","damage_taken":0,"max_hp_gain":0,"max_hp_loss":0,"event_name":"Big Fish","floor":11,"gold_loss":0},{"damage_healed":0,"gold_gain":75,"player_choice":"Gather Gold","damage_taken":11,"max_hp_gain":0,"max_hp_loss":0,"event_name":"World of Goop","floor":13,"gold_loss":0},{"damage_healed":0,"gold_gain":0,"player_choice":"Trade","damage_taken":0,"relics_obtained":["FaceOfCleric"],"max_hp_gain":0,"max_hp_loss":0,"event_name":"FaceTrader","floor":19,"gold_loss":0}],"is_beta":false,"boss_relics":[{"not_picked":["reliquary:RedCape","Busted Crown"],"picked":"animator:CursedBlade"}],"items_purged_floors":[],"is_endless":false,"potions_floor_spawned":[2,7,8,10,14,18,22],"killed_by":"Snake Plant","ascension_level":0}}