{"host":"5y2vm16xfq9gfmb2","time":1613378288,"event":{"mods":["AchievementEnabler","BaseMod","Better Third Choice","Colored Map","Colored Powertips","DeckTracker","Friendly Minions","Marisa????????","Minty Spire (QoL Compilation)","Rare Cards Sparkle","Relic Stats","StSLib","The Alterego","The Animator","The Marked","The Servant 0.9.4","Yohane!"],"gold_per_floor":[115,115,115,33,46,72,72,89,89,89,89,89,151,163,163,262,262,275,275,275,275,275,301,318,347,347,347,347,347],"floor_reached":28,"language":"ENG","playtime":1126,"items_purged":[],"score":304,"play_id":"d0bf082a-0069-4c49-af89-8ff6ed81067b","local_time":"20210215033808","is_ascension_mode":false,"campfire_choices":[{"floor":7,"key":"RECALL"},{"data":"FairyDestructionRay","floor":12,"key":"SMITH"},{"data":"DC","floor":15,"key":"SMITH"}],"circlet_count":0,"master_deck":["Strike_MRS","Strike_MRS","Strike_MRS","Strike_MRS","Defend_MRS+1","Defend_MRS","Defend_MRS+1","Defend_MRS","MasterSpark","UpSweep","DC+1","Regret","StarBarrage","FairyDestructionRay+1","GalacticHalo","Apotheosis+1","MilkyWay+1","OpenUniverse+1","MillisecondPulsars","PropBag+1","Writhe","J.A.X.+1","AsteroidBelt+1","OrrerysSun","Orbital+1","Writhe"],"relics":["MiniHakkero","NeowsBlessing","Pear","Happy Flower","Matryoshka","Eternal Feather","Toxic Egg 2","Ancient Tea Set","Cursed Key","War Paint","alterego_mod:SomeoneToFightFor","Blood Vial","BreadOfAWashokuLover","Vajra","Boot","AmplifyWand"],"acts_visited":["Exordium","TheCity"],"potions_floor_usage":[25,25,27],"damage_taken":[{"damage":0,"enemies":"2 Louse","floor":1,"turns":1},{"damage":0,"enemies":"Small Slimes","floor":5,"turns":1},{"damage":0,"enemies":"Lagavulin","floor":6,"turns":1},{"damage":3,"enemies":"Cultist","floor":8,"turns":3},{"damage":0,"enemies":"Gremlin Nob","floor":13,"turns":2},{"damage":12,"enemies":"Exordium Thugs","floor":14,"turns":4},{"damage":39,"enemies":"The Guardian","floor":16,"turns":8},{"damage":1,"enemies":"2 Thieves","floor":18,"turns":2},{"damage":12,"enemies":"Gremlin Leader","floor":23,"turns":6},{"damage":19,"enemies":"Shell Parasite","floor":24,"turns":4},{"damage":34,"enemies":"Slavers","floor":25,"turns":6},{"damage":0,"enemies":"Centurion and Healer","floor":27,"turns":1},{"damage":24,"enemies":"Snake Plant","floor":28,"turns":4}],"seed_played":"-3363957390714796665","potions_obtained":[{"floor":5,"key":"Weak Potion"},{"floor":23,"key":"ShroomBrew"},{"floor":24,"key":"Weak Potion"}],"is_trial":false,"path_per_floor":["M","?","?","?","M","E","R","M","T","$","?","R","?","M","R","B",null,"M","?","?","?","?","E","M","E","T","M","M"],"character_chosen":"MARISA","items_purchased":[],"campfire_rested":0,"item_purchase_floors":[],"current_hp_per_floor":[75,75,85,85,85,85,85,82,82,82,82,85,85,73,82,43,85,84,84,84,84,75,63,46,14,14,17,0,0],"gold":347,"neow_bonus":"THREE_ENEMY_KILL","is_daily":false,"chose_seed":false,"campfire_upgraded":2,"win_rate":0.0,"timestamp":1613378288,"path_taken":["M","?","?","?","M","E","R","?","T","?","?","R","?","M","R","BOSS","M","?","?","?","?","E","?","E","T","M","M"],"items_purchased_type":[],"build_version":"2020-12-22","purchased_purges":0,"victory":false,"max_hp_per_floor":[75,75,85,85,85,85,85,85,85,85,85,85,85,85,85,85,85,85,85,85,85,85,85,85,85,85,85,85,85],"relic_stats":{"Blood Vial":8,"Happy Flower":[14],"counters":[13,43],"Eternal Feather":12,"War Paint":["Defend_MRS","Defend_MRS"],"Cursed Key":1,"Boot":[0],"obtain_stats":[{"AmplifyWand":25,"Pear":3,"NeowsBlessing":0,"Happy Flower":4,"Vajra":26,"Eternal Feather":9,"BreadOfAWashokuLover":25,"Letter Opener":23,"War Paint":19,"alterego_mod:SomeoneToFightFor":20,"Ancient Tea Set":13,"Cursed Key":17,"Boot":26,"Blood Vial":23,"Matryoshka":6,"MiniHakkero":0,"Kunai":24,"Toxic Egg 2":9},{"AmplifyWand":11,"Pear":1,"NeowsBlessing":0,"Happy Flower":1,"Vajra":11,"Eternal Feather":4,"BreadOfAWashokuLover":11,"Letter Opener":9,"War Paint":8,"alterego_mod:SomeoneToFightFor":8,"Ancient Tea Set":4,"Cursed Key":7,"Boot":11,"Blood Vial":9,"Matryoshka":3,"MiniHakkero":0,"Kunai":10,"Toxic Egg 2":4},{"AmplifyWand":33,"Pear":1,"NeowsBlessing":0,"Happy Flower":1,"Vajra":38,"Eternal Feather":6,"BreadOfAWashokuLover":38,"Letter Opener":23,"War Paint":22,"alterego_mod:SomeoneToFightFor":22,"Ancient Tea Set":6,"Cursed Key":20,"Boot":38,"Blood Vial":28,"Matryoshka":3,"MiniHakkero":0,"Kunai":29,"Toxic Egg 2":6}]},"card_choices":[{"not_picked":["DoubleSpark","WitchOfGreed"],"picked":"DC","floor":1},{"not_picked":["Acceleration","MilkyWay"],"picked":"StarBarrage","floor":5},{"not_picked":["Orbital","EscapeVelocity"],"picked":"FairyDestructionRay","floor":6},{"not_picked":["GravityBeat","EventHorizon"],"picked":"GalacticHalo","floor":8},{"not_picked":["Acceleration+1","DoubleSpark"],"picked":"MilkyWay+1","floor":13},{"not_picked":["ShootingEcho","WitchLeyline"],"picked":"OpenUniverse+1","floor":14},{"not_picked":["StarDustReverie+1","JA"],"picked":"MillisecondPulsars","floor":16},{"not_picked":["DeepEcoloBomb","GrandCross+1"],"picked":"PropBag+1","floor":18},{"not_picked":["6A+1","WitchOfGreed+1"],"picked":"AsteroidBelt+1","floor":23},{"not_picked":["Robbery","MysteriousBeam"],"picked":"OrrerysSun","floor":24},{"not_picked":["DragonMeteor","OneTimeOff+1"],"picked":"Orbital+1","floor":25}],"player_experience":119023,"relics_obtained":[{"floor":6,"key":"Matryoshka"},{"floor":9,"key":"Eternal Feather"},{"floor":9,"key":"Toxic Egg 2"},{"floor":23,"key":"Blood Vial"},{"floor":25,"key":"BreadOfAWashokuLover"},{"floor":26,"key":"Vajra"},{"floor":26,"key":"Boot"}],"event_choices":[{"damage_healed":0,"gold_gain":0,"player_choice":"Leave","damage_taken":0,"max_hp_gain":0,"max_hp_loss":0,"event_name":"The Cleric","floor":2,"gold_loss":0},{"damage_healed":0,"gold_gain":0,"player_choice":"Box","damage_taken":0,"relics_obtained":["Pear"],"max_hp_gain":0,"max_hp_loss":0,"event_name":"Big Fish","floor":3,"gold_loss":0,"cards_obtained":["Regret"]},{"damage_healed":0,"gold_gain":0,"player_choice":"Paid Gold","damage_taken":0,"relics_obtained":["Happy Flower"],"max_hp_gain":0,"max_hp_loss":0,"event_name":"WeMeetAgain","floor":4,"gold_loss":82},{"damage_healed":82,"gold_gain":0,"player_choice":"Embrace","damage_taken":0,"max_hp_gain":0,"max_hp_loss":85,"event_name":"betterThird:BetterShining","floor":11,"gold_loss":0},{"damage_healed":0,"gold_gain":0,"player_choice":"Searched \u00273\u0027 times","damage_taken":0,"relics_obtained":["Ancient Tea Set"],"max_hp_gain":0,"max_hp_loss":0,"event_name":"Dead Adventurer","floor":13,"gold_loss":0},{"damage_healed":0,"gold_gain":0,"player_choice":"Opened","damage_taken":0,"relics_obtained":["War Paint"],"max_hp_gain":0,"max_hp_loss":0,"event_name":"The Mausoleum","floor":19,"gold_loss":0,"cards_obtained":["Writhe"]},{"damage_healed":0,"gold_gain":0,"player_choice":"Choice 2","damage_taken":0,"relics_obtained":["alterego_mod:SomeoneToFightFor"],"max_hp_gain":0,"max_hp_loss":0,"event_name":"Secret Garden","floor":20,"gold_loss":0},{"damage_healed":0,"gold_gain":0,"player_choice":"Obtain J.A.X.","damage_taken":0,"max_hp_gain":0,"max_hp_loss":0,"event_name":"Drug Dealer","floor":21,"gold_loss":0,"cards_obtained":["J.A.X."]},{"damage_healed":0,"gold_gain":0,"player_choice":"Stopped","damage_taken":9,"max_hp_gain":0,"max_hp_loss":0,"event_name":"Cursed Tome","floor":22,"gold_loss":0}],"is_beta":false,"boss_relics":[{"not_picked":["BewitchedHakkero","Ectoplasm"],"picked":"Cursed Key"}],"items_purged_floors":[],"is_endless":false,"potions_floor_spawned":[5,23,24],"killed_by":"Snake Plant","ascension_level":0}}