{"host":"27c1zwn2rxlukojz","time":1613426708,"event":{"mods":["BaseMod","Filter the Spire","Minty Spire (QoL Compilation)","Relic Stats","StSLib"],"gold_per_floor":[216,216,14,36,36,36,56,77,101,1,24,61,61,61,61],"floor_reached":14,"language":"DEU","playtime":497,"items_purged":["Strike_G","Strike_G"],"score":158,"play_id":"c05452ef-2631-4a86-99a8-cad05777ac50","local_time":"20210215230508","is_ascension_mode":true,"campfire_choices":[{"data":"Bouncing Flask","floor":6,"key":"SMITH"}],"circlet_count":0,"master_deck":["AscendersBane","Strike_G","Strike_G","Defend_G","Defend_G","Defend_G","Defend_G","Defend_G","Survivor","Neutralize","Quick Slash","Bouncing Flask+1","Footwork","Acrobatics","Deadly Poison","Bane","Malaise","Poisoned Stab"],"relics":["Ring of the Snake","CeramicFish","Blood Vial","Torii","SsserpentHead"],"acts_visited":["Exordium"],"potions_floor_usage":[11,12,14],"damage_taken":[{"damage":0,"enemies":"2 Louse","floor":1,"turns":3},{"damage":0,"enemies":"Cultist","floor":4,"turns":4},{"damage":0,"enemies":"Jaw Worm","floor":7,"turns":6},{"damage":1,"enemies":"2 Fungi Beasts","floor":8,"turns":3},{"damage":2,"enemies":"Exordium Wildlife","floor":11,"turns":2},{"damage":2,"enemies":"Gremlin Nob","floor":12,"turns":4},{"damage":20,"enemies":"3 Sentries","floor":14,"turns":4}],"seed_played":"-9191033662457798978","potions_obtained":[{"floor":1,"key":"Weak Potion"},{"floor":4,"key":"Strength Potion"},{"floor":8,"key":"BlessingOfTheForge"},{"floor":11,"key":"Block Potion"}],"is_trial":false,"path_per_floor":["M","?","$","M","?","R","M","M","T","$","M","E","?","E"],"character_chosen":"THE_SILENT","items_purchased":["Bouncing Flask","Footwork"],"campfire_rested":0,"item_purchase_floors":[3,3],"current_hp_per_floor":[59,24,24,24,17,17,17,16,16,16,16,16,16,0,0],"gold":61,"neow_bonus":"HUNDRED_GOLD","is_daily":false,"chose_seed":false,"campfire_upgraded":1,"win_rate":0.0,"timestamp":1613426708,"path_taken":["M","?","$","M","?","R","M","M","T","$","M","E","?","E"],"items_purchased_type":["Card","Card"],"build_version":"2020-12-22","purchased_purges":2,"victory":false,"max_hp_per_floor":[66,66,66,66,66,66,66,66,66,66,66,66,66,66,66],"relic_stats":{"Blood Vial":6,"SsserpentHead":0,"Torii":0,"counters":[7,26],"CeramicFish":63,"obtain_stats":[{"Blood Vial":9,"SsserpentHead":13,"Torii":12,"CeramicFish":2,"Ring of the Snake":0},{"Blood Vial":4,"SsserpentHead":6,"Torii":6,"CeramicFish":1,"Ring of the Snake":0},{"Blood Vial":16,"SsserpentHead":22,"Torii":22,"CeramicFish":3,"Ring of the Snake":0}],"Ring of the Snake":[14]},"card_choices":[{"not_picked":["Finisher","Riddle With Holes"],"picked":"Quick Slash","floor":1},{"not_picked":["Noxious Fumes","Blade Dance"],"picked":"Acrobatics","floor":4},{"not_picked":["Dagger Spray","Outmaneuver"],"picked":"Deadly Poison","floor":7},{"not_picked":["Prepared","Deflect"],"picked":"Bane","floor":8},{"not_picked":["Caltrops","Terror"],"picked":"Malaise","floor":11},{"not_picked":["Reflex","Blade Dance"],"picked":"Poisoned Stab","floor":12}],"player_experience":3987570,"relics_obtained":[{"floor":9,"key":"Blood Vial"},{"floor":12,"key":"Torii"}],"event_choices":[{"damage_healed":0,"gold_gain":0,"player_choice":"Success","damage_taken":35,"relics_obtained":["CeramicFish"],"max_hp_gain":0,"max_hp_loss":0,"event_name":"Scrap Ooze","floor":2,"gold_loss":0},{"cards_removed":["Strike_G"],"damage_healed":0,"gold_gain":0,"player_choice":"Card Removal","damage_taken":7,"max_hp_gain":0,"max_hp_loss":0,"event_name":"Golden Wing","floor":5,"gold_loss":0},{"damage_healed":0,"gold_gain":0,"player_choice":"Trade","damage_taken":0,"relics_obtained":["SsserpentHead"],"max_hp_gain":0,"max_hp_loss":0,"event_name":"FaceTrader","floor":13,"gold_loss":0}],"is_beta":false,"boss_relics":[],"items_purged_floors":[3,10],"is_endless":false,"potions_floor_spawned":[1,4,8,11],"killed_by":"3 Sentries","ascension_level":15}}