{"host":"mykjnfgvckiyjptv","time":1613368109,"event":{"mods":["2.2 Compatiblity","Act Like it!","Aspiration","BaseMod","Better Altar","Better Third Choice","BetterRewards","Card Forge","Custom Start","Energized Spire","GifTheSpireLib","Gold Saver","Halation","Hubris","Infinite Spire","Jedi Mod","Minty Spire (QoL Compilation)","Pale of the Ancients","Permanent Neow","RatMod","Replay The Spire","Shop Mod","Small Relic Pack","Spicy Shops","Spikes Relics","StSLib","Stuff the Spire","SuperFastMode","The Servant 0.9.4","??????REMEMod"],"gold_per_floor":[179,454,465,465,465,481,180,206,224,224,224,59,76,76,76,96,161,236,236,247,247,41,41,95,143,143,202,202,202,224,224,224,227,227],"floor_reached":33,"language":"ENG","playtime":1262,"items_purged":[],"score":566,"play_id":"a3368474-5d34-44ba-8360-78f3140fc7a8","local_time":"20210214234829","is_ascension_mode":true,"campfire_choices":[{"floor":10,"key":"REST"},{"floor":26,"key":"REST"},{"floor":29,"key":"REST"},{"floor":32,"key":"REST"}],"circlet_count":0,"master_deck":["AscendersBane","Strike_G+1","Defend_G+1","Neutralize+1","REME_MagicPocketWatch+1","StuffTheSpire:Injection+1","ReplayTheSpireMod:Black Plague+1","Noxious Fumes+1","infinitespire:Neurotoxin+1","Replay:Poison Smokescreen+1","REME_ShadowForm+1","ReplayTheSpireMod:Necrosis+1","Noxious Fumes+1","Noxious Fumes"],"relics":["Ring of the Snake","Hammer of Thor","Seething Fire","Anvil of the Gods","REME_ComplimentaryCards","Membership Card","jedi:sprinkler","halation:Toothbrush","StuffTheSpire:Rhapsscallions","Lantern","Bag of Preparation","relicPack:OneForAll","energizedSpire:SpiderWeb","REME_ArchaeologicalTools","Regal Pillow","StuffTheSpire:Experiment12","halation:TrafficLight"],"acts_visited":["Exordium","TheCity"],"potions_floor_usage":[6,18,18,25,27,27],"damage_taken":[{"damage":6,"enemies":"Small Slimes","floor":1,"turns":5},{"damage":0,"enemies":"Cultist","floor":3,"turns":2},{"damage":0,"enemies":"Jaw Worm","floor":6,"turns":2},{"damage":12,"enemies":"Lagavulin","floor":8,"turns":4},{"damage":0,"enemies":"Large Slime","floor":9,"turns":3},{"damage":6,"enemies":"Red Slaver","floor":13,"turns":2},{"damage":2,"enemies":"Exordium Wildlife","floor":16,"turns":2},{"damage":4,"enemies":"The Guardian","floor":18,"turns":5},{"damage":24,"enemies":"3 Byrds","floor":20,"turns":3},{"damage":0,"enemies":"Chosen","floor":24,"turns":2},{"damage":29,"enemies":"Slavers","floor":25,"turns":2},{"damage":42,"enemies":"Gremlin Leader","floor":27,"turns":3},{"damage":27,"enemies":"Shelled Parasite and Fungi","floor":30,"turns":2},{"damage":0,"enemies":"Slavers","floor":33,"turns":1}],"seed_played":"744288022355269214","potions_obtained":[{"floor":1,"key":"Regen Potion"},{"floor":3,"key":"Dexterity Potion"},{"floor":6,"key":"Fruit Juice"},{"floor":9,"key":"SkillPotion"},{"floor":23,"key":"DuplicationPotion"},{"floor":23,"key":"FearPotion"},{"floor":25,"key":"Reflective Coating"},{"floor":30,"key":"jedi:tentaclejuice"}],"is_trial":false,"path_per_floor":["M","?","M","PTL","PTL","M","$","E","M","R","T","$","M","$","?","M","R","B",null,"M","?","$","?","M","E","R","E","T","R","M","AVR","R","E"],"character_chosen":"THE_SILENT","items_purchased":["Membership Card","jedi:sprinkler","Lantern","Bag of Preparation","REME_ArchaeologicalTools","Noxious Fumes"],"campfire_rested":4,"item_purchase_floors":[7,7,12,12,22,22],"current_hp_per_floor":[53,53,53,53,53,58,58,46,46,67,78,78,72,72,72,70,70,66,78,54,54,54,54,54,25,64,22,22,61,34,34,73,73,73],"gold":227,"neow_bonus":"","is_daily":false,"chose_seed":false,"campfire_upgraded":0,"win_rate":0.0,"timestamp":1613368109,"path_taken":["M","?","?","PTL","PTL","M","$","E","M","R","T","$","M","$","?","M","R","BOSS","M","?","$","?","M","E","R","E","T","R","M","AVR","R","E"],"items_purchased_type":["Relic","Relic","Relic","Relic","Relic","Card"],"build_version":"2020-12-22","purchased_purges":0,"victory":false,"max_hp_per_floor":[66,66,66,66,66,71,71,71,71,71,82,82,82,82,82,82,82,82,82,82,82,82,82,82,82,82,82,82,82,82,82,82,82,82],"card_choices":[{"not_picked":["Bane","rat:SiphonBlood"],"picked":"StuffTheSpire:Injection","floor":1},{"not_picked":["rat:MoondustBomb","rat:Garrote","Flechettes"],"picked":"SKIP","floor":3},{"not_picked":["StuffTheSpire:DoubleShiv","rat:Shadowstep","StuffTheSpire:ClusterCrunch"],"picked":"SKIP","floor":6},{"not_picked":["Malaise","rat:SilverDagger","rat:SilveredBlade"],"picked":"SKIP","floor":8},{"not_picked":["rat:FanOfKnives","rat:MoondustBomb","StuffTheSpire:ClusterCrunch"],"picked":"SKIP","floor":9},{"not_picked":["Underhanded Strike","rat:MoondustBomb","Dodge and Roll"],"picked":"SKIP","floor":13},{"not_picked":["Prepared","Underhanded Strike","Quick Slash"],"picked":"SKIP","floor":16},{"not_picked":["StuffTheSpire:FinalStruggle","ReplayTheSpireMod:From All Sides"],"picked":"REME_ShadowForm","floor":18},{"not_picked":["rat:RuptureArtery","REME_ShadowStrike","rat:SilverDagger+1"],"picked":"SKIP","floor":20},{"not_picked":["Dagger Spray","hubris:TrickCloak","Reflex"],"picked":"SKIP","floor":24},{"not_picked":["Escape Plan+1","ReplayTheSpireMod:Exploit Weakness"],"picked":"Noxious Fumes","floor":25},{"not_picked":["Calculated Gamble","rat:WitheringShackles","Prepared"],"picked":"SKIP","floor":27},{"not_picked":["rat:SiphonBlood","Phantasmal Killer","jedi:pocketpoison"],"picked":"SKIP","floor":30}],"player_experience":448797,"relics_obtained":[{"floor":8,"key":"halation:Toothbrush"},{"floor":11,"key":"StuffTheSpire:Rhapsscallions"},{"floor":25,"key":"Regal Pillow"},{"floor":27,"key":"StuffTheSpire:Experiment12"}],"event_choices":[{"damage_healed":0,"gold_gain":275,"player_choice":"Desecrate","damage_taken":0,"max_hp_gain":0,"max_hp_loss":0,"event_name":"Golden Shrine","floor":2,"gold_loss":0,"cards_obtained":["Regret"]},{"damage_healed":0,"gold_gain":0,"player_choice":"Got Potions","damage_taken":0,"max_hp_gain":0,"max_hp_loss":0,"event_name":"Lab","floor":23,"gold_loss":0}],"is_beta":false,"boss_relics":[{"not_picked":["relicPack:StarArrow","StuffTheSpire:Kangaroo"],"picked":"energizedSpire:SpiderWeb"}],"items_purged_floors":[],"is_endless":false,"potions_floor_spawned":[1,3,6,9,25,30],"killed_by":"Slavers","ascension_level":20}}