{"host":"6406jj8da6015sxr","time":1613385317,"event":{"mods":["AchievementEnabler","BaseMod","Colored Map","DeckTracker","Keyboard Shortcuts","Minty Spire (QoL Compilation)","Permanent Neow","SuperFastMode","everything is the same but u backflip on backflip"],"gold_per_floor":[111,111,111,125,125,125,157,167,220,47,47,47,65,100,100,231,231,254,35,51,69,69,113,136,136,160,191,207,207,207,207,207,207,207],"floor_reached":33,"language":"KOR","playtime":1176,"items_purged":["Strike_G"],"score":487,"play_id":"ed293fb1-6944-45e2-bad0-5e57783191cf","local_time":"20210215193517","is_ascension_mode":true,"campfire_choices":[{"data":"Eviscerate","floor":6.0,"key":"SMITH"},{"data":"Skewer","floor":15.0,"key":"SMITH"},{"floor":25.0,"key":"REST"},{"floor":29.0,"key":"REST"},{"data":"Concentrate","floor":32.0,"key":"SMITH"}],"circlet_count":0,"master_deck":["Defend_G","Defend_G","Defend_G+1","Defend_G","Defend_G","Survivor","Neutralize","Doppelganger+1","Poisoned Stab","Poisoned Stab","Eviscerate+1","Backstab","Poisoned Stab","Dagger Spray","Skewer+1","Corpse Explosion","Blade Dance","Blade Dance","Flash of Steel","Riddle With Holes+1","Burst+1","Well Laid Plans","Sucker Punch","Concentrate+1","Wraith Form v2","Footwork+1"],"relics":["Ring of the Snake","PreservedInsect","Juzu Bracelet","Sling","Golden Idol","Potion Belt","Black Star","Bag of Preparation","Mummified Hand","Nunchaku","Happy Flower","Bag of Marbles","Oddly Smooth Stone"],"acts_visited":["Exordium","TheCity"],"potions_floor_usage":[33,33],"damage_taken":[{"damage":0.0,"enemies":"Cultist","floor":1.0,"turns":4.0},{"damage":0.0,"enemies":"2 Louse","floor":4.0,"turns":2.0},{"damage":6.0,"enemies":"3 Sentries","floor":7.0,"turns":7.0},{"damage":4.0,"enemies":"Jaw Worm","floor":8.0,"turns":2.0},{"damage":7.0,"enemies":"Exordium Wildlife","floor":13.0,"turns":6.0},{"damage":0.0,"enemies":"Gremlin Nob","floor":14.0,"turns":2.0},{"damage":0.0,"enemies":"Slime Boss","floor":16.0,"turns":6.0},{"damage":14.0,"enemies":"Shell Parasite","floor":18.0,"turns":4.0},{"damage":13.0,"enemies":"Spheric Guardian","floor":20.0,"turns":4.0},{"damage":10.0,"enemies":"Snecko","floor":21.0,"turns":3.0},{"damage":0.0,"enemies":"Book of Stabbing","floor":23.0,"turns":3.0},{"damage":16.0,"enemies":"Centurion and Healer","floor":24.0,"turns":3.0},{"damage":0.0,"enemies":"Gremlin Leader","floor":27.0,"turns":3.0},{"damage":14.0,"enemies":"Cultist and Chosen","floor":28.0,"turns":5.0},{"damage":52,"enemies":"Collector","floor":33,"turns":8}],"seed_played":"7092448254284320821","potions_obtained":[{"floor":1.0,"key":"SkillPotion"},{"floor":4.0,"key":"Dexterity Potion"},{"floor":8.0,"key":"ColorlessPotion"},{"floor":11.0,"key":"LiquidMemories"},{"floor":11.0,"key":"ColorlessPotion"},{"floor":16.0,"key":"LiquidBronze"},{"floor":20.0,"key":"Fruit Juice"},{"floor":28.0,"key":"Fruit Juice"}],"is_trial":false,"path_per_floor":["M","?","?","M","?","R","E","M","T","$","?","?","M","E","R","B",null,"M","$","M","M","?","E","M","R","T","E","M","R","?","?","R","B"],"character_chosen":"THE_SILENT","items_purchased":["Dagger Spray","Sling","Blade Dance","Flash of Steel"],"campfire_rested":2,"item_purchase_floors":[10,10,19,19],"current_hp_per_floor":[49,35,58,58,58,58,52,48,48,48,48,48,41,41,41,41,65,51,51,38,28,28,28,17,38,38,38,24,45,45,45,45,0,0],"gold":207,"neow_bonus":"TRANSFORM_TWO_CARDS","is_daily":false,"chose_seed":false,"campfire_upgraded":3,"win_rate":0.0,"timestamp":1613385317,"path_taken":["M","?","?","M","?","R","E","?","T","$","?","?","M","E","R","BOSS","M","$","M","M","?","E","M","R","T","E","M","R","?","?","R","BOSS"],"items_purchased_type":["Card","Relic","Card","Card"],"build_version":"2020-12-22","purchased_purges":1,"victory":false,"max_hp_per_floor":[70,70,70,70,70,70,70,70,70,70,70,65,65,65,65,65,65,65,65,65,65,65,65,70,70,70,70,70,70,70,70,70,75,75],"card_choices":[{"not_picked":["Dodge and Roll","Dash"],"picked":"Poisoned Stab","floor":1.0},{"not_picked":["Tactician","Acrobatics"],"picked":"Eviscerate","floor":4.0},{"not_picked":["Backflip","Flechettes"],"picked":"Backstab","floor":7.0},{"not_picked":["Blur","Setup"],"picked":"Poisoned Stab","floor":8.0},{"not_picked":["Cloak And Dagger","Quick Slash","Outmaneuver"],"picked":"SKIP","floor":13.0},{"not_picked":["Sucker Punch","Caltrops"],"picked":"Skewer","floor":14.0},{"not_picked":["Bullet Time","Phantasmal Killer"],"picked":"Corpse Explosion","floor":16.0},{"not_picked":["Deadly Poison","Outmaneuver"],"picked":"Blade Dance","floor":18.0},{"not_picked":["Prepared","Tactician"],"picked":"Riddle With Holes+1","floor":20.0},{"not_picked":["Slice+1","Deflect+1"],"picked":"Burst","floor":21.0},{"not_picked":["Dagger Throw+1","Poisoned Stab+1","Expertise"],"picked":"SKIP","floor":23.0},{"not_picked":["Predator","Acrobatics"],"picked":"Concentrate","floor":24.0},{"not_picked":["All Out Attack","Underhanded Strike"],"picked":"Wraith Form v2","floor":27.0},{"not_picked":["Sucker Punch+1","Cloak And Dagger"],"picked":"Footwork+1","floor":28.0}],"player_experience":6310,"relics_obtained":[{"floor":7.0,"key":"PreservedInsect"},{"floor":9.0,"key":"Juzu Bracelet"},{"floor":14.0,"key":"Potion Belt"},{"floor":23.0,"key":"Bag of Preparation"},{"floor":23.0,"key":"Mummified Hand"},{"floor":26.0,"key":"Nunchaku"},{"floor":27.0,"key":"Happy Flower"},{"floor":27.0,"key":"Bag of Marbles"}],"event_choices":[{"damage_healed":0.0,"max_hp_gain":0.0,"max_hp_loss":0.0,"gold_gain":0.0,"event_name":"Shining Light","player_choice":"Entered Light","floor":2.0,"gold_loss":0.0,"damage_taken":14.0,"cards_upgraded":["Doppelganger","Defend_G"]},{"damage_healed":23.0,"max_hp_gain":0.0,"max_hp_loss":0.0,"gold_gain":0.0,"event_name":"Big Fish","player_choice":"Banana","floor":3.0,"gold_loss":0.0,"damage_taken":0.0},{"damage_healed":0.0,"max_hp_gain":0.0,"max_hp_loss":0.0,"gold_gain":0.0,"event_name":"Liars Game","player_choice":"Ignored","floor":5.0,"gold_loss":0.0,"damage_taken":0.0},{"damage_healed":0.0,"max_hp_gain":0.0,"max_hp_loss":0.0,"gold_gain":0.0,"event_name":"Lab","player_choice":"Got Potions","floor":11.0,"gold_loss":0.0,"damage_taken":0.0},{"damage_healed":0.0,"max_hp_gain":0.0,"max_hp_loss":5.0,"gold_gain":0.0,"event_name":"Golden Idol","player_choice":"Lose Max HP","floor":12.0,"gold_loss":0.0,"damage_taken":0.0,"relics_obtained":["Golden Idol"]},{"damage_healed":0.0,"max_hp_gain":0.0,"max_hp_loss":0.0,"gold_gain":0.0,"cards_transformed":["Strike_G","Strike_G"],"event_name":"Drug Dealer","player_choice":"Became Test Subject","floor":22.0,"gold_loss":0.0,"damage_taken":0.0,"cards_obtained":["Well Laid Plans","Sucker Punch"]},{"damage_healed":0.0,"max_hp_gain":0.0,"max_hp_loss":0.0,"gold_gain":0.0,"event_name":"The Mausoleum","player_choice":"Opened","floor":30.0,"gold_loss":0.0,"damage_taken":0.0,"relics_obtained":["Oddly Smooth Stone"]},{"damage_healed":0.0,"max_hp_gain":0.0,"max_hp_loss":0.0,"gold_gain":0.0,"event_name":"Accursed Blacksmith","player_choice":"Forge","floor":31.0,"gold_loss":0.0,"damage_taken":0.0,"cards_upgraded":["Burst"]}],"is_beta":false,"boss_relics":[{"not_picked":["Cursed Key","Calling Bell"],"picked":"Black Star"}],"items_purged_floors":[19],"is_endless":false,"potions_floor_spawned":[1,4,8,16,20,28],"killed_by":"Collector","ascension_level":2}}