{"host":"bz6w3lfmpwgz81o3","time":1613399343,"event":{"mods":["BaseMod","Downfall","Hermit","Minty Spire (QoL Compilation)","StSLib"],"gold_per_floor":[112,131,306,2,21,55,55,70,97,97,132,142,20,54,54,150,150,166,166,21,21,21,52,52,81,81,81,108,108,35,51,51,151,151,167,180,197,244,293,293,323,74,101,1,1,1,32,32,32,32],"floor_reached":51,"language":"ENG","playtime":2288,"items_purged":["hermit:Strike_Hermit","hermit:Snapshot"],"score":941,"play_id":"bbb3e676-45a5-40f8-b1cc-a867afc0775b","local_time":"20210215152903","is_ascension_mode":true,"campfire_choices":[{"data":"hermit:Determination","floor":7.0,"key":"SMITH"},{"data":"hermit:Feint","floor":10.0,"key":"SMITH"},{"floor":15.0,"key":"REST"},{"data":"hermit:FatalDesire","floor":27.0,"key":"SMITH"},{"data":"hermit:Manifest","floor":29.0,"key":"SMITH"},{"data":"hermit:Grudge","floor":32.0,"key":"SMITH"},{"data":"hermit:ShadowCloak","floor":40,"key":"SMITH"},{"data":"hermit:ShadowCloak","floor":45,"key":"SMITH"},{"data":"hermit:Spite","floor":49,"key":"SMITH"}],"circlet_count":0,"master_deck":["hermit:Defend_Hermit","hermit:Defend_Hermit","hermit:Defend_Hermit","hermit:Covet","hermit:FinalCanter","Doubt","hermit:CursedWeapon","hermit:FinalCanter","hermit:Spite+1","hermit:Determination+1","hermit:Feint+1","hermit:ShadowCloak+1","hermit:Misfire","hermit:ShadowCloak+1","hermit:FatalDesire+1","hermit:Vantage+1","hermit:Manifest+1","hermit:Misfire","hermit:SprayPray+1","hermit:Cheat","Shame","hermit:Coalescence","hermit:Grudge+1","hermit:Midnight","hermit:Snipe+1","hermit:Coalescence+1","hermit:ShadowCloak+1","hermit:HeroicBravado","hermit:LowProfile+1"],"relics":["hermit:Momento","DollysMirror","Potion Belt","Bag of Preparation","Juzu Bracelet","Anchor","Empty Cage","Orrery","StoneCalendar","Lantern","hermit:CharredGlove","Pear","Incense Burner","SlaversCollar","MealTicket","TungstenRod","Strawberry","White Beast Statue","Bronze Scales","Guardian:PocketSentry"],"acts_visited":["Exordium","TheCity","TheBeyond"],"potions_floor_usage":[37,39,47,47,47],"damage_taken":[{"damage":0.0,"enemies":"Small Slimes","floor":1.0,"turns":3.0},{"damage":2.0,"enemies":"2 Louse","floor":2.0,"turns":3.0},{"damage":8.0,"enemies":"Jaw Worm","floor":5.0,"turns":3.0},{"damage":2.0,"enemies":"Gremlin Nob","floor":6.0,"turns":2.0},{"damage":3.0,"enemies":"3 Louse","floor":8.0,"turns":3.0},{"damage":5.0,"enemies":"Lagavulin","floor":11.0,"turns":7.0},{"damage":2.0,"enemies":"Large Slime","floor":12.0,"turns":5.0},{"damage":16.0,"enemies":"Gremlin Nob","floor":14.0,"turns":3.0},{"damage":4.0,"enemies":"The Guardian","floor":16.0,"turns":11.0},{"damage":9.0,"enemies":"3 Byrds","floor":18.0,"turns":6.0},{"damage":15.0,"enemies":"Gremlin Leader","floor":23.0,"turns":5.0},{"damage":2.0,"enemies":"Slavers","floor":25.0,"turns":3.0},{"damage":2.0,"enemies":"Book of Stabbing","floor":28.0,"turns":3.0},{"damage":2.0,"enemies":"Chosen","floor":31.0,"turns":3.0},{"damage":11.0,"enemies":"Automaton","floor":33.0,"turns":7.0},{"damage":6,"enemies":"3 Darklings","floor":35,"turns":3},{"damage":2,"enemies":"Orb Walker","floor":36,"turns":2},{"damage":5,"enemies":"Sphere and 2 Shapes","floor":37,"turns":3},{"damage":21,"enemies":"2 Orb Walkers","floor":39,"turns":3},{"damage":0,"enemies":"Nemesis","floor":41,"turns":5},{"damage":24,"enemies":"Reptomancer","floor":47,"turns":4},{"damage":22,"enemies":"Donu and Deca","floor":50,"turns":5}],"seed_played":"3782945260718333435","potions_obtained":[{"floor":1.0,"key":"PowerPotion"},{"floor":2.0,"key":"Swift Potion"},{"floor":6.0,"key":"PowerPotion"},{"floor":8.0,"key":"SpeedPotion"},{"floor":14.0,"key":"LiquidMemories"},{"floor":23.0,"key":"hermit:Tonic"},{"floor":24.0,"key":"EssenceOfSteel"},{"floor":24.0,"key":"Slimebound:ThreeZeroPotion"},{"floor":24.0,"key":"LiquidMemories"},{"floor":31.0,"key":"SteroidPotion"},{"floor":36,"key":"FairyPotion"},{"floor":37,"key":"Block Potion"},{"floor":47,"key":"hermit:BlackBile"}],"is_trial":false,"path_per_floor":["M","M","?","$","M","E","R","M","T","R","E","M","$","E","R","B",null,"M","?","$","?","?","E","?","E","T","R","E","R","$","M","R","B",null,"M","M","M","T","?","R","E","$","T","$","R","$","E","?","R","B",null],"character_chosen":"HERMIT","items_purchased":["hermit:CursedWeapon","DollysMirror","hermit:Misfire","hermit:ShadowCloak","Orrery","hermit:Midnight","White Beast Statue"],"campfire_rested":1,"item_purchase_floors":[4,4,13,13,20,30,42],"current_hp_per_floor":[54,52,52,52,44,42,42,39,39,39,34,32,32,16,38,34,75,66,66,66,66,66,51,51,49,59,59,57,57,57,55,55,44,85,79,77,72,72,51,51,58,73,73,88,88,92,68,68,68,46],"gold":32,"neow_bonus":"THREE_RARE_CARDS","is_daily":false,"chose_seed":false,"campfire_upgraded":8,"win_rate":0.0,"timestamp":1613399343,"path_taken":["M","M","?","$","M","E","R","M","T","R","E","M","$","E","R","BOSS","M","?","$","?","?","E","?","E","T","R","E","R","$","M","R","BOSS","M","M","M","?","?","R","E","$","T","$","R","$","E","?","R","BOSS"],"items_purchased_type":["Card","Relic","Card","Card","Relic","Card","Relic"],"build_version":"2020-12-22","purchased_purges":2,"victory":true,"max_hp_per_floor":[75,75,75,75,75,75,75,75,75,75,75,75,75,75,75,75,75,75,75,75,75,75,75,75,75,85,85,85,85,85,85,85,85,85,85,85,85,85,85,85,92,92,92,92,92,92,92,92,92,92],"card_choices":[{"not_picked":["hermit:HeroicBravado","hermit:Roughhouse"],"picked":"hermit:FinalCanter","floor":0.0},{"not_picked":["hermit:Virtue","hermit:Quickdraw","hermit:Shortfuse"],"picked":"SKIP","floor":1.0},{"not_picked":["hermit:Snipe","hermit:Headshot","hermit:CalledShot"],"picked":"SKIP","floor":2.0},{"not_picked":["hermit:Brawl","hermit:Vantage"],"picked":"hermit:Spite","floor":5.0},{"not_picked":["hermit:Desperado","hermit:Quickdraw"],"picked":"hermit:Determination","floor":6.0},{"not_picked":["hermit:LoneWolf","hermit:TrackingShot"],"picked":"hermit:Feint","floor":8.0},{"not_picked":["hermit:Horror","hermit:Enervate"],"picked":"hermit:ShadowCloak","floor":11.0},{"not_picked":["hermit:Showdown","hermit:BodyArmor","hermit:LoneWolf"],"picked":"SKIP","floor":12.0},{"not_picked":["hermit:Enervate","hermit:NoHoldsBarred","hermit:TakeAim"],"picked":"SKIP","floor":14.0},{"not_picked":["hermit:EternalForm","hermit:OverwhelmingPower"],"picked":"hermit:FatalDesire","floor":16.0},{"not_picked":["hermit:TakeCover","hermit:HighCaliber+1"],"picked":"hermit:Vantage+1","floor":18.0},{"not_picked":["hermit:Horror","hermit:Spite"],"picked":"hermit:Manifest","floor":20.0},{"not_picked":["hermit:Roulette","hermit:ItchyTrigger"],"picked":"hermit:Misfire","floor":20.0},{"not_picked":["hermit:LuckOfTheDraw","hermit:Vantage"],"picked":"hermit:SprayPray+1","floor":20.0},{"not_picked":["hermit:Shortfuse","hermit:Dissolve"],"picked":"hermit:Coalescence","floor":23.0},{"not_picked":["hermit:ShadowCloak+1","hermit:NoHoldsBarred"],"picked":"hermit:Grudge","floor":25.0},{"not_picked":["hermit:Feint","hermit:TrackingShot","hermit:Maintenance"],"picked":"SKIP","floor":28.0},{"not_picked":["hermit:CursedWeapon","hermit:Feint","hermit:Ricochet"],"picked":"SKIP","floor":31.0},{"not_picked":["hermit:TakeAim","hermit:Roulette+1"],"picked":"hermit:Snipe+1","floor":35},{"not_picked":["hermit:Snipe","hermit:Vantage+1"],"picked":"hermit:Coalescence+1","floor":36},{"not_picked":["hermit:Vantage+1","hermit:Enervate+1"],"picked":"hermit:ShadowCloak+1","floor":37},{"not_picked":["hermit:HighCaliber","hermit:Combo+1"],"picked":"hermit:HeroicBravado","floor":39},{"not_picked":["hermit:Deadeye","hermit:TrackingShot+1","hermit:HoleUp"],"picked":"SKIP","floor":41},{"not_picked":["hermit:Roulette","hermit:Feint"],"picked":"hermit:LowProfile+1","floor":47}],"player_experience":40317,"relics_obtained":[{"floor":6.0,"key":"Potion Belt"},{"floor":9.0,"key":"Bag of Preparation"},{"floor":11.0,"key":"Juzu Bracelet"},{"floor":14.0,"key":"Anchor"},{"floor":23.0,"key":"Lantern"},{"floor":25.0,"key":"hermit:CharredGlove"},{"floor":26.0,"key":"Pear"},{"floor":28.0,"key":"Incense Burner"},{"floor":38,"key":"MealTicket"},{"floor":39,"key":"TungstenRod"},{"floor":41,"key":"Strawberry"},{"floor":43,"key":"Bronze Scales"},{"floor":47,"key":"Guardian:PocketSentry"}],"event_choices":[{"damage_healed":0.0,"max_hp_gain":0.0,"max_hp_loss":0.0,"gold_gain":175.0,"event_name":"Liars Game","player_choice":"AGREE","floor":3.0,"gold_loss":0.0,"damage_taken":0.0,"cards_obtained":["Doubt"]},{"damage_healed":0.0,"max_hp_gain":0.0,"max_hp_loss":0.0,"gold_gain":0.0,"cards_transformed":["hermit:Strike_Hermit","hermit:Defend_Hermit"],"event_name":"Drug Dealer","player_choice":"Became Test Subject","floor":21.0,"gold_loss":0.0,"damage_taken":0.0,"cards_obtained":["hermit:Cheat","hermit:GhostlyPresence"]},{"damage_healed":0.0,"max_hp_gain":0.0,"max_hp_loss":0.0,"gold_gain":0.0,"event_name":"Addict","player_choice":"Stole Relic","floor":22.0,"gold_loss":0.0,"damage_taken":0.0,"relics_obtained":["StoneCalendar"],"cards_obtained":["Shame"]},{"damage_healed":0.0,"max_hp_gain":0.0,"max_hp_loss":0.0,"gold_gain":0.0,"event_name":"Lab","player_choice":"Got Potions","floor":24.0,"gold_loss":0.0,"damage_taken":0.0},{"damage_healed":0,"gold_gain":0,"player_choice":"Fight","damage_taken":0,"max_hp_gain":0,"max_hp_loss":0,"event_name":"Mysterious Sphere","floor":39,"gold_loss":0},{"cards_removed":["hermit:GhostlyPresence"],"damage_healed":0,"gold_gain":0,"player_choice":"Removed Skill","damage_taken":0,"max_hp_gain":0,"max_hp_loss":0,"event_name":"Falling","floor":48,"gold_loss":0}],"is_beta":false,"boss_relics":[{"not_picked":["Astrolabe","Busted Crown"],"picked":"Empty Cage"},{"not_picked":["SacredBark","Coffee Dripper"],"picked":"SlaversCollar"}],"items_purged_floors":[4,44],"is_endless":false,"potions_floor_spawned":[1,2,6,8,14,23,31,36,37,47],"ascension_level":1}}