{"host":"lnnm69al9x392px5","time":1613427741,"event":{"mods":["BaseMod","Downfall","Minty Spire (QoL Compilation)","Reliquary","Replay The Spire","StSLib"],"gold_per_floor":[113,123,137,137,137,137,176,197,197,220,220,46,64,64,64,64,64],"floor_reached":16,"language":"ENG","playtime":519,"items_purged":[],"score":102,"play_id":"5c4ff24b-f444-4665-818d-bae37bfdcc25","local_time":"20210215142221","is_ascension_mode":false,"campfire_choices":[{"data":"Demon Form","floor":6,"key":"SMITH"},{"floor":11,"key":"REST"},{"data":"Armaments","floor":15,"key":"SMITH"}],"circlet_count":0,"master_deck":["Strike_R","Strike_R","Strike_R","Strike_R","Strike_R","Defend_R","Defend_R","Defend_R","Defend_R","Bash","Defend_G","ReplayReversal","Combust","ReplayTheSpireMod:Strike From Hell","Demon Form+1","Evolve","Cleave","Spot Weakness","Armaments+1","Brutality"],"relics":["Burning Blood","Pondfish Scales","Golden Idol","reliquary:Knoch","Happy Flower","reliquary:Stiletto"],"acts_visited":["Exordium"],"potions_floor_usage":[10,16],"damage_taken":[{"damage":6,"enemies":"2 Louse","floor":1,"turns":4},{"damage":8,"enemies":"Jaw Worm","floor":2,"turns":5},{"damage":3,"enemies":"Cultist","floor":3,"turns":3},{"damage":24,"enemies":"Lagavulin","floor":7,"turns":7},{"damage":4,"enemies":"Looter","floor":8,"turns":4},{"damage":24,"enemies":"Lots of Slimes","floor":10,"turns":4},{"damage":11,"enemies":"Large Slime","floor":13,"turns":6},{"damage":40,"enemies":"The Guardian","floor":16,"turns":6}],"seed_played":"8860217874201387368","potions_obtained":[{"floor":3,"key":"ElixirPotion"},{"floor":8,"key":"SkillPotion"},{"floor":10,"key":"LiquidBronze"}],"is_trial":false,"path_per_floor":["M","M","M","?","?","R","E","M","T","M","R","$","M","?","R","B"],"character_chosen":"IRONCLAD","items_purchased":["reliquary:Stiletto","Armaments"],"campfire_rested":1,"item_purchase_floors":[12,12],"current_hp_per_floor":[80,78,80,60,60,60,42,44,44,26,50,50,45,37,37,0,0],"gold":64,"neow_bonus":"ONE_RARE_RELIC","is_daily":false,"chose_seed":false,"campfire_upgraded":2,"win_rate":0.0,"timestamp":1613427741,"path_taken":["M","M","M","?","?","R","E","?","T","M","R","$","M","?","R","BOSS"],"items_purchased_type":["Relic","Card"],"build_version":"2020-12-22","purchased_purges":0,"victory":false,"max_hp_per_floor":[80,80,80,80,80,80,80,80,80,80,80,80,80,80,80,80,80],"card_choices":[{"not_picked":["Twin Strike","Fire Breathing"],"picked":"ReplayReversal","floor":1},{"not_picked":["Blood for Blood","Armaments"],"picked":"Combust","floor":2},{"not_picked":["Sword Boomerang","Pommel Strike"],"picked":"ReplayTheSpireMod:Strike From Hell","floor":3},{"not_picked":["Shrug It Off","Anger"],"picked":"Evolve","floor":7},{"not_picked":["Sword Boomerang","Evolve"],"picked":"Cleave","floor":8},{"not_picked":["Dropkick","Replay:Undeath\u0027s Touch"],"picked":"Spot Weakness","floor":10},{"not_picked":["Whirlwind","Evolve"],"picked":"Brutality","floor":13}],"player_experience":298532,"relics_obtained":[{"floor":7,"key":"reliquary:Knoch"},{"floor":9,"key":"Happy Flower"}],"event_choices":[{"damage_healed":0,"gold_gain":0,"player_choice":"Take Damage","damage_taken":20,"relics_obtained":["Golden Idol"],"max_hp_gain":0,"max_hp_loss":0,"event_name":"Golden Idol","floor":4,"gold_loss":0},{"damage_healed":0,"gold_gain":0,"cards_transformed":["hexamod:Strike"],"player_choice":"Transformed","damage_taken":0,"max_hp_gain":0,"max_hp_loss":0,"event_name":"Transmorgrifier","floor":5,"gold_loss":0,"cards_obtained":["Demon Form"]},{"damage_healed":0,"gold_gain":0,"player_choice":"Damaged","damage_taken":8,"max_hp_gain":0,"max_hp_loss":0,"event_name":"Wheel of Change","floor":14,"gold_loss":0}],"is_beta":false,"boss_relics":[],"items_purged_floors":[],"is_endless":false,"potions_floor_spawned":[3,8,10],"killed_by":"The Guardian","ascension_level":0}}