{"host":"lg1piimdyocafd6j","time":1613415976,"event":{"mods":["AchievementEnabler","BaseMod","Better Third Choice","BetterRewards","Colored Map","Colored Powertips","Downfall","Minty Spire (QoL Compilation)","Quick Restart","Rare Cards Sparkle","Remove Card Discount Mod","Shop Mod","StSLib","SuperFastMode"],"gold_per_floor":[119,132,142,142,156,189,189,221,289,289,359,359,379,369,369,495,495,495,495],"floor_reached":18,"language":"ENG","playtime":843,"items_purged":["Defend_R","Bash","Strike_R","Strike_R","Strike_R","Strike_R","Strike_R","Defend_R","Defend_R","Defend_R"],"score":220,"play_id":"6272c633-6db3-4aba-b53e-8ddde800a216","local_time":"20210215200616","is_ascension_mode":false,"campfire_choices":[{"floor":7,"key":"RECALL"},{"floor":15,"key":"REST"}],"circlet_count":0,"master_deck":["Iron Wave","Juggernaut+1","Shrug It Off","Shrug It Off","Impatience","Iron Wave","Iron Wave","Iron Wave"],"relics":["Burning Blood","MerchantsRug","Vajra","Torii","Frozen Egg 2","Golden Idol","Juzu Bracelet","Tiny Chest"],"acts_visited":["Exordium","TheCity"],"potions_floor_usage":[],"damage_taken":[{"damage":3,"enemies":"Jaw Worm","floor":1,"turns":5},{"damage":9,"enemies":"2 Louse","floor":2,"turns":2},{"damage":2,"enemies":"Small Slimes","floor":3,"turns":3},{"damage":7,"enemies":"3 Louse","floor":5,"turns":3},{"damage":0,"enemies":"Gremlin Nob","floor":6,"turns":4},{"damage":4,"enemies":"3 Sentries","floor":8,"turns":6},{"damage":19,"enemies":"3 Sentries","floor":11,"turns":7},{"damage":1,"enemies":"Looter","floor":13,"turns":3},{"damage":9,"enemies":"Slime Boss","floor":16,"turns":8},{"damage":0,"enemies":"3 Byrds","floor":18,"turns":1}],"seed_played":"-3868378943945741707","potions_obtained":[{"floor":2,"key":"Guardian:BlockOnCardUsePotion"},{"floor":8,"key":"Strength Potion"},{"floor":11,"key":"EssenceOfSteel"}],"is_trial":false,"path_per_floor":["M","M","M","?","M","E","R","E","T","?","?","?","M","$","R","B",null,"M"],"character_chosen":"IRONCLAD","items_purchased":["Iron Wave","Juggernaut","Shrug It Off","Shrug It Off","MerchantsRug","Impatience"],"campfire_rested":1,"item_purchase_floors":[0,0,0,0,0,0],"current_hp_per_floor":[80,77,80,80,79,80,80,80,80,60,47,40,45,45,69,66,80,80,80],"gold":495,"neow_bonus":"","is_daily":false,"chose_seed":false,"campfire_upgraded":0,"win_rate":0.0,"timestamp":1613415976,"path_taken":["M","M","M","?","M","E","R","E","T","?","?","?","M","$","R","BOSS","M"],"items_purchased_type":["Card","Card","Card","Card","Relic","Card"],"build_version":"2020-12-22","purchased_purges":10,"victory":false,"max_hp_per_floor":[80,80,80,80,80,80,80,80,80,80,80,80,80,80,80,80,80,80,80],"card_choices":[{"not_picked":["Rage","Inflame"],"picked":"Iron Wave","floor":1},{"not_picked":["Shrug It Off","Havoc","Headbutt"],"picked":"SKIP","floor":2},{"not_picked":["Rupture","Flex","Perfected Strike"],"picked":"SKIP","floor":3},{"not_picked":["Armaments","Thunderclap"],"picked":"Iron Wave","floor":5},{"not_picked":["Clash","Pummel","Berserk"],"picked":"SKIP","floor":6},{"not_picked":["Pommel Strike","Dual Wield","Pummel"],"picked":"SKIP","floor":8},{"not_picked":["Flex","Armaments"],"picked":"Iron Wave","floor":13}],"player_experience":135357,"relics_obtained":[{"floor":6,"key":"Vajra"},{"floor":8,"key":"Torii"},{"floor":9,"key":"Frozen Egg 2"},{"floor":11,"key":"Juzu Bracelet"}],"event_choices":[{"damage_healed":0,"gold_gain":0,"player_choice":"Grow","damage_taken":0,"max_hp_gain":0,"max_hp_loss":0,"event_name":"Living Wall","floor":4,"gold_loss":0,"cards_upgraded":["Juggernaut"]},{"damage_healed":0,"gold_gain":0,"player_choice":"Take Damage","damage_taken":20,"relics_obtained":["Golden Idol"],"max_hp_gain":0,"max_hp_loss":0,"event_name":"Golden Idol","floor":10,"gold_loss":0},{"damage_healed":0,"gold_gain":0,"player_choice":"Searched \u00271\u0027 times","damage_taken":0,"max_hp_gain":0,"max_hp_loss":0,"event_name":"Dead Adventurer","floor":11,"gold_loss":0},{"damage_healed":0,"gold_gain":0,"player_choice":"Relic ","damage_taken":7,"max_hp_gain":0,"max_hp_loss":0,"event_name":"betterThird:BetterScrap","floor":12,"gold_loss":0,"cards_obtained":["Skim"]}],"is_beta":false,"boss_relics":[{"not_picked":["Tiny House","Runic Dome","bronze:MakeshiftBattery"]}],"items_purged_floors":[0,0,0,0,0,14,14,14,14,14],"is_endless":false,"potions_floor_spawned":[2,8,11,13,16],"killed_by":"3 Byrds","ascension_level":0}}