{"host":"Aki","time":1613363082,"event":{"mods":["ATMod(°¢èªMod)","Act Like it!","BaseMod","Custom Start","Minty Spire (QoL Compilation)","Quick Restart","Relic Stats","StSLib","noobMod"],"gold_per_floor":[111,111,111,61,80,80,107,107,107,107,123,123,137,24,24,124,124,144,65,65,76,76,76,8,8,34,48,48,48,118,153,153,250,250,250,263,276,276,287,320,320,320,320,338,162,162,212,340,340,540,540,540,205,433,533],"floor_reached":56,"language":"ZHS","playtime":2251,"items_purged":["Strike_B","Clumsy","Defend_B"],"score":1751,"play_id":"c307d587-d2b5-4e98-9fcb-b6b790283634","local_time":"20210215122442","is_ascension_mode":true,"campfire_choices":[{"data":"Streamline","floor":6.0,"key":"SMITH"},{"data":"Zap","floor":10.0,"key":"SMITH"},{"data":"Turbo","floor":12.0,"key":"SMITH"},{"data":"Skim","floor":15.0,"key":"SMITH"},{"data":"Fission","floor":23.0,"key":"SMITH"},{"data":"Recycle","floor":25.0,"key":"SMITH"},{"data":"AT_RightCognition","floor":32.0,"key":"SMITH"},{"floor":42.0,"key":"RECALL"},{"data":"AT_RightCognition","floor":46,"key":"SMITH"},{"data":"Heatsinks","floor":49,"key":"SMITH"},{"data":"Reboot","floor":52,"key":"SMITH"}],"circlet_count":0,"master_deck":["Zap+1","Dualcast","Turbo+1","Glacier+1","Skim+1","Fission+1","Coolheaded+1","Recycle+1","Heatsinks+1","AT_RightCognition+1","AT_RightCognition+1","Loop+1","Heatsinks+1","Loop+1","AT_HeatAcrobatics","Defragment+1","Storm","Reboot+1","Storm","AT_DarkMatter","AT_StudyProgram","Static Discharge"],"relics":["Cracked Core","ice","AT_ATBox","NeowsBlessing","Bottled Lightning","Letter Opener","Empty Cage","War Paint","AT_ChloranthyRing","InkBottle","Girya","Astrolabe","Mummified Hand","Nunchaku","AT_TheCollector","Strawberry","Pantograph"],"acts_visited":["Exordium","TheCity","TheBeyond","TheEnding"],"potions_floor_usage":[54,55,55,55],"damage_taken":[{"damage":0.0,"enemies":"Jaw Worm","floor":1.0,"turns":1.0},{"damage":0.0,"enemies":"2 Louse","floor":5.0,"turns":1.0},{"damage":0.0,"enemies":"3 Sentries","floor":7.0,"turns":1.0},{"damage":0.0,"enemies":"Small Slimes","floor":11.0,"turns":2.0},{"damage":5.0,"enemies":"Exordium Thugs","floor":13.0,"turns":4.0},{"damage":0.0,"enemies":"Slime Boss","floor":16.0,"turns":8.0},{"damage":2.0,"enemies":"Shell Parasite","floor":18.0,"turns":3.0},{"damage":0.0,"enemies":"Spheric Guardian","floor":21.0,"turns":2.0},{"damage":3.0,"enemies":"Snake Plant","floor":27.0,"turns":3.0},{"damage":1.0,"enemies":"Gremlin Leader","floor":31.0,"turns":2.0},{"damage":1.0,"enemies":"Automaton","floor":33.0,"turns":4.0},{"damage":0.0,"enemies":"3 Darklings","floor":35.0,"turns":1.0},{"damage":11.0,"enemies":"3 Shapes","floor":36.0,"turns":2.0},{"damage":0.0,"enemies":"Maw","floor":37.0,"turns":5.0},{"damage":0.0,"enemies":"4 Shapes","floor":39.0,"turns":4.0},{"damage":0.0,"enemies":"Reptomancer","floor":40.0,"turns":6.0},{"damage":0.0,"enemies":"Spire Growth","floor":41.0,"turns":2.0},{"damage":10.0,"enemies":"3 Darklings","floor":44.0,"turns":3.0},{"damage":0,"enemies":"Mind Bloom Boss Battle","floor":47,"turns":4},{"damage":0,"enemies":"Giant Head","floor":48,"turns":5},{"damage":0,"enemies":"Donu and Deca","floor":50,"turns":6},{"damage":0,"enemies":"Shield and Spear","floor":54,"turns":5},{"damage":27,"enemies":"The Heart","floor":55,"turns":9}],"seed_played":"-727237422964808661","potions_obtained":[{"floor":1.0,"key":"FearPotion"},{"floor":11.0,"key":"SmokeBomb"},{"floor":13.0,"key":"BlessingOfTheForge"},{"floor":27.0,"key":"LiquidBronze"},{"floor":33.0,"key":"SkillPotion"},{"floor":37.0,"key":"ColorlessPotion"},{"floor":40.0,"key":"Block Potion"},{"floor":44.0,"key":"FearPotion"},{"floor":47,"key":"PotionOfCapacity"},{"floor":54,"key":"FearPotion"}],"is_trial":false,"path_per_floor":["M","?","?","?","M","R","E","?","T","R","M","R","M","$","R","B",null,"M","$","?","M","?","R","$","R","T","M","?","?","T","E","R","B",null,"M","M","M","?","M","E","M","R","T","M","$","R","?","E","R","B",null,"R","$","E","B",null],"character_chosen":"DEFECT","items_purchased":["Skim","Defragment","Heatsinks","Storm","PotionOfCapacity","AT_DarkMatter","AT_StudyProgram"],"campfire_rested":0,"item_purchase_floors":[14,19,24,45,53,53,53],"current_hp_per_floor":[75,80,80,80,80,80,80,80,80,80,80,80,75,75,75,75,79,77,77,77,77,77,77,77,77,77,74,74,74,74,73,73,72,78,78,67,67,67,67,67,67,67,67,57,57,57,57,64,64,64,81,81,81,81,60],"gold":533,"neow_bonus":"THREE_ENEMY_KILL","is_daily":false,"chose_seed":true,"campfire_upgraded":10,"win_rate":0.0,"timestamp":1613363082,"path_taken":["M","?","?","?","M","R","E","?","T","R","M","R","?","?","R","BOSS","M","$","?","M","?","R","?","R","T","?","?","?","?","E","R","BOSS","M","?","M","?","M","E","M","E","T","?","?","R","?","E","R","BOSS","R","$","E","BOSS"],"items_purchased_type":["Card","Card","Card","Card","Potion","Card","Card"],"build_version":"2020-12-18","purchased_purges":3,"victory":true,"max_hp_per_floor":[75,80,80,80,80,80,80,80,80,80,80,80,80,80,80,80,80,80,80,80,80,80,80,80,80,80,80,80,80,80,80,80,80,80,80,80,80,80,80,80,80,80,80,80,80,80,80,87,87,87,87,87,87,87,87],"relic_stats":{"Nunchaku":[0],"counters":[23,80],"Mummified Hand":[68],"Astrolabe":["Loop","Heatsinks","Loop"],"Pantograph":6,"Letter Opener":[1110],"War Paint":["Glacier","Defend_B"],"obtain_stats":[{"AT_ChloranthyRing":28,"Girya":31,"AT_ATBox":0,"NeowsBlessing":0,"Astrolabe":34,"ice":0,"Letter Opener":9,"War Paint":26,"Empty Cage":17,"Nunchaku":40,"Mummified Hand":38,"AT_TheCollector":47,"Strawberry":48,"Pantograph":54,"Bottled Lightning":7,"Cracked Core":0,"InkBottle":30},{"AT_ChloranthyRing":9,"Girya":10,"AT_ATBox":0,"NeowsBlessing":0,"Astrolabe":11,"ice":0,"Letter Opener":3,"War Paint":8,"Empty Cage":6,"Nunchaku":16,"Mummified Hand":14,"AT_TheCollector":19,"Strawberry":20,"Pantograph":22,"Bottled Lightning":3,"Cracked Core":0,"InkBottle":9},{"AT_ChloranthyRing":25,"Girya":27,"AT_ATBox":0,"NeowsBlessing":0,"Astrolabe":31,"ice":0,"Letter Opener":3,"War Paint":22,"Empty Cage":17,"Nunchaku":46,"Mummified Hand":38,"AT_TheCollector":55,"Strawberry":60,"Pantograph":71,"Bottled Lightning":3,"Cracked Core":0,"InkBottle":25}],"InkBottle":[38]},"card_choices":[{"not_picked":["Scrape","Self Repair"],"picked":"Turbo","floor":1.0},{"not_picked":["Heatsinks","Compile Driver"],"picked":"Streamline","floor":5.0},{"not_picked":["Steam Power","Turbo"],"picked":"Glacier","floor":7.0},{"not_picked":["Rebound","Heatsinks","Chaos"],"picked":"SKIP","floor":11.0},{"not_picked":["Cold Snap","Self Repair","Sweeping Beam"],"picked":"SKIP","floor":13.0},{"not_picked":["Rainbow","Reboot"],"picked":"Fission","floor":16.0},{"not_picked":["Streamline","Blizzard"],"picked":"Coolheaded+1","floor":18.0},{"not_picked":["Fusion","Turbo"],"picked":"Recycle","floor":21.0},{"not_picked":["Hologram+1","Static Discharge","Rebound"],"picked":"SKIP","floor":27.0},{"not_picked":["Steam Power","Compile Driver+1","AT_HeatAcrobatics+1"],"picked":"SKIP","floor":31.0},{"not_picked":["Hyperbeam","Thunder Strike"],"picked":"AT_RightCognition","floor":33.0},{"not_picked":["Turbo","Coolheaded","Hello World+1"],"picked":"SKIP","floor":36.0},{"not_picked":["Compile Driver+1","Static Discharge+1"],"picked":"AT_HeatAcrobatics","floor":37.0},{"not_picked":["Go for the Eyes+1","Consume+1","Streamline"],"picked":"SKIP","floor":39.0},{"not_picked":["Barrage","Turbo","AT_HeatAcrobatics+1"],"picked":"SKIP","floor":40.0},{"not_picked":["Redo","Ball Lightning+1"],"picked":"Defragment+1","floor":44.0},{"not_picked":["Gash","Beam Cell"],"picked":"Reboot","floor":47},{"not_picked":["Conserve Battery","Turbo"],"picked":"Storm","floor":48},{"not_picked":["Stack+1","Chill+1"],"picked":"Static Discharge","floor":54}],"player_experience":57489,"relics_obtained":[{"floor":7.0,"key":"Bottled Lightning"},{"floor":9.0,"key":"Letter Opener"},{"floor":26.0,"key":"War Paint"},{"floor":30.0,"key":"InkBottle"},{"floor":31.0,"key":"Girya"},{"floor":38.0,"key":"Mummified Hand"},{"floor":40.0,"key":"Nunchaku"},{"floor":47,"key":"AT_TheCollector"},{"floor":48,"key":"Strawberry"},{"floor":54,"key":"Pantograph"}],"event_choices":[{"damage_healed":0.0,"max_hp_gain":5.0,"max_hp_loss":0.0,"gold_gain":0.0,"event_name":"Big Fish","player_choice":"Donut","floor":2.0,"gold_loss":0.0,"damage_taken":0.0},{"damage_healed":0.0,"max_hp_gain":0.0,"max_hp_loss":0.0,"gold_gain":0.0,"event_name":"Liars Game","player_choice":"Ignored","floor":3.0,"gold_loss":0.0,"damage_taken":0.0},{"cards_removed":["Strike_B"],"damage_healed":0.0,"max_hp_gain":0.0,"max_hp_loss":0.0,"gold_gain":0.0,"event_name":"The Cleric","player_choice":"Card Removal","floor":4.0,"gold_loss":50.0,"damage_taken":0.0},{"damage_healed":0.0,"max_hp_gain":0.0,"max_hp_loss":0.0,"gold_gain":0.0,"cards_transformed":["Strike_B"],"event_name":"Living Wall","player_choice":"Change","floor":8.0,"gold_loss":0.0,"damage_taken":0.0,"cards_obtained":["AT_ThunderBolt"]},{"cards_removed":["Defend_B"],"damage_healed":0.0,"max_hp_gain":0.0,"max_hp_loss":0.0,"gold_gain":0.0,"event_name":"Back to Basics","player_choice":"Elegance","floor":20.0,"gold_loss":0.0,"damage_taken":0.0},{"damage_healed":0.0,"max_hp_gain":0.0,"max_hp_loss":0.0,"gold_gain":0.0,"event_name":"Ghosts","player_choice":"Ignored","floor":22.0,"gold_loss":0.0,"damage_taken":0.0},{"damage_healed":0.0,"max_hp_gain":0.0,"max_hp_loss":0.0,"gold_gain":0.0,"event_name":"Addict","player_choice":"Stole Relic","floor":28.0,"gold_loss":0.0,"damage_taken":0.0,"relics_obtained":["AT_ChloranthyRing"],"cards_obtained":["Shame"]},{"damage_healed":0.0,"max_hp_gain":0.0,"max_hp_loss":0.0,"gold_gain":0.0,"cards_transformed":["Shame","Defend_B"],"event_name":"Drug Dealer","player_choice":"Became Test Subject","floor":29.0,"gold_loss":0.0,"damage_taken":0.0,"cards_obtained":["Clumsy","AT_RightCognition"]},{"damage_healed":0.0,"max_hp_gain":0.0,"max_hp_loss":0.0,"gold_gain":0.0,"event_name":"Wheel of Change","player_choice":"Relic","floor":38.0,"gold_loss":0.0,"damage_taken":0.0},{"damage_healed":0,"gold_gain":0,"player_choice":"Fight","damage_taken":0,"max_hp_gain":0,"max_hp_loss":0,"event_name":"MindBloom","floor":47,"gold_loss":0}],"is_beta":true,"boss_relics":[{"not_picked":["Calling Bell","Pandora\u0027s Box"],"picked":"Empty Cage"},{"not_picked":["Philosopher\u0027s Stone","SlaversCollar"],"picked":"Astrolabe"}],"items_purged_floors":[14,45,53],"is_endless":false,"potions_floor_spawned":[1,11,13,27,33,37,40,41,44,47,54],"ascension_level":5}}