{"host":"ty2cix8xj6r3ad26","time":1613416484,"event":{"mods":["AchievementEnabler","BaseMod","BetterRewards","Minty Spire (QoL Compilation)","Quick Restart","StSLib","SuperFastMode"],"gold_per_floor":[111,36,46,61,61,73,73,100,100,116,116,130,150,150,150,224,224,241,11,43,53,53,53,72,72,72],"floor_reached":25,"language":"ENG","playtime":1447,"items_purged":["Strike_G"],"score":369,"play_id":"c5884255-9526-4397-80b0-cf7896a0ff2b","local_time":"20210215211444","is_ascension_mode":true,"campfire_choices":[{"data":"All Out Attack","floor":7,"key":"SMITH"},{"data":"Envenom","floor":15,"key":"SMITH"},{"data":"After Image","floor":23,"key":"SMITH"}],"circlet_count":0,"master_deck":["AscendersBane","Strike_G","Strike_G","Strike_G","Defend_G","Defend_G","Defend_G","Defend_G","Survivor","Neutralize","Footwork","Dodge and Roll","All Out Attack+1","Blade Dance","Bullet Time","Dagger Throw","Accuracy","Envenom+1","Noxious Fumes","Dash","Parasite","After Image+1","Tactician+1","Bane","Infinite Blades","Decay"],"relics":["Ring of the Snake","Tingsha","InkBottle","Anchor","Orichalcum","Coffee Dripper","TwistedFunnel","Red Mask"],"acts_visited":["Exordium","TheCity"],"potions_floor_usage":[8,8,16,16,18,20,24,25],"damage_taken":[{"damage":0,"enemies":"Small Slimes","floor":1,"turns":3},{"damage":0,"enemies":"Cultist","floor":3,"turns":4},{"damage":2,"enemies":"Jaw Worm","floor":4,"turns":4},{"damage":2,"enemies":"3 Louse","floor":6,"turns":2},{"damage":11,"enemies":"Gremlin Nob","floor":8,"turns":3},{"damage":0,"enemies":"Blue Slaver","floor":10,"turns":3},{"damage":0,"enemies":"Looter","floor":12,"turns":2},{"damage":0,"enemies":"3 Louse","floor":13,"turns":2},{"damage":1,"enemies":"The Guardian","floor":16,"turns":11},{"damage":8,"enemies":"2 Thieves","floor":18,"turns":4},{"damage":26,"enemies":"Masked Bandits","floor":20,"turns":4},{"damage":2,"enemies":"3 Byrds","floor":21,"turns":4},{"damage":3,"enemies":"Centurion and Healer","floor":24,"turns":6},{"damage":17,"enemies":"Shelled Parasite and Fungi","floor":25,"turns":4}],"seed_played":"-3851359678182880198","potions_obtained":[{"floor":6,"key":"SkillPotion"},{"floor":8,"key":"DistilledChaos"},{"floor":13,"key":"Dexterity Potion"},{"floor":14,"key":"EssenceOfSteel"},{"floor":16,"key":"Fire Potion"},{"floor":18,"key":"Swift Potion"},{"floor":20,"key":"LiquidBronze"},{"floor":21,"key":"PowerPotion"}],"is_trial":false,"path_per_floor":["M","?","M","M","?","M","R","E","T","M","?","M","M","?","R","B",null,"M","$","?","M","?","R","M","M"],"character_chosen":"THE_SILENT","items_purchased":["Footwork","Dodge and Roll","Tingsha","All Out Attack","InkBottle","SteroidPotion","TwistedFunnel","SpeedPotion"],"campfire_rested":0,"item_purchase_floors":[0,0,0,0,0,0,19,19],"current_hp_per_floor":[28,28,28,26,26,24,24,13,13,13,13,13,13,13,13,12,53,45,45,19,17,17,17,14,0,0],"gold":72,"neow_bonus":"","is_daily":false,"chose_seed":false,"campfire_upgraded":3,"win_rate":0.0,"timestamp":1613416484,"path_taken":["M","?","M","M","?","M","R","E","T","M","?","M","?","?","R","BOSS","M","$","?","M","?","R","M","M"],"items_purchased_type":["Card","Card","Relic","Card","Relic","Potion","Relic","Potion"],"build_version":"2020-12-22","purchased_purges":1,"victory":false,"max_hp_per_floor":[66,66,66,66,66,66,66,66,66,66,66,66,66,66,66,66,66,66,66,66,66,66,66,66,66,66],"card_choices":[{"not_picked":["Underhanded Strike","Flying Knee"],"picked":"Blade Dance","floor":1},{"not_picked":["Backflip","Dodge and Roll"],"picked":"Bullet Time","floor":3},{"not_picked":["Underhanded Strike","Blur"],"picked":"Dagger Throw","floor":4},{"not_picked":["Endless Agony","Poisoned Stab","Sucker Punch"],"picked":"SKIP","floor":6},{"not_picked":["Dagger Spray","Underhanded Strike"],"picked":"Envenom","floor":8},{"not_picked":["Deflect","All Out Attack"],"picked":"Noxious Fumes","floor":10},{"not_picked":["Heel Hook","Noxious Fumes","Acrobatics"],"picked":"SKIP","floor":12},{"not_picked":["All Out Attack","Flying Knee","Expertise"],"picked":"SKIP","floor":13},{"not_picked":["Grand Finale","Tools of the Trade"],"picked":"After Image","floor":16},{"not_picked":["Acrobatics","Noxious Fumes"],"picked":"Tactician+1","floor":18},{"not_picked":["Sucker Punch","PiercingWail"],"picked":"Bane","floor":20},{"not_picked":["Dodge and Roll","Slice"],"picked":"Infinite Blades","floor":21},{"not_picked":["Underhanded Strike","Deflect","Dodge and Roll"],"picked":"SKIP","floor":24}],"player_experience":581557,"relics_obtained":[{"floor":8,"key":"Anchor"},{"floor":9,"key":"Orichalcum"},{"floor":20,"key":"Red Mask"}],"event_choices":[{"cards_removed":["Defend_G"],"damage_healed":0,"gold_gain":0,"player_choice":"Card Removal","damage_taken":0,"max_hp_gain":0,"max_hp_loss":0,"event_name":"The Cleric","floor":2,"gold_loss":75},{"damage_healed":0,"gold_gain":0,"cards_transformed":["Strike_G"],"player_choice":"Change","damage_taken":0,"max_hp_gain":0,"max_hp_loss":0,"event_name":"Living Wall","floor":5,"gold_loss":0,"cards_obtained":["Accuracy"]},{"damage_healed":0,"gold_gain":0,"player_choice":"2 cards matched","damage_taken":0,"max_hp_gain":0,"max_hp_loss":0,"event_name":"Match and Keep!","floor":11,"gold_loss":0,"cards_obtained":["Dash","Parasite"]},{"damage_healed":0,"gold_gain":0,"player_choice":"Got Potions","damage_taken":0,"max_hp_gain":0,"max_hp_loss":0,"event_name":"Lab","floor":14,"gold_loss":0},{"damage_healed":0,"gold_gain":0,"player_choice":"Fought Bandits","damage_taken":0,"max_hp_gain":0,"max_hp_loss":0,"event_name":"Masked Bandits","floor":20,"gold_loss":0},{"damage_healed":0,"gold_gain":0,"player_choice":"Smashed Altar","damage_taken":0,"max_hp_gain":0,"max_hp_loss":0,"event_name":"Forgotten Altar","floor":22,"gold_loss":0,"cards_obtained":["Decay"]}],"is_beta":false,"boss_relics":[{"not_picked":["Velvet Choker","Runic Dome"],"picked":"Coffee Dripper"}],"items_purged_floors":[0],"is_endless":false,"potions_floor_spawned":[6,8,13,16,18,20,21],"killed_by":"Shelled Parasite and Fungi","ascension_level":16}}