{"host":"e4udrxcgdvpx3wcj","time":1613368481,"event":{"mods":["Act Like it!","Aspiration","Astrologer","BaseMod","Gensokyo","Highlight Path","Infinite Spire","Koishi","Marisa????????","Minty Spire (QoL Compilation)","Replay The Spire","StSLib","SuperFastMode","The Bug Knight","The Construct","The Jungle","The Runesmith","The Servant 0.9.4","TheBandit"],"gold_per_floor":[214,214,226,11,11,11,37,37,37,37,49,61,61,10,10,115,115,130,140,116,116,116,142,142,142,142,142,142,142,142],"floor_reached":28,"language":"ENG","playtime":1327,"items_purged":[],"score":451,"play_id":"b0c97d3b-acf0-4601-94b0-dad16734869d","local_time":"20210215005441","is_ascension_mode":true,"campfire_choices":[{"data":"wariomod:DanceDash","floor":6.0,"key":"SMITH"},{"data":"wariomod:Step","floor":8.0,"key":"SMITH"},{"data":"wariomod:Bombshield","floor":10.0,"key":"SMITH"},{"data":"wariomod:Leap","floor":13.0,"key":"SMITH"},{"data":"wariomod:BlastDash","floor":15.0,"key":"SMITH"},{"data":"wariomod:WipeClean","floor":24.0,"key":"SMITH"},{"data":"wariomod:ShipSmash","floor":27.0,"key":"SMITH"}],"circlet_count":0,"master_deck":["AscendersBane","wariomod:Strike+1","wariomod:Strike+1","wariomod:Strike+1","wariomod:Strike+1","wariomod:Defend+1","wariomod:Defend+1","wariomod:Defend+1","wariomod:Defend+1","wariomod:Step+1","wariomod:Leap+1","wariomod:RacingSpeed","wariomod:TempestBlasts+1","wariomod:DanceDash+1","wariomod:Bombshield+1","wariomod:SmackSlam","wariomod:BlastDash+1","wariomod:HappyHit","wariomod:BodyBlock","wariomod:ShipSmash+1","wariomod:Bombshield","wariomod:Purify","wariomod:WipeClean+1"],"relics":["wariomod:TheHat","Anchor","Blood Vial","Pet Ghost","Black Star","TungstenRod","aspiration:StickyExplosives_weak","infinitespire:FocusingShard","InkBottle"],"acts_visited":["Exordium","TheCity"],"potions_floor_usage":[],"damage_taken":[{"damage":3.0,"enemies":"2 Louse","floor":1.0,"turns":3.0},{"damage":1.0,"enemies":"Cultist","floor":3.0,"turns":3.0},{"damage":5.0,"enemies":"Lagavulin","floor":7.0,"turns":9.0},{"damage":0.0,"enemies":"Jaw Worm","floor":11.0,"turns":4.0},{"damage":0.0,"enemies":"Blue Slaver","floor":12.0,"turns":3.0},{"damage":0.0,"enemies":"Slime Boss","floor":16.0,"turns":7.0},{"damage":6.0,"enemies":"Spheric Guardian","floor":18.0,"turns":4.0},{"damage":5.0,"enemies":"Shell Parasite","floor":19.0,"turns":5.0},{"damage":12.0,"enemies":"Replay:Snechameleon","floor":23.0,"turns":8.0},{"damage":58,"enemies":"Book of Stabbing","floor":28,"turns":7}],"seed_played":"-7432866917031510507","potions_obtained":[{"floor":1.0,"key":"Block Potion"},{"floor":7.0,"key":"Doom Potion"},{"floor":16.0,"key":"Languid Potion"},{"floor":19.0,"key":"AttackPotion"}],"is_trial":false,"path_per_floor":["M","?","M","$","?","R","E","R","T","R","M","M","R","$","R","B",null,"M","M","$","?","?","E","R","T","T","R","E"],"character_chosen":"THE_BANDIT","items_purchased":["Anchor","wariomod:DanceDash","wariomod:Bombshield","wariomod:BodyBlock","wariomod:Bombshield"],"campfire_rested":0,"item_purchase_floors":[4,4,4,14,20],"current_hp_per_floor":[69,53,52,52,52,52,47,47,47,47,49,51,51,51,51,53,73,69,66,66,66,66,56,56,56,56,56,0,0,0],"gold":142,"neow_bonus":"HUNDRED_GOLD","is_daily":false,"chose_seed":false,"campfire_upgraded":7,"win_rate":0.0,"timestamp":1613368481,"path_taken":["M","?","M","$","?","R","E","R","T","R","M","?","R","?","R","BOSS","M","?","$","?","?","E","R","?","T","R","E"],"items_purchased_type":["Relic","Card","Card","Card","Card"],"build_version":"2020-12-22","purchased_purges":0,"victory":false,"max_hp_per_floor":[80,80,80,80,80,80,80,80,80,80,80,80,80,80,80,80,80,80,80,80,80,80,80,80,80,80,80,80,80,80],"card_choices":[{"not_picked":["wariomod:f","wariomod:Bomblaster"],"picked":"wariomod:RacingSpeed","floor":1.0},{"not_picked":["wariomod:SpikeSlash","wariomod:ThatsNotAll"],"picked":"wariomod:TempestBlasts","floor":3.0},{"not_picked":["wariomod:DeepDig","wariomod:Boomsmack"],"picked":"wariomod:SmackSlam","floor":7.0},{"not_picked":["wariomod:DonateDraw","wariomod:BoomBoom"],"picked":"wariomod:BlastDash","floor":11.0},{"not_picked":["wariomod:HastyRush","wariomod:DanceDash"],"picked":"wariomod:HappyHit","floor":12.0},{"not_picked":["wariomod:PoisonBombs","wariomod:BoomAndDoom"],"picked":"wariomod:ShipSmash","floor":16.0},{"not_picked":["wariomod:SpikeSlash","wariomod:DisarmingMoves","wariomod:BodyBlock"],"picked":"SKIP","floor":18.0},{"not_picked":["wariomod:Smackflip","wariomod:Game","wariomod:TempestBlasts"],"picked":"SKIP","floor":19.0},{"not_picked":["wariomod:Smackflip","wariomod:ThatsNotAll"],"picked":"wariomod:WipeClean","floor":23.0}],"player_experience":2393584,"relics_obtained":[{"floor":7.0,"key":"Blood Vial"},{"floor":9.0,"key":"Pet Ghost"},{"floor":23.0,"key":"TungstenRod"},{"floor":23.0,"key":"aspiration:StickyExplosives_weak"},{"floor":25.0,"key":"infinitespire:FocusingShard"},{"floor":26.0,"key":"InkBottle"}],"event_choices":[{"damage_healed":0.0,"max_hp_gain":0.0,"max_hp_loss":0.0,"gold_gain":0.0,"event_name":"Shining Light","player_choice":"Entered Light","floor":2.0,"gold_loss":0.0,"damage_taken":16.0,"cards_upgraded":["wariomod:Strike","wariomod:Defend"]},{"damage_healed":0.0,"max_hp_gain":0.0,"max_hp_loss":0.0,"gold_gain":0.0,"event_name":"Upgrade Shrine","player_choice":"Upgraded","floor":5.0,"gold_loss":0.0,"damage_taken":0.0,"cards_upgraded":["wariomod:TempestBlasts"]},{"damage_healed":0.0,"max_hp_gain":0.0,"max_hp_loss":0.0,"gold_gain":0.0,"event_name":"Back to Basics","player_choice":"Simplicity","floor":21.0,"gold_loss":0.0,"damage_taken":0.0,"cards_upgraded":["wariomod:Strike","wariomod:Strike","wariomod:Strike","wariomod:Defend","wariomod:Defend","wariomod:Defend"]},{"damage_healed":0.0,"max_hp_gain":0.0,"max_hp_loss":0.0,"gold_gain":0.0,"event_name":"The Library","player_choice":"Read","floor":22.0,"gold_loss":0.0,"damage_taken":0.0,"cards_obtained":["wariomod:Purify"]}],"is_beta":false,"boss_relics":[{"not_picked":["Velvet Choker","Runesmith:UraniumAnvil"],"picked":"Black Star"}],"items_purged_floors":[],"is_endless":false,"potions_floor_spawned":[1,7,16,19],"killed_by":"Book of Stabbing","ascension_level":12}}