{"host":"vlqej45p0v31lhdi","time":1613384523,"event":{"mods":["AchievementEnabler","BaseMod","Bestiary","Colored Powertips","Minty Spire (QoL Compilation)","Relic Stats"],"gold_per_floor":[118,128,203,203,11,11,11],"floor_reached":6,"language":"ENG","playtime":20315,"items_purged":[],"score":60,"play_id":"9ec212c0-2492-4c98-a3dd-7aebd150e486","local_time":"20210215042203","is_ascension_mode":true,"campfire_choices":[],"circlet_count":0,"master_deck":["AscendersBane","Strike_R","Strike_R","Strike_R","Strike_R","Strike_R","Defend_R","Defend_R","Defend_R","Defend_R","Bash+1","Havoc","Bash+1","Hemokinesis"],"relics":["Burning Blood","FossilizedHelix","DollysMirror"],"acts_visited":["Exordium"],"potions_floor_usage":[],"damage_taken":[{"damage":13.0,"enemies":"2 Louse","floor":1.0,"turns":4.0},{"damage":20.0,"enemies":"Small Slimes","floor":2.0,"turns":5.0},{"damage":10,"enemies":"3 Sentries","floor":6,"turns":2}],"seed_played":"-7624993714942142835","potions_obtained":[],"is_trial":false,"path_per_floor":["M","M","?","?","$","E"],"character_chosen":"IRONCLAD","items_purchased":["DollysMirror","Hemokinesis"],"campfire_rested":0,"item_purchase_floors":[5,5],"current_hp_per_floor":[61,47,36,10,10,0,0],"gold":11,"neow_bonus":"UPGRADE_CARD","is_daily":false,"chose_seed":false,"campfire_upgraded":0,"win_rate":0.0,"timestamp":1613384523,"path_taken":["M","M","?","?","$","E"],"items_purchased_type":["Relic","Card"],"build_version":"2020-12-22","purchased_purges":0,"victory":false,"max_hp_per_floor":[75,75,75,75,75,75,75],"relic_stats":{"counters":[3,11],"obtain_stats":[{"DollysMirror":5,"Burning Blood":0,"FossilizedHelix":4},{"DollysMirror":2,"Burning Blood":0,"FossilizedHelix":2},{"DollysMirror":9,"Burning Blood":0,"FossilizedHelix":9}],"Burning Blood":12},"card_choices":[{"not_picked":["True Grit","Havoc","Clash"],"picked":"SKIP","floor":1.0},{"not_picked":["Clash","Sever Soul"],"picked":"Havoc","floor":2.0}],"player_experience":2875748,"relics_obtained":[],"event_choices":[{"damage_healed":0.0,"max_hp_gain":0.0,"max_hp_loss":0.0,"gold_gain":75.0,"event_name":"World of Goop","player_choice":"Gather Gold","floor":3.0,"gold_loss":0.0,"damage_taken":11.0},{"damage_healed":0.0,"max_hp_gain":0.0,"max_hp_loss":0.0,"gold_gain":0.0,"event_name":"Scrap Ooze","player_choice":"Success","floor":4.0,"gold_loss":0.0,"damage_taken":26.0,"relics_obtained":["FossilizedHelix"]}],"is_beta":false,"boss_relics":[],"items_purged_floors":[],"is_endless":false,"potions_floor_spawned":[],"killed_by":"3 Sentries","ascension_level":15}}