{"host":"4gkev1dtxxhiue3x","time":1613411053,"event":{"mods":["AchievementEnabler","BaseMod","Better Altar","Better Match","Better Note","Better Sensory Stone","Better Skull","Better Third Choice","Colored Powertips","Downfall","Friendly Minions","Hermit","Minty Spire (QoL Compilation)","Relic Stats","Robot Space Explorer","Shop Mod","StSLib","The Construct","The Disciple","The Hierophant"],"gold_per_floor":[109,109,129,129,96,96,125,15,15,34,64,64,64,78,78,182,182,164,439,120,134,9,38,38,72,111,123,146,186,213,425,437,548,560,583,374,374,296,310,341,341,341,394,118,152,171,171,197,197,197,197,197,15,46,46],"floor_reached":56,"language":"ENG","playtime":6087,"items_purged":["Strike_R","Regret","Defend_R","Strike_R","Defend_R","Strike_R"],"score":1372,"play_id":"b47d6485-e9a2-4372-b1ac-cc722a88d142","local_time":"20210215184413","is_ascension_mode":true,"campfire_choices":[{"data":"Warcry","floor":6,"key":"SMITH"},{"data":"Armaments","floor":12,"key":"SMITH"},{"data":"Feel No Pain","floor":15,"key":"SMITH"},{"data":"Spot Weakness","floor":24,"key":"SMITH"},{"floor":27,"key":"RECALL"},{"data":"Bash","floor":32,"key":"SMITH"},{"data":"Demon Form","floor":41,"key":"SMITH"},{"data":"Metallicize","floor":47,"key":"SMITH"},{"data":"Barricade","floor":49,"key":"SMITH"},{"data":"Juggernaut","floor":52,"key":"SMITH"}],"circlet_count":0,"master_deck":["Strike_R","Defend_R+1","Defend_R","Bash+1","Iron Wave+1","Burning Pact","Warcry+1","Armaments+1","Feel No Pain+1","Seeing Red+1","Spot Weakness+1","Reaper","Shrug It Off+1","Metallicize+1","Reckless Charge+1","Shockwave+1","Reaper","Juggernaut+1","Evolve","Dark Embrace","Demon Form+1","Barricade+1","Madness","Madness","Feel No Pain+1","Demon Form"],"relics":["Coffee Dripper","Red Skull","betterThird:SlimedRelic","Magic Flower","construct:WeddingRing","MerchantsRug","Thread and Needle","Mark of Pain","Sundial","Anchor","Mummified Hand"],"acts_visited":["Exordium","TheCity","TheBeyond","TheEnding"],"potions_floor_usage":[16,16,16,23,35,50,55,55],"damage_taken":[{"damage":0,"enemies":"2 Louse","floor":1,"turns":2},{"damage":0,"enemies":"Cultist","floor":3,"turns":3},{"damage":26,"enemies":"Gremlin Nob","floor":7,"turns":5},{"damage":0,"enemies":"Small Slimes","floor":10,"turns":4},{"damage":1,"enemies":"3 Sentries","floor":11,"turns":11},{"damage":0,"enemies":"Exordium Thugs","floor":14,"turns":5},{"damage":22,"enemies":"Slime Boss","floor":16,"turns":10},{"damage":12,"enemies":"2 Thieves","floor":18,"turns":5},{"damage":27,"enemies":"3 Byrds","floor":21,"turns":8},{"damage":5,"enemies":"Book of Stabbing","floor":23,"turns":7},{"damage":31,"enemies":"Slavers","floor":25,"turns":5},{"damage":1,"enemies":"Centurion and Healer","floor":28,"turns":5},{"damage":12,"enemies":"Book of Stabbing","floor":29,"turns":6},{"damage":1,"enemies":"Shelled Parasite and Fungi","floor":30,"turns":6},{"damage":34,"enemies":"Champ","floor":33,"turns":11},{"damage":0,"enemies":"3 Shapes","floor":35,"turns":3},{"damage":0,"enemies":"Orb Walker","floor":39,"turns":5},{"damage":12,"enemies":"Giant Head","floor":40,"turns":8},{"damage":6,"enemies":"Nemesis","floor":45,"turns":7},{"damage":20,"enemies":"Spire Growth","floor":46,"turns":5},{"damage":0,"enemies":"Giant Head","floor":48,"turns":7},{"damage":47,"enemies":"Awakened One","floor":50,"turns":8},{"damage":5,"enemies":"Shield and Spear","floor":54,"turns":6},{"damage":72,"enemies":"The Heart","floor":55,"turns":8}],"seed_played":"3070049975179467250","potions_obtained":[{"floor":7,"key":"GamblersBrew"},{"floor":10,"key":"Dexterity Potion"},{"floor":14,"key":"Dexterity Potion"},{"floor":16,"key":"Swift Potion"},{"floor":21,"key":"SpeedPotion"},{"floor":23,"key":"FairyPotion"},{"floor":30,"key":"GamblersBrew"},{"floor":33,"key":"champ:CounterPotion"},{"floor":46,"key":"Strength Potion"}],"is_trial":false,"path_per_floor":["M","?","M","T","?","R","E","$","T","M","E","R","?","M","R","B",null,"M","?","$","M","$","E","R","E","T","R","M","E","M","?","R","B",null,"M","$","?","$","M","E","R","?","T","$","E","M","R","E","R","B",null,"R","$","E","B",null],"character_chosen":"IRONCLAD","items_purchased":["Feel No Pain","MerchantsRug","Metallicize","Dark Embrace","Guardian:BlockOnCardUsePotion","Mummified Hand","BlessingOfTheForge"],"campfire_rested":0,"item_purchase_floors":[8,20,20,36,44,53,53],"current_hp_per_floor":[80,80,80,80,69,69,53,53,53,53,52,52,34,34,34,12,90,90,90,90,89,89,89,89,83,83,83,90,78,90,90,90,67,90,90,90,72,72,87,83,83,72,72,72,90,81,81,90,90,90,90,90,90,88,90],"gold":46,"neow_bonus":"BOSS_RELIC","is_daily":false,"chose_seed":false,"campfire_upgraded":9,"win_rate":0.0,"timestamp":1613411053,"path_taken":["M","?","?","?","?","R","E","$","T","?","E","R","?","M","R","BOSS","M","?","$","?","$","E","R","E","T","R","M","E","M","?","R","BOSS","M","$","?","$","M","E","R","?","T","?","E","M","R","E","R","BOSS","R","$","E","BOSS"],"items_purchased_type":["Card","Relic","Card","Card","Potion","Relic","Potion"],"build_version":"2020-12-22","purchased_purges":6,"victory":true,"max_hp_per_floor":[80,80,80,80,80,80,90,90,90,90,90,90,90,90,90,90,90,90,90,90,90,90,90,90,90,90,90,90,90,90,90,90,90,90,90,90,90,90,90,90,90,90,90,90,90,90,90,90,90,90,90,90,90,90,90],"relic_stats":{"counters":[24,150],"Sundial":[14],"Mummified Hand":[22],"Magic Flower":[33],"obtain_stats":[{"MerchantsRug":20,"Regal Pillow":23,"Pear":7,"construct:WeddingRing":17,"Magic Flower":9,"Thread and Needle":29,"Omamori":45,"War Paint":26,"MawBank":25,"Burning Blood":0,"Anchor":48,"Sundial":40,"Mummified Hand":53,"betterThird:SlimedRelic":5,"WingedGreaves":11,"Mark of Pain":34,"Coffee Dripper":0,"Red Skull":4},{"MerchantsRug":8,"Regal Pillow":10,"Pear":3,"construct:WeddingRing":7,"Magic Flower":3,"Thread and Needle":13,"Omamori":19,"War Paint":11,"MawBank":11,"Burning Blood":0,"Anchor":21,"Sundial":18,"Mummified Hand":22,"betterThird:SlimedRelic":2,"WingedGreaves":5,"Mark of Pain":15,"Coffee Dripper":0,"Red Skull":2},{"MerchantsRug":45,"Regal Pillow":60,"Pear":10,"construct:WeddingRing":40,"Magic Flower":10,"Thread and Needle":76,"Omamori":116,"War Paint":65,"MawBank":65,"Burning Blood":0,"Anchor":128,"Sundial":109,"Mummified Hand":136,"betterThird:SlimedRelic":5,"WingedGreaves":25,"Mark of Pain":93,"Coffee Dripper":0,"Red Skull":5}]},"card_choices":[{"not_picked":["Pummel","Armaments"],"picked":"Iron Wave","floor":1},{"not_picked":["Pommel Strike","Power Through"],"picked":"Warcry","floor":3},{"not_picked":["Dual Wield","Thunderclap"],"picked":"Armaments","floor":7},{"not_picked":["Clothesline","Blood for Blood"],"picked":"Seeing Red","floor":10},{"not_picked":["Rampage","Warcry"],"picked":"Spot Weakness","floor":11},{"not_picked":["Hemokinesis","Seeing Red","Twin Strike"],"picked":"SKIP","floor":14},{"not_picked":["Berserk","Juggernaut"],"picked":"Reaper","floor":16},{"not_picked":["Twin Strike+1","Armaments"],"picked":"Shrug It Off","floor":18},{"not_picked":["Anger","Perfected Strike+1"],"picked":"Reckless Charge+1","floor":21},{"not_picked":["Clash","Flame Barrier"],"picked":"Shockwave+1","floor":23},{"not_picked":["Searing Blow","Hemokinesis+1","Body Slam"],"picked":"SKIP","floor":25},{"not_picked":["Shrug It Off","Disarm","Pommel Strike"],"picked":"SKIP","floor":28},{"not_picked":["Heavy Blade","Combust"],"picked":"Reaper","floor":29},{"not_picked":["Perfected Strike+1","Clash","Wild Strike"],"picked":"SKIP","floor":30},{"not_picked":["Limit Break","Impervious"],"picked":"Juggernaut","floor":33},{"not_picked":["Dark Embrace+1","True Grit+1"],"picked":"Evolve","floor":35},{"not_picked":["Wild Strike+1","Dropkick+1","Clash+1"],"picked":"SKIP","floor":39},{"not_picked":["Metallicize+1","Immolate"],"picked":"Barricade","floor":40},{"not_picked":["Hemokinesis","Sword Boomerang","Rampage"],"picked":"SKIP","floor":45},{"not_picked":["True Grit+1","Warcry+1"],"picked":"Feel No Pain+1","floor":46},{"not_picked":["Havoc+1","Headbutt","Flex+1"],"picked":"SKIP","floor":48},{"not_picked":["Sentinel+1","Sword Boomerang"],"picked":"Demon Form","floor":54}],"player_experience":170996,"relics_obtained":[{"floor":4,"key":"Red Skull"},{"floor":7,"key":"Pear"},{"floor":9,"key":"Magic Flower"},{"floor":11,"key":"WingedGreaves"},{"floor":23,"key":"Regal Pillow"},{"floor":25,"key":"MawBank"},{"floor":26,"key":"War Paint"},{"floor":29,"key":"Thread and Needle"},{"floor":40,"key":"Sundial"},{"floor":45,"key":"Omamori"},{"floor":48,"key":"Anchor"}],"event_choices":[{"damage_healed":0,"gold_gain":0,"cards_transformed":["Strike_R"],"player_choice":"Transformed","damage_taken":0,"max_hp_gain":0,"max_hp_loss":0,"event_name":"Transmorgrifier","floor":2,"gold_loss":0,"cards_obtained":["Burning Pact"]},{"damage_healed":0,"gold_gain":0,"player_choice":"Slimed","damage_taken":11,"max_hp_gain":0,"max_hp_loss":0,"event_name":"betterThird:BetterGoop","floor":5,"gold_loss":33},{"damage_healed":52,"gold_gain":0,"player_choice":"Upgrade","damage_taken":18,"max_hp_gain":0,"max_hp_loss":90,"event_name":"betterThird:BetterShining","floor":13,"gold_loss":0,"cards_upgraded":["Iron Wave","Seeing Red"]},{"damage_healed":0,"gold_gain":275,"player_choice":"Desecrate","damage_taken":0,"max_hp_gain":0,"max_hp_loss":0,"event_name":"Golden Shrine","floor":19,"gold_loss":0,"cards_obtained":["Regret"]},{"damage_healed":0,"gold_gain":250,"player_choice":"Bet on Owner","damage_taken":0,"max_hp_gain":0,"max_hp_loss":0,"event_name":"The Joust","floor":31,"gold_loss":50},{"damage_healed":0,"gold_gain":3,"player_choice":"2","damage_taken":0,"max_hp_gain":0,"max_hp_loss":18,"event_name":"betterStone:BetterStone","floor":37,"gold_loss":0},{"damage_healed":0,"gold_gain":0,"player_choice":"Embrace Madness","damage_taken":11,"max_hp_gain":0,"max_hp_loss":0,"event_name":"Winding Halls","floor":42,"gold_loss":0,"cards_obtained":["Madness","Madness"]}],"is_beta":false,"boss_relics":[{"not_picked":["bronze:MakeshiftBattery","Tiny House"],"picked":"construct:WeddingRing"},{"not_picked":["Runic Dome","Busted Crown"],"picked":"Mark of Pain"}],"items_purged_floors":[8,20,22,36,38,44],"is_endless":false,"potions_floor_spawned":[7,10,14,16,21,23,30,33,46,48],"ascension_level":2}}