{"host":"knk89g45d3vzr5fm","time":1613414570,"event":{"mods":["2.2 Compatiblity","BaseMod","Downfall","Minty Spire (QoL Compilation)","Relic Stats","Reliquary","Replay The Spire","StSLib","The Marked"],"gold_per_floor":[268,288,302,314,333,368,392,392,410,445,458,478,478,478,478],"floor_reached":13,"language":"FRA","playtime":623,"items_purged":[],"score":149,"play_id":"e16e6575-997a-479d-9631-fcf0416e8f9a","local_time":"20210215194250","is_ascension_mode":true,"campfire_choices":[],"circlet_count":0,"master_deck":["AscendersBane","sneckomod:Strike","sneckomod:Strike","sneckomod:Strike","sneckomod:Defend","sneckomod:Defend","sneckomod:Defend","sneckomod:TailWhip","sneckomod:SnekBite","sneckomod:Unknown","sneckomod:Unknown","sneckomod:Unknown2Cost","sneckomod:UnknownUncommonSkill","sneckomod:SerpentIdol","sneckomod:ImprovisedGuard","sneckomod:PureSnecko","sneckomod:IronFang","sneckomod:MorePower"],"relics":["Replay:Wanted Poster","reliquary:WeakTea","reliquary:SilkGlove","PreservedInsect"],"acts_visited":["Exordium"],"potions_floor_usage":[5,5,6,12,13],"damage_taken":[{"damage":5,"enemies":"2 Louse","floor":2,"turns":2},{"damage":9,"enemies":"Jaw Worm","floor":3,"turns":3},{"damage":0,"enemies":"Cultist","floor":4,"turns":2},{"damage":0,"enemies":"Exordium Wildlife","floor":5,"turns":2},{"damage":24,"enemies":"Gremlin Nob","floor":6,"turns":4},{"damage":0,"enemies":"3 Louse","floor":9,"turns":3},{"damage":16,"enemies":"3 Sentries","floor":10,"turns":7},{"damage":12,"enemies":"Exordium Thugs","floor":11,"turns":6},{"damage":0,"enemies":"Exordium Wildlife","floor":12,"turns":5},{"damage":20,"enemies":"Lagavulin","floor":13,"turns":7}],"seed_played":"6589176379398791919","potions_obtained":[{"floor":2,"key":"Explosive Potion"},{"floor":3,"key":"Fire Potion"},{"floor":5,"key":"Guardian:BlockOnCardUsePotion"},{"floor":6,"key":"Adrenaline Potion"},{"floor":9,"key":"Guardian:BlockOnCardUsePotion"},{"floor":10,"key":"Elixir"}],"is_trial":false,"path_per_floor":["R","M","M","M","M","E","T","?","M","E","M","M","E"],"character_chosen":"THE_SNECKO","items_purchased":[],"campfire_rested":0,"item_purchase_floors":[],"current_hp_per_floor":[81,76,67,67,70,46,46,46,46,30,18,18,0,0,0],"gold":478,"neow_bonus":"BOSS_RELIC","is_daily":false,"chose_seed":false,"campfire_upgraded":0,"win_rate":0.0,"timestamp":1613414570,"path_taken":["R","M","M","M","M","E","T","?","M","E","M","M","E"],"items_purchased_type":[],"build_version":"2020-12-22","purchased_purges":0,"victory":false,"max_hp_per_floor":[90,90,90,90,93,93,93,93,93,93,93,93,93,93,93],"relic_stats":{"counters":[10,41],"PreservedInsect":35,"obtain_stats":[{"Replay:Wanted Poster":0,"reliquary:SilkGlove":7,"PreservedInsect":10,"reliquary:WeakTea":6,"sneckomod:SneckoSoul":0},{"Replay:Wanted Poster":0,"reliquary:SilkGlove":5,"PreservedInsect":7,"reliquary:WeakTea":5,"sneckomod:SneckoSoul":0},{"Replay:Wanted Poster":0,"reliquary:SilkGlove":13,"PreservedInsect":23,"reliquary:WeakTea":13,"sneckomod:SneckoSoul":0}]},"card_choices":[{"not_picked":["sneckomod:UnknownWeak","sneckomod:DiceBoulder"],"picked":"sneckomod:Unknown2Cost","floor":2},{"not_picked":["sneckomod:QuickBite","sneckomod:Unknown2Cost"],"picked":"sneckomod:UnknownUncommonSkill","floor":3},{"not_picked":["sneckomod:SnakeSap","sneckomod:CheapStock"],"picked":"sneckomod:SerpentIdol","floor":4},{"not_picked":["sneckomod:SnakeSap","sneckomod:UnknownBlock","sneckomod:DiceCrush"],"picked":"SKIP","floor":5},{"not_picked":["sneckomod:UnknownCommonSkill","sneckomod:SoulDraw"],"picked":"sneckomod:ImprovisedGuard","floor":6},{"not_picked":["sneckomod:UnknownBlock","sneckomod:UnknownUncommonAttack"],"picked":"sneckomod:PureSnecko","floor":9},{"not_picked":["sneckomod:UnknownClassTHE_CHAMP_GRAY","sneckomod:RainOfDice","sneckomod:UnknownClassSLIMEBOUND"],"picked":"SKIP","floor":10},{"not_picked":["sneckomod:UnknownClassBLUE","sneckomod:UnknownClassSLIMEBOUND"],"picked":"sneckomod:IronFang","floor":11},{"not_picked":["sneckomod:UnknownCommonSkill","sneckomod:UnknownExhaust"],"picked":"sneckomod:MorePower","floor":12}],"player_experience":2171839,"relics_obtained":[{"floor":6,"key":"reliquary:WeakTea"},{"floor":7,"key":"reliquary:SilkGlove"},{"floor":10,"key":"PreservedInsect"}],"event_choices":[],"is_beta":false,"boss_relics":[],"items_purged_floors":[],"is_endless":false,"potions_floor_spawned":[2,3,6,9,10],"killed_by":"Lagavulin","ascension_level":10}}