{"host":"dqv8oo4v229c1o2l","time":1613433231,"event":{"mods":["AchievementEnabler","BaseMod","Colored Map","Colored Powertips","Minty Spire (QoL Compilation)","Quick Restart","Rare Cards Sparkle","StSLib","Synergy Search"],"gold_per_floor":[119,131,144,155,171,171,191,223,223,223,223],"floor_reached":10,"language":"ENG","playtime":343,"items_purged":[],"score":104,"play_id":"78ccb320-cbb1-4e09-b0f4-68578c8544af","local_time":"20210215155351","is_ascension_mode":true,"campfire_choices":[{"floor":6,"key":"REST"}],"circlet_count":0,"master_deck":["Strike_B","Strike_B","Defend_B","Defend_B","Defend_B","Defend_B","Zap","Dualcast","Machine Learning","Reinforced Body","Coolheaded","Darkness","Sweeping Beam","Coolheaded","Ball Lightning","Ball Lightning"],"relics":["Cracked Core","Sundial"],"acts_visited":["Exordium"],"potions_floor_usage":[4,10],"damage_taken":[{"damage":1.0,"enemies":"Cultist","floor":1.0,"turns":4.0},{"damage":8.0,"enemies":"Small Slimes","floor":2.0,"turns":4.0},{"damage":5.0,"enemies":"Jaw Worm","floor":3.0,"turns":4.0},{"damage":2,"enemies":"Lots of Slimes","floor":4,"turns":2},{"damage":26,"enemies":"Exordium Thugs","floor":5,"turns":4},{"damage":6,"enemies":"Exordium Wildlife","floor":7,"turns":5},{"damage":24,"enemies":"Lagavulin","floor":8,"turns":5},{"damage":0,"enemies":"Gremlin Nob","floor":10,"turns":2}],"seed_played":"589053801736267261","potions_obtained":[{"floor":3.0,"key":"Explosive Potion"},{"floor":5,"key":"SpeedPotion"},{"floor":8,"key":"SneckoOil"}],"is_trial":false,"path_per_floor":["M","M","M","M","M","R","M","E","T","E"],"character_chosen":"DEFECT","items_purchased":[],"campfire_rested":1,"item_purchase_floors":[],"current_hp_per_floor":[67,59,54,52,26,46,40,16,16,16,16],"gold":223,"neow_bonus":"TRANSFORM_TWO_CARDS","is_daily":false,"chose_seed":false,"campfire_upgraded":0,"win_rate":0.0,"timestamp":1613433231,"path_taken":["M","M","M","M","M","R","M","E","T","E"],"items_purchased_type":[],"build_version":"2020-12-22","purchased_purges":0,"victory":false,"max_hp_per_floor":[68,68,68,68,68,68,68,68,68,68,68],"card_choices":[{"not_picked":["Doom and Gloom","Static Discharge"],"picked":"Coolheaded","floor":1.0},{"not_picked":["Redo","Stack"],"picked":"Darkness","floor":2.0},{"not_picked":["Steam","Cold Snap"],"picked":"Sweeping Beam","floor":3.0},{"not_picked":["Amplify","Darkness"],"picked":"Coolheaded","floor":4},{"not_picked":["Redo","Lockon"],"picked":"Ball Lightning","floor":5},{"not_picked":["Chaos","Cold Snap"],"picked":"Ball Lightning","floor":7},{"not_picked":["Rebound","Chaos","Go for the Eyes"],"picked":"SKIP","floor":8}],"player_experience":323125,"relics_obtained":[{"floor":8,"key":"Sundial"}],"event_choices":[],"is_beta":false,"boss_relics":[],"items_purged_floors":[],"is_endless":false,"potions_floor_spawned":[3,5,8],"killed_by":"Gremlin Nob","ascension_level":9}}