{"host":"d6oxvn0vsgxeumax","time":1613357286,"event":{"mods":["BaseMod","Better Altar","Better Match","Better Note","Better Sensory Stone","Better Skull","Better Third Choice","BetterRewards","Bossed Relics","Colored Powertips","Dark Map","Defuse TimeMaze Blight","Downfall","Hermit","Hubris","Infinite Spire","Minty Spire (QoL Compilation)","Relic Sorter","Replay The Spire","Shop Mod","Spicy Shops","Spire Arcade","StSLib","The Bug Knight","The Cursed","Uncapped"],"gold_per_floor":[99,99,99,179,608,508,508,508,534,534,74,174,193,203,213,317,317,317,329,344,9,21,21,21,21,21,48,45,65,65,80,97,202,202,102,119,119,11,23,41,41,41,53,53,87,99,109,29,62,62],"floor_reached":51,"language":"ENG","playtime":2108,"items_purged":["Delirium"],"score":832,"play_id":"805dd9d9-5030-4943-9909-5e2067131ad5","local_time":"20210214204806","is_ascension_mode":true,"campfire_choices":[{"floor":1.0,"key":"RECALL"},{"floor":6.0,"key":"REST"},{"floor":10.0,"key":"REST"},{"data":"hermit:WideOpen","floor":18.0,"key":"SMITH"},{"data":"hermit:HeroicBravado","floor":23.0,"key":"SMITH"},{"data":"hermit:Determination","floor":35,"key":"SMITH"}],"circlet_count":0,"master_deck":["hermit:Strike_Hermit","hermit:Strike_Hermit","hermit:Strike_Hermit","hermit:Defend_Hermit","hermit:Defend_Hermit","hermit:Defend_Hermit","hermit:Snapshot","hermit:Covet","hermit:Glare+1","hermit:SprayPray","Flash of Steel","Panache","The Bomb","hermit:Virtue","hermit:WideOpen+1","hermit:Ricochet","hermit:HeroicBravado+1","hermit:Malice","hermit:Ricochet","hermit:Roulette","hermit:LuckOfTheDraw","Replay:BasicMightCard+1","hermit:Headshot+1","hermit:Determination+1","ReplayTheSpireMod:Book of Names+1","hermit:BlackWind","hermit:FinalCanter","Writhe","hermit:Determination+1","hermit:DeadOrAlive","hermit:Snipe"],"relics":["downfall:HeartsMalice","Akabeko","downfall:HeartBlessingRed","Orichalcum","Gremlin Horn","Coffee Dripper","Onion Ring","hexamod:BolsterEngine","MerchantsRug","Astrolabe","downfall:HeartBlessingBlue","hubris:Towel","ClockworkSouvenir","Replay:Accelerometer","Lee\u0027s Waffle","Blue Doll"],"acts_visited":["TheCity","TheBeyond"],"potions_floor_usage":[33,50,50],"damage_taken":[{"damage":0.0,"enemies":"2 Louse","floor":2.0,"turns":1.0},{"damage":0.0,"enemies":"Small Slimes","floor":3.0,"turns":1.0},{"damage":0.0,"enemies":"Cultist","floor":8.0,"turns":1.0},{"damage":14.0,"enemies":"Gremlin Nob","floor":9.0,"turns":4.0},{"damage":4.0,"enemies":"downfall:FleeingMerchant","floor":11.0,"turns":4.0},{"damage":29.0,"enemies":"downfall:FleeingMerchant","floor":12.0,"turns":5.0},{"damage":0.0,"enemies":"3 Louse","floor":13.0,"turns":1.0},{"damage":0.0,"enemies":"Gremlin Gang","floor":14.0,"turns":4.0},{"damage":6.0,"enemies":"Large Slime","floor":15.0,"turns":3.0},{"damage":3.0,"enemies":"WA_ARCHETYPE_RETAIN","floor":16.0,"turns":4.0},{"damage":4.0,"enemies":"Spheric Guardian","floor":19.0,"turns":3.0},{"damage":0.0,"enemies":"Chosen","floor":20.0,"turns":3.0},{"damage":9.0,"enemies":"downfall:FleeingMerchant","floor":21.0,"turns":4.0},{"damage":8.0,"enemies":"Shelled Parasite and Fungi","floor":22.0,"turns":3.0},{"damage":19.0,"enemies":"Gremlin Leader","floor":27.0,"turns":3.0},{"damage":14,"enemies":"downfall:FleeingMerchant","floor":28,"turns":4},{"damage":0,"enemies":"Snecko","floor":29,"turns":2},{"damage":0,"enemies":"Cultist and Chosen","floor":31,"turns":3},{"damage":0,"enemies":"Centurion and Healer","floor":32,"turns":2},{"damage":19,"enemies":"IC_MUSHROOM_ARCHETYPE","floor":33,"turns":6},{"damage":0,"enemies":"Orb Walker","floor":36,"turns":1},{"damage":3,"enemies":"3 Shapes","floor":39,"turns":2},{"damage":19,"enemies":"Maw","floor":40,"turns":4},{"damage":0,"enemies":"Transient","floor":43,"turns":5},{"damage":14,"enemies":"Giant Head","floor":45,"turns":6},{"damage":10,"enemies":"Writhing Mass","floor":46,"turns":4},{"damage":15,"enemies":"Jaw Worm Horde","floor":47,"turns":2},{"damage":3,"enemies":"Sphere and 2 Shapes","floor":49,"turns":3},{"damage":8,"enemies":"SI_POISON_ARCHETYPE","floor":50,"turns":4}],"seed_played":"500434125406540175","potions_obtained":[{"floor":9.0,"key":"sneckomod:MuddlingPotion"},{"floor":12.0,"key":"ColorlessPotion"},{"floor":13.0,"key":"Slimebound:ThreeZeroPotion"},{"floor":16.0,"key":"SneckoOil"},{"floor":20.0,"key":"Weak Potion"},{"floor":22.0,"key":"Explosive Potion"},{"floor":29,"key":"SpeedPotion"},{"floor":32,"key":"SkillPotion"},{"floor":36,"key":"Milkshake"},{"floor":39,"key":"hermit:Tonic"},{"floor":43,"key":"SteroidPotion"}],"is_trial":false,"path_per_floor":["R","M","M","?","?","R","T","M","E","R","$","?","M","M","M","B",null,"R","M","M","$","M","R","T","?","?","E","$","M","?","M","M","B",null,"R","M","?","$","M","M","T","?","M","?","E","M","M","$","M","B",null],"character_chosen":"HERMIT","items_purchased":["ReplayTheSpireMod:ShopPack","Replay:PocketPolymizer","Gremlin Horn","Onion Ring","MerchantsRug","hermit:Determination","TheAbacus","ClockworkSouvenir","Lee\u0027s Waffle","Blue Doll"],"campfire_rested":2,"item_purchase_floors":[11,11,11,21,28,28,28,38,48,48],"current_hp_per_floor":[75,75,75,75,21,43,43,43,29,51,47,18,18,18,12,9,75,75,71,71,62,54,54,54,54,54,35,21,21,21,21,21,2,75,85,85,85,85,82,63,63,63,63,63,49,39,24,92,89,81],"gold":62,"neow_bonus":"THREE_ENEMY_KILL","is_daily":false,"chose_seed":false,"campfire_upgraded":3,"win_rate":0.0,"timestamp":1613357286,"path_taken":["R","M","M","?","?","R","T","?","E","R","$","?","M","?","M","BOSS","R","M","M","$","?","R","T","?","?","E","$","?","?","M","M","BOSS","R","M","?","$","M","M","T","?","?","?","E","M","M","$","M","BOSS"],"items_purchased_type":["Relic","Relic","Relic","Relic","Relic","Card","Relic","Relic","Relic","Relic"],"build_version":"2020-12-22","purchased_purges":1,"victory":true,"max_hp_per_floor":[75,75,75,75,75,75,75,75,75,75,75,75,75,75,75,75,75,75,75,75,75,75,75,75,75,75,75,75,75,75,75,75,75,75,85,85,85,85,85,85,85,85,85,85,85,85,85,92,92,92],"card_choices":[{"not_picked":["hermit:Grudge","hermit:Shortfuse"],"picked":"hermit:Glare","floor":2.0},{"not_picked":["hermit:Glare","hermit:Vantage","hermit:BigShot"],"picked":"SKIP","floor":3.0},{"not_picked":["hermit:BodyArmor","hermit:GhostlyPresence","hermit:Midnight"],"picked":"SKIP","floor":8.0},{"not_picked":["hermit:LuckOfTheDraw","hermit:LoneWolf","hermit:FullyLoaded"],"picked":"SKIP","floor":9.0},{"not_picked":["hermit:Misfire","hermit:BodyArmor"],"picked":"hermit:SprayPray","floor":11.0},{"not_picked":["Bandage Up","Finesse"],"picked":"Flash of Steel","floor":11.0},{"not_picked":["Dark Shackles","Deep Breath"],"picked":"Panache","floor":11.0},{"not_picked":["Midas Touch","Transmutation"],"picked":"The Bomb","floor":11.0},{"not_picked":["hermit:GhostlyPresence","hermit:ShadowCloak"],"picked":"hermit:Virtue","floor":12.0},{"not_picked":["hermit:Desperado","hermit:GhostlyPresence","hermit:BigShot"],"picked":"SKIP","floor":13.0},{"not_picked":["hermit:OverwhelmingPower","hermit:Showdown"],"picked":"hermit:WideOpen","floor":14.0},{"not_picked":["hermit:FlashPowder","hermit:TakeCover"],"picked":"hermit:Ricochet","floor":15.0},{"not_picked":["hermit:OverwhelmingPower","hermit:Adapt"],"picked":"hermit:HeroicBravado","floor":16.0},{"not_picked":["hermit:Vantage","hermit:TakeAim","hermit:DeadMansHand+1"],"picked":"SKIP","floor":19.0},{"not_picked":["hermit:BigShot+1","hermit:Dive"],"picked":"hermit:Ricochet","floor":20.0},{"not_picked":["hermit:BodyArmor","hermit:HighCaliber"],"picked":"hermit:Roulette","floor":21.0},{"not_picked":["hermit:Quickdraw+1","hermit:HoleUp","hermit:Purgatory"],"picked":"SKIP","floor":22.0},{"not_picked":["hermit:Quickdraw+1","hermit:HoleUp","hermit:Purgatory"],"picked":"SKIP","floor":22.0},{"not_picked":["hermit:Combo","hermit:Deadeye","hermit:FullyLoaded"],"picked":"SKIP","floor":27.0},{"not_picked":["hermit:Virtue","hermit:WideOpen"],"picked":"hermit:Headshot","floor":28},{"not_picked":["hermit:Grudge","hermit:Feint","hermit:Spite"],"picked":"SKIP","floor":29},{"not_picked":["hermit:HighCaliber+1","hermit:Glare","hermit:Enervate"],"picked":"SKIP","floor":31},{"not_picked":["hermit:LowProfile","hermit:Quickdraw"],"picked":"hermit:BlackWind","floor":32},{"not_picked":["hermit:Ricochet","hermit:Deadeye","hermit:Spite+1"],"picked":"SKIP","floor":36},{"not_picked":["hermit:Misfire+1","hermit:PistolWhip","hermit:BigShot"],"picked":"SKIP","floor":39},{"not_picked":["hermit:Reprieve","hermit:Headshot","hermit:CalledShot"],"picked":"SKIP","floor":40},{"not_picked":["hermit:Horror+1","hermit:ShadowCloak","hermit:Misfire"],"picked":"SKIP","floor":43},{"not_picked":["hermit:ShadowCloak+1","hermit:Horror"],"picked":"hermit:DeadOrAlive","floor":45},{"not_picked":["hermit:ShadowCloak","hermit:Spite+1","hermit:TrackingShot+1"],"picked":"SKIP","floor":46},{"not_picked":["hermit:SprayPray+1","hermit:BodyArmor+1","hermit:FullyLoaded+1"],"picked":"SKIP","floor":47},{"not_picked":["hermit:HighCaliber","hermit:Roulette+1"],"picked":"hermit:Snipe","floor":49}],"player_experience":1191741,"relics_obtained":[{"floor":7.0,"key":"Gremlin Food"},{"floor":9.0,"key":"Orichalcum"},{"floor":27.0,"key":"hexamod:BolsterEngine"},{"floor":41,"key":"Replay:WaspNest"},{"floor":45,"key":"Replay:Accelerometer"}],"event_choices":[{"damage_healed":0.0,"max_hp_gain":0.0,"max_hp_loss":0.0,"gold_gain":429.0,"event_name":"betterSkull:BetterSkull","player_choice":"GO GO GO RE GO ","floor":5.0,"gold_loss":0.0,"damage_taken":60.0,"cards_upgraded":[],"relics_obtained":["Akabeko"]},{"cards_removed":["ReplayTheSpireMod:Book of Names"],"damage_healed":0,"gold_gain":0,"player_choice":"Take \u0026 Give","damage_taken":0,"max_hp_gain":0,"max_hp_loss":0,"event_name":"betterNote:BetterNote","floor":30,"gold_loss":0,"cards_obtained":["ReplayTheSpireMod:Book of Names"]}],"is_beta":false,"boss_relics":[{"not_picked":["Fusion Hammer","Busted Crown"],"picked":"Coffee Dripper"},{"not_picked":["ChewingGum","Tiny House"],"picked":"Astrolabe"}],"items_purged_floors":[21],"is_endless":false,"potions_floor_spawned":[9,12,13,16,20,22,27,29,32,36,39,43],"ascension_level":1}}