{"host":"hrtq1r2z0jdgxy6l","time":1613400352,"event":{"mods":["AchievementEnabler","BaseMod","Bestiary","Colored Map","Colored Powertips","Downfall","Highlight Path","Minty Spire (QoL Compilation)","Permanent Neow","StSLib"],"gold_per_floor":[110,210,135,135,149,149,178,189,216,216,245,260,260,9,9,106,106,126,126,76,89,89,89],"floor_reached":22,"language":"ENG","playtime":7624,"items_purged":["Defend_G","Defend_G"],"score":182,"play_id":"828be76c-21bc-44fe-ae4f-334fbe0c9a7c","local_time":"20210215224552","is_ascension_mode":false,"campfire_choices":[{"data":"Infinite Blades","floor":6,"key":"SMITH"},{"data":"Prepared","floor":13,"key":"SMITH"},{"data":"Neutralize","floor":15,"key":"SMITH"}],"circlet_count":0,"master_deck":["Strike_G","Strike_G","Strike_G","Strike_G","Defend_G","Defend_G","Defend_G","Survivor","Neutralize+1","Infinite Blades+1","Prepared+1","Riddle With Holes","Dagger Throw","Tools of the Trade","Prepared","Footwork"],"relics":["Sozu","Odd Mushroom","Vajra","Lantern","Oddly Smooth Stone","HoveringKite","Nilry\u0027s Codex"],"acts_visited":["Exordium","TheCity"],"potions_floor_usage":[],"damage_taken":[{"damage":1,"enemies":"Jaw Worm","floor":1,"turns":4},{"damage":4,"enemies":"Cultist","floor":5,"turns":5},{"damage":16,"enemies":"The Mushroom Lair","floor":7,"turns":5},{"damage":0,"enemies":"Small Slimes","floor":8,"turns":3},{"damage":20,"enemies":"Gremlin Nob","floor":11,"turns":5},{"damage":3,"enemies":"Exordium Wildlife","floor":12,"turns":3},{"damage":21,"enemies":"The Guardian","floor":16,"turns":12},{"damage":12,"enemies":"Shell Parasite","floor":18,"turns":4},{"damage":16,"enemies":"Spheric Guardian","floor":21,"turns":4},{"damage":32,"enemies":"Masked Bandits","floor":22,"turns":3}],"seed_played":"1341247712032366256","potions_obtained":[],"is_trial":false,"path_per_floor":["M","?","$","?","M","R","?","M","T","?","E","M","R","$","R","B",null,"M","?","$","M","?"],"character_chosen":"THE_SILENT","items_purchased":["Oddly Smooth Stone","Prepared"],"campfire_rested":0,"item_purchase_floors":[14,20],"current_hp_per_floor":[69,69,69,62,58,58,42,42,42,47,27,24,24,24,24,3,75,63,47,47,31,0,0],"gold":89,"neow_bonus":"BOSS_RELIC","is_daily":false,"chose_seed":false,"campfire_upgraded":3,"win_rate":0.0,"timestamp":1613400352,"path_taken":["M","?","?","?","?","R","?","M","T","?","E","M","R","$","R","BOSS","M","?","?","?","?"],"items_purchased_type":["Relic","Card"],"build_version":"2020-12-22","purchased_purges":2,"victory":false,"max_hp_per_floor":[70,70,70,70,70,70,70,70,70,75,75,75,75,75,75,75,75,75,75,75,75,75,75],"card_choices":[{"not_picked":["Flying Knee","Outmaneuver","Choke"],"picked":"SKIP","floor":1},{"not_picked":["Underhanded Strike","Flying Knee"],"picked":"Infinite Blades","floor":5},{"not_picked":["Flying Knee","PiercingWail"],"picked":"Prepared","floor":7},{"not_picked":["Poisoned Stab","Flying Knee","Dagger Spray"],"picked":"SKIP","floor":8},{"not_picked":["Glass Knife","Skewer"],"picked":"Riddle With Holes","floor":11},{"not_picked":["Slice","Backflip"],"picked":"Dagger Throw","floor":12},{"not_picked":["Bullet Time","Venomology"],"picked":"Tools of the Trade","floor":16},{"not_picked":["Dagger Spray","Deadly Poison+1","Deflect"],"picked":"SKIP","floor":18},{"not_picked":["Deflect","Slice"],"picked":"Footwork","floor":21}],"player_experience":46516,"relics_obtained":[{"floor":7,"key":"Odd Mushroom"},{"floor":9,"key":"Vajra"},{"floor":11,"key":"Lantern"},{"floor":19,"key":"Nilry\u0027s Codex"}],"event_choices":[{"damage_healed":0,"gold_gain":100,"player_choice":"Pray","damage_taken":0,"max_hp_gain":0,"max_hp_loss":0,"event_name":"Golden Shrine","floor":2,"gold_loss":0},{"cards_removed":["Strike_G"],"damage_healed":0,"gold_gain":0,"player_choice":"Card Removal","damage_taken":7,"max_hp_gain":0,"max_hp_loss":0,"event_name":"Golden Wing","floor":4,"gold_loss":0},{"damage_healed":0,"gold_gain":0,"player_choice":"Fought Mushrooms","damage_taken":0,"max_hp_gain":0,"max_hp_loss":0,"event_name":"Mushrooms","floor":7,"gold_loss":0},{"damage_healed":0,"gold_gain":0,"player_choice":"Donut","damage_taken":0,"max_hp_gain":5,"max_hp_loss":0,"event_name":"Big Fish","floor":10,"gold_loss":0},{"damage_healed":0,"gold_gain":0,"player_choice":"Obtained Book","damage_taken":16,"max_hp_gain":0,"max_hp_loss":0,"event_name":"Cursed Tome","floor":19,"gold_loss":0},{"damage_healed":0,"gold_gain":0,"player_choice":"Fought Bandits","damage_taken":0,"max_hp_gain":0,"max_hp_loss":0,"event_name":"Masked Bandits","floor":22,"gold_loss":0}],"is_beta":false,"boss_relics":[{"not_picked":["Fusion Hammer","Philosopher\u0027s Stone"],"picked":"HoveringKite"}],"items_purged_floors":[3,14],"is_endless":false,"potions_floor_spawned":[8,12,18],"killed_by":"Masked Bandits","ascension_level":0}}