{"host":"i0jwc8fmgh9g3rhc","time":1613362041,"event":{"mods":["AchievementEnabler","Act Like it!","Aspiration","Astrologer","BaseMod","Better Altar","Better Match","Better Note","Better Sensory Stone","Better Skull","Better Third Choice","BetterRewards","Block Reminder","CCEM2","CapriCore","Colored Map","Conspire","DeckTracker","Downfall","Elementarium","Energized Spire","Gensokyo","GungeonMod","Halation","Hallownest","Hermit","Hubris","Infinite Spire","Jedi Mod","JesterMod","Jorbs\u0027s Wanderer Trilogy","Marisa????????","Mimic Mod","Minty Spire (QoL Compilation)","Pale of the Ancients","Quick Restart","RNG Fix","Rare Cards Sparkle","Replay The Spire","StSLib","The Bug Knight","The Construct","The Hierophant","The Immortal","The Jungle","The Kombatant","The Saiyan","The Senshi","The Servant 0.9.4","The Wild Card"],"gold_per_floor":[111,129,129,147,167,196,196,25,50,64,80,50,50,85,85,183,183,206,238,274,274,374,453,453,453],"floor_reached":24,"language":"ENG","playtime":1503,"items_purged":[],"score":403,"play_id":"41fddb80-b761-45af-8670-d268b55a9e1e","local_time":"20210214220721","is_ascension_mode":false,"campfire_choices":[{"floor":7,"key":"REST"},{"floor":13,"key":"REST"},{"floor":15,"key":"REST"}],"circlet_count":0,"master_deck":["Strike_R","Strike_R","Strike_R","Strike_R","Strike_R","Defend_R","Defend_R","Defend_R","Defend_R","Bash","Clash","Replay:Undeath\u0027s Touch","hubris:ReadiedAction","Clash","Iron Wave","Clash","Twin Strike","Thunderclap","Anger","Sword Boomerang","Cleave","jedi:unlimitedpower","Hallownest:curseDreamersLament","hubris:Greed","stsjorbsmod:Withering","hubris:Greed","Intimidate","hubris:Greed","hubris:Greed","Perfected Strike","hubris:Greed","Seeing Red","hubris:Greed","hubris:Greed","hubris:Greed","hubris:Greed","hubris:Greed","Anger","hubris:Greed","hubris:Greed","hubris:Greed","hubris:Greed","hubris:Greed","hubris:Greed","hubris:Greed","hubris:Greed"],"relics":["Burning Blood","jedi:arcanewood","jedi:crownofsimplicity","Dream Catcher","Ancient Tea Set","Replay:Ancient Bell","Gremlin Food","Garlic","FossilizedHelix","DemoMod:GreenGuonStone","DemoMod:GlassGuonStoneRelic","construct:RocketBooster"],"acts_visited":["Exordium","TheCity"],"potions_floor_usage":[6,16,16,19,23],"damage_taken":[{"damage":9,"enemies":"Jaw Worm","floor":1,"turns":4},{"damage":6,"enemies":"2 Louse","floor":2,"turns":2},{"damage":0,"enemies":"Small Slimes","floor":4,"turns":3},{"damage":14,"enemies":"Gremlin Gang","floor":5,"turns":6},{"damage":53,"enemies":"HollowMod:MossKnight","floor":6,"turns":12},{"damage":0,"enemies":"2 Fungi Beasts","floor":10,"turns":2},{"damage":9,"enemies":"Exordium Wildlife","floor":11,"turns":3},{"damage":0,"enemies":"Replay:BlueRogue","floor":14,"turns":2},{"damage":29,"enemies":"The Guardian","floor":16,"turns":8},{"damage":6,"enemies":"3 Byrds","floor":18,"turns":2},{"damage":0,"enemies":"3 Cultists","floor":19,"turns":5},{"damage":9,"enemies":"Snake Plant","floor":20,"turns":4},{"damage":86,"enemies":"Gremlin Leader","floor":23,"turns":7},{"damage":12,"enemies":"conspire:HollyBat","floor":24,"turns":7}],"seed_played":"1130361974344134247","potions_obtained":[{"floor":1,"key":"BloodPotion"},{"floor":10,"key":"Explosive Potion"},{"floor":12,"key":"LiquidMemories"},{"floor":12,"key":"LifebloodPotion"},{"floor":14,"key":"FearPotion"},{"floor":20,"key":"DemoMod:BlankPotion"}],"is_trial":false,"path_per_floor":["M","M","?","M","M","E","R","$","T","M","M","?","R","E","R","B",null,"M","M","M","?","?","E","M"],"character_chosen":"IRONCLAD","items_purchased":["jedi:crownofsimplicity","Clash"],"campfire_rested":3,"item_purchase_floors":[8,8],"current_hp_per_floor":[77,77,77,80,72,41,65,65,65,71,68,68,80,80,80,57,80,80,80,77,77,77,9,0,0],"gold":453,"neow_bonus":"","is_daily":false,"chose_seed":false,"campfire_upgraded":0,"win_rate":0.0,"timestamp":1613362041,"path_taken":["M","M","?","M","M","E","R","$","T","M","M","?","R","E","R","BOSS","M","M","M","?","?","E","M"],"items_purchased_type":["Relic","Card"],"build_version":"2020-12-22","purchased_purges":0,"victory":false,"max_hp_per_floor":[80,80,80,80,80,80,80,80,80,80,80,80,80,80,80,80,80,80,80,80,80,80,80,80,80],"card_choices":[{"not_picked":["DemoMod:BlackBlade","Massacre"],"picked":"Clash","floor":1},{"not_picked":["Thunderclap","infinitespire:OneForAll"],"picked":"Replay:Undeath\u0027s Touch","floor":2},{"not_picked":["conspire:Charge","Clothesline"],"picked":"hubris:ReadiedAction","floor":4},{"not_picked":["Dropkick","jedi:controlledanger"],"picked":"Clash","floor":5},{"not_picked":["Clothesline","Pummel"],"picked":"Iron Wave","floor":6},{"not_picked":["Flame Barrier","Clothesline"],"picked":"Twin Strike","floor":10},{"not_picked":["jedi:controlledanger","Clothesline"],"picked":"Thunderclap","floor":11},{"not_picked":["Searing Blow","DemoMod:WhiteBlade"],"picked":"Anger","floor":13},{"not_picked":["Bloodletting","jedi:bloodyhammer"],"picked":"Sword Boomerang","floor":14},{"not_picked":["ReplayTheSpireMod:Strike From Hell","jedi:fear"],"picked":"Cleave","floor":15},{"not_picked":["Juggernaut","Demonic Infusion"],"picked":"jedi:unlimitedpower","floor":16},{"not_picked":["Looming Evil","hubris:Lust"],"picked":"Hallownest:curseDreamersLament","floor":17},{"not_picked":["conspire:NecroticWound","Shame"],"picked":"hubris:Greed","floor":17},{"not_picked":["hubris:Gluttony","downfall:Malfunctioning"],"picked":"stsjorbsmod:Withering","floor":17},{"not_picked":["Life Link+1","Replay:Undeath\u0027s Touch"],"picked":"Intimidate","floor":18},{"not_picked":["Warcry","hubris:ReadiedAction"],"picked":"Perfected Strike","floor":19},{"not_picked":["hubris:CleavingFinish","Inflame"],"picked":"Seeing Red","floor":20},{"not_picked":["Brutality","hubris:ReadiedAction+1"],"picked":"Anger","floor":23}],"player_experience":39933,"relics_obtained":[{"floor":6,"key":"jedi:arcanewood"},{"floor":9,"key":"Dream Catcher"},{"floor":14,"key":"Ancient Tea Set"},{"floor":23,"key":"construct:RocketBooster"}],"event_choices":[{"damage_healed":0,"gold_gain":0,"player_choice":"Disagree","damage_taken":0,"max_hp_gain":0,"max_hp_loss":0,"event_name":"conspire:LoneGhost","floor":3,"gold_loss":0},{"damage_healed":0,"gold_gain":0,"player_choice":"Bought 2 Potions","damage_taken":0,"max_hp_gain":0,"max_hp_loss":0,"event_name":"The Woman in Blue","floor":12,"gold_loss":0},{"damage_healed":0,"gold_gain":0,"player_choice":"Gave Potion","damage_taken":0,"relics_obtained":["DemoMod:GreenGuonStone"],"max_hp_gain":0,"max_hp_loss":0,"event_name":"WeMeetAgain","floor":21,"gold_loss":0},{"damage_healed":0,"gold_gain":100,"player_choice":"Pray","damage_taken":0,"max_hp_gain":0,"max_hp_loss":0,"event_name":"Golden Shrine","floor":22,"gold_loss":0}],"is_beta":false,"boss_relics":[{"not_picked":["Abe\u0027s Treasure","Painkiller Herb"],"picked":"Replay:Ancient Bell"},{"not_picked":["CCEMRelics:JestersCrown","MawBank"],"picked":"Gremlin Food"},{"not_picked":["conspire:BottledYoYo","Replay:Bottled Flurry"],"picked":"Garlic"},{"not_picked":["Ginger","CCEMRelics:PowerPill"],"picked":"FossilizedHelix"}],"items_purged_floors":[],"is_endless":false,"potions_floor_spawned":[1,10,14,20],"killed_by":"conspire:HollyBat","ascension_level":0}}