{"host":"aapp7ew3jk5k1bvd","time":1613395356,"event":{"mods":["AchievementEnabler","BaseMod","Colored Map","Custom Start","Keyboard Shortcuts","Minty Spire (QoL Compilation)","Permanent Neow","Quick Restart","StSLib","SuperFastMode"],"gold_per_floor":[117,129,145,145,165,165,196,196,221,231,259,269,269,122,122,197,197,178,178,189,288,107,107,207,226,303,303,316,345,364,113,113,190,190,206,225,100,100,111,111,111,111,165,177,177,187,187,187,187,187,187],"floor_reached":50,"language":"KOR","playtime":3577,"items_purged":["Strike_G","Strike_G","Defend_G"],"score":779,"play_id":"aa924cfe-4467-4aa1-9a64-1ef44654f73f","local_time":"20210215222236","is_ascension_mode":true,"campfire_choices":[{"data":"Cloak And Dagger","floor":6.0,"key":"SMITH"},{"data":"Cloak And Dagger","floor":8.0,"key":"SMITH"},{"data":"Footwork","floor":13.0,"key":"SMITH"},{"floor":15.0,"key":"REST"},{"data":"Envenom","floor":23.0,"key":"SMITH"},{"floor":32.0,"key":"REST"},{"floor":40,"key":"REST"},{"data":"Accuracy","floor":42,"key":"SMITH"},{"data":"Madness","floor":45,"key":"SMITH"},{"floor":47,"key":"REST"},{"data":"Madness","floor":49,"key":"SMITH"}],"circlet_count":0,"master_deck":["AscendersBane","Defend_G","Defend_G","Defend_G","Defend_G","Survivor","Neutralize","Backstab","Blade Dance","Cloak And Dagger+1","Neutralize","Cloak And Dagger+1","After Image","Footwork+1","Well Laid Plans","Envenom+1","Accuracy+1","Escape Plan","Escape Plan","Blade Dance+1","Backflip","Corpse Explosion","Madness+1","Madness+1"],"relics":["Ring of the Snake","Toy Ornithopter","Snake Skull","Oddly Smooth Stone","WristBlade","StrikeDummy","Akabeko","Ninja Scroll","Empty Cage","Potion Belt"],"acts_visited":["Exordium","TheCity","TheBeyond"],"potions_floor_usage":[46],"damage_taken":[{"damage":5.0,"enemies":"Small Slimes","floor":1.0,"turns":4.0},{"damage":0.0,"enemies":"Cultist","floor":2.0,"turns":3.0},{"damage":1.0,"enemies":"Jaw Worm","floor":3.0,"turns":4.0},{"damage":0.0,"enemies":"3 Louse","floor":5.0,"turns":3.0},{"damage":2.0,"enemies":"3 Sentries","floor":7.0,"turns":9.0},{"damage":0.0,"enemies":"Exordium Thugs","floor":10.0,"turns":5.0},{"damage":26.0,"enemies":"Lagavulin","floor":11.0,"turns":7.0},{"damage":0.0,"enemies":"Blue Slaver","floor":12.0,"turns":2.0},{"damage":7.0,"enemies":"Hexaghost","floor":16.0,"turns":12.0},{"damage":0.0,"enemies":"2 Thieves","floor":18.0,"turns":4.0},{"damage":4.0,"enemies":"Chosen","floor":20.0,"turns":3.0},{"damage":3.0,"enemies":"Shelled Parasite and Fungi","floor":25.0,"turns":5.0},{"damage":7.0,"enemies":"Colosseum Slavers","floor":27.0,"turns":2.0},{"damage":7.0,"enemies":"Snecko","floor":28.0,"turns":5.0},{"damage":28.0,"enemies":"Slavers","floor":29.0,"turns":6.0},{"damage":5.0,"enemies":"Sentry and Sphere","floor":30.0,"turns":5.0},{"damage":22.0,"enemies":"Automaton","floor":33.0,"turns":8.0},{"damage":0.0,"enemies":"3 Shapes","floor":35.0,"turns":3.0},{"damage":3.0,"enemies":"3 Darklings","floor":36.0,"turns":4.0},{"damage":22,"enemies":"Sphere and 2 Shapes","floor":39,"turns":4},{"damage":0,"enemies":"Transient","floor":44,"turns":5},{"damage":7,"enemies":"Spire Growth","floor":46,"turns":3},{"damage":65,"enemies":"Awakened One","floor":50,"turns":5}],"seed_played":"-5012007801525491184","potions_obtained":[{"floor":1.0,"key":"DuplicationPotion"},{"floor":2.0,"key":"PowerPotion"},{"floor":18.0,"key":"AttackPotion"},{"floor":33.0,"key":"SteroidPotion"},{"floor":36.0,"key":"SkillPotion"}],"is_trial":false,"path_per_floor":["M","M","M","?","M","R","E","R","T","M","E","M","R","$","R","B",null,"M","?","M","?","$","R","?","M","T","?","M","E","M","$","R","B",null,"M","M","$","?","M","R","?","R","T","M","R","M","R","?","R","B"],"character_chosen":"THE_SILENT","items_purchased":["Well Laid Plans","Escape Plan","Ninja Scroll"],"campfire_rested":4,"item_purchase_floors":[14,22,31],"current_hp_per_floor":[58,58,57,57,57,57,55,55,55,55,29,29,29,29,50,48,65,65,65,61,61,61,61,61,58,58,56,49,26,21,21,42,20,58,58,55,55,55,33,54,45,45,45,45,45,43,64,64,64,0,0],"gold":187,"neow_bonus":"TRANSFORM_CARD","is_daily":false,"chose_seed":false,"campfire_upgraded":7,"win_rate":0.0,"timestamp":1613395356,"path_taken":["M","M","M","?","?","R","E","R","T","M","E","M","R","$","R","BOSS","M","?","M","?","?","R","?","?","T","?","M","E","M","$","R","BOSS","M","M","$","?","M","R","?","R","T","M","R","M","R","?","R","BOSS"],"items_purchased_type":["Card","Card","Relic"],"build_version":"2020-12-22","purchased_purges":3,"victory":false,"max_hp_per_floor":[70,70,70,70,70,70,70,70,70,70,70,70,70,70,70,70,70,70,70,70,70,70,70,70,70,70,70,70,70,70,70,70,70,70,70,70,70,70,70,70,70,70,70,70,70,70,70,70,70,70,70],"card_choices":[{"not_picked":["Bouncing Flask","Flying Knee"],"picked":"Blade Dance","floor":1.0},{"not_picked":["Crippling Poison","Acrobatics"],"picked":"Cloak And Dagger","floor":2.0},{"not_picked":["Dagger Throw","Slice","Deflect"],"picked":"SKIP","floor":3.0},{"not_picked":["Riddle With Holes","Bane"],"picked":"Cloak And Dagger","floor":5.0},{"not_picked":["Slice","Setup","Endless Agony"],"picked":"SKIP","floor":7.0},{"not_picked":["Sucker Punch","Skewer","Quick Slash"],"picked":"SKIP","floor":10.0},{"not_picked":["Tactician","Escape Plan"],"picked":"After Image","floor":11.0},{"not_picked":["Riddle With Holes","PiercingWail"],"picked":"Footwork","floor":12.0},{"not_picked":["Burst","Phantasmal Killer"],"picked":"Envenom","floor":16.0},{"not_picked":["Underhanded Strike+1","Terror","Dodge and Roll"],"picked":"SKIP","floor":18.0},{"not_picked":["Quick Slash","Dagger Spray"],"picked":"Escape Plan","floor":20.0},{"not_picked":["Deadly Poison","Heel Hook","Outmaneuver"],"picked":"SKIP","floor":25.0},{"not_picked":["Deflect+1","Heel Hook"],"picked":"Blade Dance+1","floor":28.0},{"not_picked":["Sucker Punch","Grand Finale"],"picked":"Backflip","floor":29.0},{"not_picked":["Poisoned Stab","Sucker Punch","Flying Knee+1"],"picked":"SKIP","floor":30.0},{"not_picked":["Night Terror","Phantasmal Killer"],"picked":"Corpse Explosion","floor":33.0},{"not_picked":["Reflex","Slice","Dodge and Roll"],"picked":"SKIP","floor":35.0},{"not_picked":["Underhanded Strike","Reflex","Concentrate"],"picked":"SKIP","floor":36.0},{"not_picked":["Eviscerate","Backflip","Endless Agony"],"picked":"SKIP","floor":39},{"not_picked":["Slice","Dagger Throw","Masterful Stab"],"picked":"SKIP","floor":44},{"not_picked":["Underhanded Strike","Predator","Dodge and Roll"],"picked":"SKIP","floor":46}],"player_experience":1372032,"relics_obtained":[{"floor":7.0,"key":"Toy Ornithopter"},{"floor":9.0,"key":"Snake Skull"},{"floor":11.0,"key":"Oddly Smooth Stone"},{"floor":26.0,"key":"StrikeDummy"},{"floor":29.0,"key":"Akabeko"},{"floor":43,"key":"Potion Belt"}],"event_choices":[{"damage_healed":0.0,"max_hp_gain":0.0,"max_hp_loss":0.0,"gold_gain":0.0,"event_name":"Match and Keep!","player_choice":"1 cards matched","floor":4.0,"gold_loss":0.0,"damage_taken":0.0,"cards_obtained":["Neutralize"]},{"damage_healed":0.0,"max_hp_gain":0.0,"max_hp_loss":0.0,"gold_gain":0.0,"event_name":"The Library","player_choice":"Read","floor":19.0,"gold_loss":0.0,"damage_taken":0.0,"cards_obtained":["Accuracy"]},{"damage_healed":0.0,"max_hp_gain":0.0,"max_hp_loss":0.0,"gold_gain":99.0,"event_name":"Nest","player_choice":"Stole From Cult","floor":21.0,"gold_loss":0.0,"damage_taken":0.0},{"damage_healed":0.0,"max_hp_gain":0.0,"max_hp_loss":0.0,"gold_gain":100.0,"event_name":"Golden Shrine","player_choice":"Pray","floor":24.0,"gold_loss":0.0,"damage_taken":0.0},{"damage_healed":0.0,"max_hp_gain":0.0,"max_hp_loss":0.0,"gold_gain":0.0,"event_name":"Colosseum","player_choice":"Fight","floor":27.0,"gold_loss":0.0,"damage_taken":0.0},{"damage_healed":0.0,"max_hp_gain":0.0,"max_hp_loss":0.0,"gold_gain":0.0,"event_name":"Colosseum","player_choice":"Fled From Nobs","floor":27.0,"gold_loss":0.0,"damage_taken":0.0},{"damage_healed":0,"gold_gain":0,"player_choice":"Memory 1","damage_taken":0,"max_hp_gain":0,"max_hp_loss":0,"event_name":"SensoryStone","floor":38,"gold_loss":0},{"damage_healed":0,"gold_gain":0,"player_choice":"Embrace Madness","damage_taken":9,"max_hp_gain":0,"max_hp_loss":0,"event_name":"Winding Halls","floor":41,"gold_loss":0,"cards_obtained":["Madness","Madness"]},{"damage_healed":0,"gold_gain":0,"player_choice":"Ignored","damage_taken":0,"max_hp_gain":0,"max_hp_loss":0,"event_name":"Mysterious Sphere","floor":48,"gold_loss":0}],"is_beta":false,"boss_relics":[{"not_picked":["Tiny House","Calling Bell"],"picked":"WristBlade"},{"not_picked":["Pandora\u0027s Box","Coffee Dripper"],"picked":"Empty Cage"}],"items_purged_floors":[14,22,37],"is_endless":false,"potions_floor_spawned":[1,2,12,18,20,33,36],"killed_by":"Awakened One","ascension_level":13}}