{"host":"7rmsgc3rayi00cdt","time":1613417655,"event":{"mods":["BaseMod","Minty Spire (QoL Compilation)"],"gold_per_floor":[118,136,136,136,150,150,150,166,190,265,163,163,6,19,19,98,98,115,30,40,52,52,52],"floor_reached":22,"language":"ENG","playtime":629,"items_purged":[],"score":343,"play_id":"3a7c67ce-e93b-4534-9ebe-a3b8fd6538ce","local_time":"20210215193415","is_ascension_mode":true,"campfire_choices":[{"data":"Go for the Eyes","floor":6,"key":"SMITH"},{"floor":12,"key":"REST"},{"floor":15,"key":"REST"}],"circlet_count":0,"master_deck":["AscendersBane","Strike_B","Strike_B","Strike_B+1","Strike_B","Defend_B+1","Defend_B","Defend_B","Defend_B+1","Zap+1","Dualcast","Coolheaded","Hologram+1","Go for the Eyes+1","Streamline","Impatience","Leap","All For One","Beam Cell","Gash","Gash"],"relics":["Cracked Core","Oddly Smooth Stone","Art of War","War Paint","SacredBark","Dream Catcher"],"acts_visited":["Exordium","TheCity"],"potions_floor_usage":[21],"damage_taken":[{"damage":1,"enemies":"2 Louse","floor":1,"turns":3},{"damage":0,"enemies":"Cultist","floor":2,"turns":5},{"damage":2,"enemies":"Small Slimes","floor":5,"turns":4},{"damage":5,"enemies":"Exordium Wildlife","floor":8,"turns":6},{"damage":3,"enemies":"Looter","floor":14,"turns":3},{"damage":33,"enemies":"Slime Boss","floor":16,"turns":9},{"damage":11,"enemies":"Spheric Guardian","floor":18,"turns":5},{"damage":21,"enemies":"Shell Parasite","floor":20,"turns":5},{"damage":34,"enemies":"Shelled Parasite and Fungi","floor":21,"turns":7},{"damage":6,"enemies":"Snecko","floor":22,"turns":2}],"seed_played":"-1687088562079924250","potions_obtained":[{"floor":5,"key":"EssenceOfDarkness"},{"floor":18,"key":"Explosive Potion"},{"floor":21,"key":"Swift Potion"}],"is_trial":false,"path_per_floor":["M","M","?","?","M","R","?","M","T","?","$","R","$","M","R","B",null,"M","?","M","M","M"],"character_chosen":"DEFECT","items_purchased":["Impatience","War Paint"],"campfire_rested":2,"item_purchase_floors":[11,13],"current_hp_per_floor":[70,70,47,47,45,45,45,40,40,29,29,52,52,49,72,39,68,57,57,36,2,0,0],"gold":52,"neow_bonus":"TEN_PERCENT_HP_BONUS","is_daily":false,"chose_seed":false,"campfire_upgraded":1,"win_rate":0.0,"timestamp":1613417655,"path_taken":["M","M","?","?","M","R","?","?","T","?","$","R","$","M","R","BOSS","M","?","M","M","M"],"items_purchased_type":["Card","Relic"],"build_version":"2020-12-22","purchased_purges":0,"victory":false,"max_hp_per_floor":[78,78,78,78,78,78,78,78,78,78,78,78,78,78,78,78,78,78,78,78,78,78,78],"card_choices":[{"not_picked":["Rip and Tear","Doom and Gloom"],"picked":"Coolheaded","floor":1},{"not_picked":["Sweeping Beam","Storm"],"picked":"Hologram","floor":2},{"not_picked":["Conserve Battery","Ball Lightning"],"picked":"Go for the Eyes","floor":5},{"not_picked":["Turbo","Genetic Algorithm"],"picked":"Streamline","floor":8},{"not_picked":["Steam","Hologram"],"picked":"Leap","floor":14},{"not_picked":["Electrodynamics","Buffer"],"picked":"All For One","floor":16},{"not_picked":["Darkness","Streamline"],"picked":"Beam Cell","floor":18},{"not_picked":["Rebound","Melter+1"],"picked":"Gash","floor":20},{"not_picked":["Stack","Beam Cell+1"],"picked":"Gash","floor":21}],"player_experience":815988,"relics_obtained":[{"floor":9,"key":"Art of War"}],"event_choices":[{"damage_healed":0,"gold_gain":0,"player_choice":"Entered Light","damage_taken":23,"max_hp_gain":0,"max_hp_loss":0,"event_name":"Shining Light","floor":3,"gold_loss":0,"cards_upgraded":["Hologram","Strike_B"]},{"damage_healed":0,"gold_gain":0,"player_choice":"Grow","damage_taken":0,"max_hp_gain":0,"max_hp_loss":0,"event_name":"Living Wall","floor":4,"gold_loss":0,"cards_upgraded":["Zap"]},{"damage_healed":0,"gold_gain":0,"player_choice":"Gave Potion","damage_taken":0,"relics_obtained":["Oddly Smooth Stone"],"max_hp_gain":0,"max_hp_loss":0,"event_name":"WeMeetAgain","floor":7,"gold_loss":0},{"damage_healed":0,"gold_gain":75,"player_choice":"Gather Gold","damage_taken":11,"max_hp_gain":0,"max_hp_loss":0,"event_name":"World of Goop","floor":10,"gold_loss":0},{"damage_healed":0,"gold_gain":0,"player_choice":"Obtained Relic","damage_taken":0,"relics_obtained":["Dream Catcher"],"max_hp_gain":0,"max_hp_loss":0,"event_name":"Addict","floor":19,"gold_loss":85}],"is_beta":false,"boss_relics":[{"not_picked":["Coffee Dripper","FrozenCore"],"picked":"SacredBark"}],"items_purged_floors":[],"is_endless":false,"potions_floor_spawned":[5,18,21],"killed_by":"Snecko","ascension_level":19}}