{"host":"ox77rn1xcurm2t5a","time":1613427188,"event":{"mods":["2.2 Compatiblity","AchievementEnabler","Act Like it!","Aspiration","BaseMod","Best Route Mod","Better Match","Better Note","Better Sensory Stone","Block Reminder","Colored Map","Colored Powertips","Conjunction","Conspire","Custom Start","Energized Spire","GifTheSpireLib","Gold Saver","Gremlin Skip","Halation","Highlight Path","Hubris","Infinite Spire","Minty Spire (QoL Compilation)","Pale of the Ancients","Quick Restart","Replay The Spire","Reworked Bosses","ShortenTheSpire","Spire Exporter","StSLib","Stuff the Spire","Wandering Minibosses"],"gold_per_floor":[111,36,52,66,66,95,95,126,126,158,173,98,98,114,114,219,219,237,237,237,237,250,281,181,181,205,240,240,240,270,282,282,378,378,397,397,413,426,426,426,426],"floor_reached":40,"language":"ENG","playtime":1059,"items_purged":["Defend_R","Defend_R"],"score":560,"play_id":"4a3fdaf8-33af-4a2a-ad2f-45cdcbbccadf","local_time":"20210216001308","is_ascension_mode":true,"campfire_choices":[{"floor":7.0,"key":"RECALL"},{"data":"Bash","floor":13.0,"key":"SMITH"},{"data":"Spot Weakness","floor":15.0,"key":"SMITH"},{"floor":25.0,"key":"REST"},{"floor":28.0,"key":"REST"},{"floor":32.0,"key":"REST"}],"circlet_count":0,"master_deck":["Strike_R+1","Strike_R+1","Strike_R+1","Strike_R+1","Defend_R+1","Defend_R+1","Bash+1","Cleave+1","Anger+1","Spot Weakness+1","Dropkick+1","Anger+1","Perfected Strike+1","Disarm+1","Perfected Strike+1","Twin Strike+1","Flex+1","Headbutt+1","Clash+1","Bludgeon+1","Clothesline+1"],"relics":["Burning Blood","NeowsBlessing","Molten Egg 2","StuffTheSpire:Barrel","Blue Candle","Replay:Bottled Steam","StuffTheSpire:Gunfinga","Bag of Marbles","StuffTheSpire:Rhapsscallions","halation:WeightlessCrab"],"acts_visited":["Exordium","TheCity","TheBeyond"],"potions_floor_usage":[37,40],"damage_taken":[{"damage":0.0,"enemies":"Jaw Worm","floor":1.0,"turns":1.0},{"damage":0.0,"enemies":"Cultist","floor":3.0,"turns":1.0},{"damage":0.0,"enemies":"2 Louse","floor":4.0,"turns":1.0},{"damage":40.0,"enemies":"Lagavulin","floor":6.0,"turns":5.0},{"damage":5.0,"enemies":"3 Sentries","floor":8.0,"turns":4.0},{"damage":35.0,"enemies":"Lagavulin","floor":10.0,"turns":5.0},{"damage":1.0,"enemies":"Looter","floor":11.0,"turns":2.0},{"damage":0.0,"enemies":"Exordium Wildlife","floor":14.0,"turns":1.0},{"damage":28.0,"enemies":"Fading Forest","floor":16.0,"turns":11.0},{"damage":28.0,"enemies":"3 Byrds","floor":18.0,"turns":4.0},{"damage":7.0,"enemies":"Chosen","floor":22.0,"turns":3.0},{"damage":47.0,"enemies":"Book of Stabbing","floor":23.0,"turns":5.0},{"damage":38.0,"enemies":"conspire:MimicChest","floor":27.0,"turns":5.0},{"damage":0.0,"enemies":"conspire:Head Lice","floor":30.0,"turns":5.0},{"damage":0.0,"enemies":"Snecko","floor":31.0,"turns":2.0},{"damage":57.0,"enemies":"bossMod:newChamp","floor":33.0,"turns":8.0},{"damage":3.0,"enemies":"3 Shapes","floor":35.0,"turns":3.0},{"damage":31,"enemies":"3 Darklings","floor":37,"turns":5},{"damage":25,"enemies":"Sphere and 2 Shapes","floor":38,"turns":4},{"damage":49,"enemies":"Reptomancer","floor":40,"turns":4}],"seed_played":"1844228916520912673","potions_obtained":[{"floor":6.0,"key":"Explosive Potion"},{"floor":10.0,"key":"Strength Potion"},{"floor":11.0,"key":"Fire Potion"},{"floor":14.0,"key":"Weak Potion"},{"floor":22.0,"key":"Fruit Juice"},{"floor":27.0,"key":"LifebloodPotion"},{"floor":30.0,"key":"BlessingOfTheForge"},{"floor":35.0,"key":"ElixirPotion"},{"floor":38,"key":"Energy Potion"}],"is_trial":false,"path_per_floor":["M","$","M","M","?","E","R","E","T","E","M","?","R","M","R","B",null,"M","?","?","?","M","E","$","R","T","?","R","?","E","M","R","B",null,"M","?","M","M","T","E"],"character_chosen":"IRONCLAD","items_purchased":[],"campfire_rested":3,"item_purchase_floors":[],"current_hp_per_floor":[80,80,80,80,80,46,46,47,47,18,23,23,23,29,29,25,80,58,66,66,66,70,29,29,54,54,22,47,47,56,62,88,37,88,88,88,63,44,44,0,0],"gold":426,"neow_bonus":"THREE_ENEMY_KILL","is_daily":false,"chose_seed":false,"campfire_upgraded":2,"win_rate":0.0,"timestamp":1613427188,"path_taken":["M","$","M","M","?","E","R","E","T","E","M","?","R","M","R","BOSS","M","?","?","?","M","E","$","R","T","?","R","?","E","?","R","BOSS","M","?","?","M","?","E"],"items_purchased_type":[],"build_version":"2020-12-22","purchased_purges":2,"victory":false,"max_hp_per_floor":[80,80,80,80,80,80,80,80,80,80,80,80,80,80,80,80,80,80,80,80,80,85,85,85,85,85,85,85,85,88,88,88,88,88,88,88,88,88,88,88,88],"card_choices":[{"not_picked":["Run Through","Shockwave","Dark Embrace"],"picked":"SKIP","floor":1.0},{"not_picked":["Run Through","Blood for Blood","Rage"],"picked":"SKIP","floor":3.0},{"not_picked":["Shockwave","ReplayTheSpireMod:Strike From Hell"],"picked":"Cleave","floor":4.0},{"not_picked":["Ghostly Armor","Dual Wield"],"picked":"Anger+1","floor":6.0},{"not_picked":["conspire:Purge","Infernal Blade"],"picked":"Spot Weakness","floor":8.0},{"not_picked":["StuffTheSpire:Incineration+1","Searing Blow+1"],"picked":"Dropkick+1","floor":10.0},{"not_picked":["Rupture","Replay:Undeath\u0027s Touch+1"],"picked":"Anger+1","floor":11.0},{"not_picked":["Warcry+1","StuffTheSpire:RockThrow+1"],"picked":"Perfected Strike+1","floor":12.0},{"not_picked":["StuffTheSpire:BloodClot+1","ReplayTheSpireMod:Corrosion Curse+1"],"picked":"Disarm+1","floor":12.0},{"not_picked":["Entrench","Armaments","ReplayTheSpireMod:Strike From Hell+1"],"picked":"SKIP","floor":14.0},{"not_picked":["StuffTheSpire:BloodClot","Body Slam+1","ReplayTheSpireMod:Corrosion Curse"],"picked":"SKIP","floor":18.0},{"not_picked":["StuffTheSpire:RockThrow+1","Carnage+1","True Grit+1"],"picked":"SKIP","floor":22.0},{"not_picked":["Headbutt+1","Abandon"],"picked":"Twin Strike+1","floor":23.0},{"not_picked":["Wild Strike+1","ReplayTheSpireMod:Stacked"],"picked":"Flex+1","floor":27.0},{"not_picked":["Warcry+1","Wild Strike+1"],"picked":"Headbutt+1","floor":30.0},{"not_picked":["ReplayTheSpireMod:LeadingStrike+1","infinitespire:OneForAll+1"],"picked":"Clash+1","floor":31.0},{"not_picked":["Fiend Fire+1","Exhume"],"picked":"Bludgeon+1","floor":33.0},{"not_picked":["Reckless Charge+1","Wild Strike+1","StuffTheSpire:RockThrow+1"],"picked":"SKIP","floor":35.0},{"not_picked":["Armaments","StuffTheSpire:RockThrow+1"],"picked":"Clothesline+1","floor":37},{"not_picked":["Clothesline+1","Replay:Undeath\u0027s Touch+1","Rupture"],"picked":"SKIP","floor":38}],"player_experience":3106248,"relics_obtained":[{"floor":6.0,"key":"Molten Egg 2"},{"floor":8.0,"key":"StuffTheSpire:Barrel"},{"floor":10.0,"key":"Blue Candle"},{"floor":23.0,"key":"Replay:Bottled Steam"},{"floor":26.0,"key":"StuffTheSpire:Gunfinga"},{"floor":27.0,"key":"Bag of Marbles"},{"floor":30.0,"key":"StuffTheSpire:Rhapsscallions"},{"floor":39,"key":"halation:WeightlessCrab"}],"event_choices":[{"damage_healed":0.0,"max_hp_gain":0.0,"max_hp_loss":0.0,"gold_gain":0.0,"event_name":"Living Wall","player_choice":"Grow","floor":5.0,"gold_loss":0.0,"damage_taken":0.0,"cards_upgraded":["Cleave"]},{"damage_healed":0.0,"max_hp_gain":0.0,"max_hp_loss":0.0,"gold_gain":0.0,"event_name":"betterMatch:BetterMatch","player_choice":"2","floor":12.0,"gold_loss":0.0,"damage_taken":0.0,"cards_obtained":["betterMatch:CommonCard","betterMatch:UncommonCard"]},{"damage_healed":0.0,"max_hp_gain":0.0,"max_hp_loss":0.0,"gold_gain":0.0,"event_name":"Duplicator","player_choice":"Copied","floor":20.0,"gold_loss":0.0,"damage_taken":0.0,"cards_obtained":["Perfected Strike"]},{"damage_healed":0.0,"max_hp_gain":0.0,"max_hp_loss":0.0,"gold_gain":0.0,"event_name":"FaceTrader","player_choice":"Leave","floor":21.0,"gold_loss":0.0,"damage_taken":0.0},{"damage_healed":0.0,"max_hp_gain":0.0,"max_hp_loss":0.0,"gold_gain":0.0,"event_name":"Back to Basics","player_choice":"Simplicity","floor":29.0,"gold_loss":0.0,"damage_taken":0.0,"cards_upgraded":["Strike_R","Strike_R","Strike_R","Strike_R","Strike_R","Defend_R","Defend_R"]},{"damage_healed":0.0,"max_hp_gain":0.0,"max_hp_loss":0.0,"gold_gain":0.0,"event_name":"Transmorgrifier","player_choice":"Ignored","floor":36.0,"gold_loss":0.0,"damage_taken":0.0}],"is_beta":false,"boss_relics":[{"not_picked":["aspiration:FutureDiary","hubris:HollowSoul","Pandora\u0027s Box"]},{"not_picked":["aspiration:DefectSkillbook","aspiration:RitualDagger","StuffTheSpire:Kangaroo"]}],"items_purged_floors":[2,24],"is_endless":false,"potions_floor_spawned":[6,10,11,14,22,27,30,35,38],"killed_by":"Reptomancer","ascension_level":4}}