{"host":"a5lz0e76zb3fcwkm","time":1613400842,"event":{"mods":["AchievementEnabler","BaseMod","Colored Map","Colored Powertips","Minty Spire (QoL Compilation)","StSLib","SuperFastMode"],"gold_per_floor":[366,326,43,57,69,69,103,103,153,153,172,188,207,230,230,306,306,316,316,335,335,37,37,37],"floor_reached":23,"language":"KOR","playtime":720,"items_purged":["Normality","Defend_B"],"score":382,"play_id":"84b35e09-b83b-497d-9988-8f87aea198f5","local_time":"20210215235402","is_ascension_mode":true,"campfire_choices":[{"data":"Turbo","floor":6,"key":"SMITH"},{"floor":8,"key":"REST"},{"floor":15,"key":"REST"}],"circlet_count":0,"master_deck":["AscendersBane","Strike_B","Strike_B","Strike_B","Defend_B","Defend_B","Defend_B","Zap","Dualcast","Conserve Battery","Glacier","Ball Lightning","Blizzard","Compile Driver","Turbo+1","Consume","Coolheaded","Echo Form","Apotheosis"],"relics":["Cracked Core","Juzu Bracelet","Bronze Scales","Snecko Eye"],"acts_visited":["Exordium","TheCity"],"potions_floor_usage":[7,7,16,16,20],"damage_taken":[{"damage":4,"enemies":"Jaw Worm","floor":1,"turns":4},{"damage":0,"enemies":"Cultist","floor":4,"turns":3},{"damage":0,"enemies":"Small Slimes","floor":5,"turns":4},{"damage":61,"enemies":"Gremlin Nob","floor":7,"turns":6},{"damage":15,"enemies":"Exordium Wildlife","floor":11,"turns":4},{"damage":0,"enemies":"2 Fungi Beasts","floor":12,"turns":3},{"damage":12,"enemies":"Lots of Slimes","floor":13,"turns":4},{"damage":22,"enemies":"The Guardian","floor":16,"turns":13},{"damage":6,"enemies":"Chosen","floor":18,"turns":4},{"damage":11,"enemies":"2 Thieves","floor":20,"turns":5},{"damage":45,"enemies":"Slavers","floor":23,"turns":4}],"seed_played":"4706815702829797794","potions_obtained":[{"floor":2,"key":"DuplicationPotion"},{"floor":2,"key":"Swift Potion"},{"floor":4,"key":"Regen Potion"},{"floor":7,"key":"BlessingOfTheForge"},{"floor":12,"key":"SteroidPotion"},{"floor":18,"key":"Swift Potion"}],"is_trial":false,"path_per_floor":["M","?","$","M","M","R","E","R","T","?","M","M","M","T","R","B",null,"M","?","M","?","$","E"],"character_chosen":"DEFECT","items_purchased":["Glacier","Ball Lightning","Blizzard","Apotheosis"],"campfire_rested":2,"item_purchase_floors":[3,3,3,22],"current_hp_per_floor":[60,60,60,60,60,60,14,35,35,35,20,20,8,8,29,7,55,49,49,38,38,38,0,0],"gold":37,"neow_bonus":"TWO_FIFTY_GOLD","is_daily":false,"chose_seed":false,"campfire_upgraded":1,"win_rate":0.0,"timestamp":1613400842,"path_taken":["M","?","$","M","?","R","E","R","T","?","M","M","M","?","R","BOSS","M","?","M","?","$","E"],"items_purchased_type":["Card","Card","Card","Card"],"build_version":"2020-12-22","purchased_purges":2,"victory":false,"max_hp_per_floor":[71,71,71,71,71,71,71,71,71,71,71,71,71,71,71,71,71,71,71,71,71,71,71,71],"card_choices":[{"not_picked":["Stack","Double Energy"],"picked":"Conserve Battery","floor":1},{"not_picked":["Tempest","Melter"],"picked":"Compile Driver","floor":4},{"not_picked":["Skim","Streamline"],"picked":"Turbo","floor":5},{"not_picked":["Darkness","Go for the Eyes","Machine Learning"],"picked":"SKIP","floor":7},{"not_picked":["Streamline","Rebound","Leap"],"picked":"SKIP","floor":11},{"not_picked":["Stack","Lockon"],"picked":"Consume","floor":12},{"not_picked":["Beam Cell","Go for the Eyes"],"picked":"Coolheaded","floor":13},{"not_picked":["Core Surge","Rainbow"],"picked":"Echo Form","floor":16},{"not_picked":["Hologram","Ball Lightning","Redo"],"picked":"SKIP","floor":18},{"not_picked":["Blizzard","Cold Snap","Redo+1"],"picked":"SKIP","floor":20}],"player_experience":1898392,"relics_obtained":[{"floor":7,"key":"Juzu Bracelet"},{"floor":9,"key":"Bronze Scales"}],"event_choices":[{"damage_healed":0,"gold_gain":0,"player_choice":"Bought 3 Potions","damage_taken":0,"max_hp_gain":0,"max_hp_loss":0,"event_name":"The Woman in Blue","floor":2,"gold_loss":0},{"damage_healed":0,"gold_gain":0,"player_choice":"Ignored","damage_taken":0,"max_hp_gain":0,"max_hp_loss":0,"event_name":"Liars Game","floor":10,"gold_loss":0},{"cards_removed":["Strike_B"],"damage_healed":0,"gold_gain":0,"player_choice":"Purged","damage_taken":0,"max_hp_gain":0,"max_hp_loss":0,"event_name":"Purifier","floor":19,"gold_loss":0},{"damage_healed":0,"gold_gain":0,"player_choice":"Ignored","damage_taken":0,"max_hp_gain":0,"max_hp_loss":0,"event_name":"Ghosts","floor":21,"gold_loss":0}],"is_beta":false,"boss_relics":[{"not_picked":["FrozenCore","Coffee Dripper"],"picked":"Snecko Eye"}],"items_purged_floors":[3,22],"is_endless":false,"potions_floor_spawned":[4,7,12,13,18],"killed_by":"Slavers","ascension_level":20}}