{"host":"b9sas8jv6tsy9swm","time":1613388954,"event":{"mods":["AchievementEnabler","BaseMod","Minty Spire (QoL Compilation)","Permanent Neow","Quick Restart","Replay The Spire","StSLib"],"gold_per_floor":[14,31,42,60,78,105,121,121,121],"floor_reached":8,"language":"ZHS","playtime":406,"items_purged":[],"score":84,"play_id":"844701c2-ea7d-4b72-81b8-e7c3cf0c5fcb","local_time":"20210215193554","is_ascension_mode":true,"campfire_choices":[],"circlet_count":0,"master_deck":["Strike_G","Strike_G","Strike_G","Defend_G","Defend_G","Defend_G","Defend_G","Defend_G","Survivor","Neutralize","Blade Dance","Calculated Gamble","Acrobatics","Masterful Stab","Terror","ReplayTheSpireMod:The Works","Tactician"],"relics":["Ring of the Snake","Snake Skull"],"acts_visited":["Exordium"],"potions_floor_usage":[],"damage_taken":[{"damage":0.0,"enemies":"Small Slimes","floor":1.0,"turns":4.0},{"damage":0.0,"enemies":"Cultist","floor":2.0,"turns":3.0},{"damage":0.0,"enemies":"2 Louse","floor":3.0,"turns":4.0},{"damage":1.0,"enemies":"Looter","floor":4.0,"turns":4.0},{"damage":11,"enemies":"Large Slime","floor":5,"turns":7},{"damage":22,"enemies":"Lagavulin","floor":6,"turns":5},{"damage":5,"enemies":"2 Fungi Beasts","floor":7,"turns":3},{"damage":10,"enemies":"3 Sentries","floor":8,"turns":2}],"seed_played":"-9088358510832533888","potions_obtained":[{"floor":1.0,"key":"Elixir"},{"floor":2.0,"key":"Dexterity Potion"},{"floor":4.0,"key":"Weak Potion"},{"floor":7,"key":"EssenceOfSteel"}],"is_trial":false,"path_per_floor":["M","M","M","M","M","E","M","E"],"character_chosen":"THE_SILENT","items_purchased":[],"campfire_rested":0,"item_purchase_floors":[],"current_hp_per_floor":[63,63,63,62,51,29,24,14,14],"gold":121,"neow_bonus":"REMOVE_TWO","is_daily":false,"chose_seed":false,"campfire_upgraded":0,"win_rate":0.0,"timestamp":1613388954,"path_taken":["M","M","M","M","M","E","M","E"],"items_purchased_type":[],"build_version":"2020-12-22","purchased_purges":0,"victory":false,"max_hp_per_floor":[70,70,70,70,70,70,70,70,70],"card_choices":[{"not_picked":["Concentrate","Acrobatics"],"picked":"Blade Dance","floor":1.0},{"not_picked":["Dodge and Roll","Sucker Punch"],"picked":"Calculated Gamble","floor":2.0},{"not_picked":["Outmaneuver","Fluid Movement"],"picked":"Acrobatics","floor":3.0},{"not_picked":["Quick Slash","Calculated Gamble"],"picked":"Masterful Stab","floor":4.0},{"not_picked":["Hidden Blade","Dodge and Roll"],"picked":"Terror","floor":5},{"not_picked":["Replay:Poison Smokescreen","Predator"],"picked":"ReplayTheSpireMod:The Works","floor":6},{"not_picked":["Dash","Poisoned Stab"],"picked":"Tactician","floor":7}],"player_experience":379883,"relics_obtained":[{"floor":6,"key":"Snake Skull"}],"event_choices":[],"is_beta":false,"boss_relics":[],"items_purged_floors":[],"is_endless":false,"potions_floor_spawned":[1,2,4,7],"killed_by":"3 Sentries","ascension_level":7}}