{"host":"mwb0clku6crgv6yl","time":1613401867,"event":{"mods":["AchievementEnabler","BaseMod","Highlight Path","Minty Spire (QoL Compilation)","StSLib","The Cursed"],"gold_per_floor":[116,116,116,41,41,66,66,78,102,102,102,127,127,82,82,82,82],"floor_reached":16,"language":"ZHS","playtime":434,"items_purged":["Pain"],"score":136,"play_id":"e66f330c-866e-4d9c-92cf-b48ccae8a686","local_time":"20210215231107","is_ascension_mode":true,"campfire_choices":[{"floor":7.0,"key":"REST"},{"data":"TheCursedMod:CleanUpWorkshop","floor":11.0,"key":"SMITH"},{"floor":13.0,"key":"REST"},{"data":"TheCursedMod:SpreadPlague","floor":15.0,"key":"SMITH"}],"circlet_count":0,"master_deck":["TheCursedMod:Strike_TheCursed","TheCursedMod:Strike_TheCursed","TheCursedMod:Strike_TheCursed","TheCursedMod:Strike_TheCursed","TheCursedMod:Defend_TheCursed","TheCursedMod:Defend_TheCursed","TheCursedMod:Defend_TheCursed","TheCursedMod:Defend_TheCursed","TheCursedMod:CursedWand","TheCursedMod:CleanUpWorkshop+1","TheCursedMod:AntiAging+1","TheCursedMod:SpreadPlague+1","TheCursedMod:SurpriseAttack","TheCursedMod:WearCloak","TheCursedMod:Stigma"],"relics":["TheCursedMod:BlackMagic101","Ornamental Fan","Juzu Bracelet","MealTicket","Centennial Puzzle","Regal Pillow"],"acts_visited":[],"potions_floor_usage":[],"damage_taken":[{"damage":10.0,"enemies":"Jaw Worm","floor":1.0,"turns":4.0},{"damage":53.0,"enemies":"Gremlin Nob","floor":6.0,"turns":5.0},{"damage":2.0,"enemies":"Small Slimes","floor":8.0,"turns":4.0},{"damage":89,"enemies":"Slime Boss","floor":16,"turns":11}],"seed_played":"3886815961981279195","potions_obtained":[{"floor":1.0,"key":"SmokeBomb"}],"is_trial":false,"path_per_floor":["M","?","?","$","?","E","R","M","T","?","R","T","R","$","R","B"],"character_chosen":"THE_CURSED","items_purchased":["TheCursedMod:Stigma"],"campfire_rested":2,"item_purchase_floors":[14],"current_hp_per_floor":[60,53,53,53,53,3,27,28,28,28,28,28,67,82,82,0,0],"gold":82,"neow_bonus":"THREE_RARE_CARDS","is_daily":false,"chose_seed":false,"campfire_upgraded":2,"win_rate":0.0,"timestamp":1613401867,"path_taken":["M","?","?","?","?","E","R","M","T","?","R","?","R","?","R","BOSS"],"items_purchased_type":["Card"],"build_version":"2020-12-22","purchased_purges":1,"victory":false,"max_hp_per_floor":[77,77,77,77,77,80,80,83,83,83,83,83,83,83,83,83,83],"card_choices":[{"not_picked":["TheCursedMod:ForbiddenAlchemy","TheCursedMod:CollectTribute"],"picked":"TheCursedMod:AntiAging","floor":0.0},{"not_picked":["TheCursedMod:TacticalStrike","TheCursedMod:SpitefulStrike"],"picked":"TheCursedMod:SpreadPlague","floor":1.0},{"not_picked":["TheCursedMod:CursedShiv","TheCursedMod:FleshFromBone"],"picked":"TheCursedMod:SurpriseAttack","floor":6.0},{"not_picked":["TheCursedMod:Obscuration","TheCursedMod:BlessingInDisguise"],"picked":"TheCursedMod:WearCloak","floor":8.0}],"player_experience":323908,"relics_obtained":[{"floor":6.0,"key":"Juzu Bracelet"},{"floor":9.0,"key":"MealTicket"},{"floor":12.0,"key":"Regal Pillow"}],"event_choices":[{"damage_healed":0.0,"max_hp_gain":0.0,"max_hp_loss":0.0,"gold_gain":0.0,"event_name":"Scrap Ooze","player_choice":"Success","floor":2.0,"gold_loss":0.0,"damage_taken":7.0,"relics_obtained":["Ornamental Fan"]},{"damage_healed":0.0,"max_hp_gain":0.0,"max_hp_loss":0.0,"gold_gain":0.0,"event_name":"Living Wall","player_choice":"Grow","floor":3.0,"gold_loss":0.0,"damage_taken":0.0,"cards_upgraded":["TheCursedMod:AntiAging"]},{"cards_removed":["TheCursedMod:Dregs"],"damage_healed":0.0,"max_hp_gain":0.0,"max_hp_loss":0.0,"gold_gain":0.0,"event_name":"Fountain of Cleansing","player_choice":"Removed Curses","floor":5.0,"gold_loss":0.0,"damage_taken":0.0},{"damage_healed":0.0,"max_hp_gain":0.0,"max_hp_loss":0.0,"gold_gain":0.0,"event_name":"Dead Adventurer","player_choice":"Searched \u00272\u0027 times","floor":10.0,"gold_loss":0.0,"damage_taken":0.0,"relics_obtained":["Centennial Puzzle"]}],"is_beta":false,"boss_relics":[],"items_purged_floors":[4],"is_endless":false,"potions_floor_spawned":[1],"killed_by":"Slime Boss","ascension_level":9}}