{"host":"p7cjtxxrilhp4dw7","time":1613352303,"event":{"mods":["BaseMod","Block Reminder","Colored Map","Curses Come First","Highlight Path","Minty Spire (QoL Compilation)","Replay The Spire","StSLib"],"gold_per_floor":[109,126,126,126,138,138,168,168,236,252,272,333,333,351,351,453,553,569,569,569,579,590,590,605,605,605,605,640,640,640,640],"floor_reached":30,"language":"ENG","playtime":1819,"items_purged":[],"score":440,"play_id":"4f8409db-80a4-48f7-9997-5546a8652a51","local_time":"20210214182503","is_ascension_mode":true,"campfire_choices":[{"data":"Flex","floor":6,"key":"SMITH"},{"data":"Armaments","floor":8,"key":"SMITH"},{"floor":13,"key":"REST"},{"data":"WeaponsOverheat","floor":15,"key":"SMITH"},{"floor":23,"key":"REST"},{"floor":27,"key":"REST"},{"floor":29,"key":"REST"}],"circlet_count":0,"master_deck":["AscendersBane","Strike_R","Strike_R","Strike_R","Defend_R","Defend_R","Defend_R","Defend_R","Bash","Flex+1","Clothesline","Self Repair+1","Twin Strike","Armaments+1","WeaponsOverheat+1","Feed","Iron Wave","Cleave+1","Writhe"],"relics":["Peace Pipe","Iron Core","Replay:Baseball","White Beast Statue","Ginger","Replay:Wanted Poster","Meat on the Bone","Replay:Mystery Machine","Mummified Hand"],"acts_visited":["Exordium","TheCity"],"potions_floor_usage":[7,11,12,12,16,18,22,28,28,30],"damage_taken":[{"damage":7,"enemies":"Jaw Worm","floor":1,"turns":3},{"damage":1,"enemies":"Cultist","floor":2,"turns":3},{"damage":1,"enemies":"2 Louse","floor":5,"turns":2},{"damage":12,"enemies":"Gremlin Nob","floor":7,"turns":2},{"damage":3,"enemies":"2 Fungi Beasts","floor":10,"turns":4},{"damage":10,"enemies":"Gremlin Gang","floor":11,"turns":4},{"damage":18,"enemies":"3 Sentries","floor":12,"turns":7},{"damage":0,"enemies":"Large Slime","floor":14,"turns":3},{"damage":39,"enemies":"Slime Boss","floor":16,"turns":10},{"damage":21,"enemies":"Chosen","floor":18,"turns":5},{"damage":15,"enemies":"Shell Parasite","floor":21,"turns":7},{"damage":33,"enemies":"Snake Plant","floor":22,"turns":3},{"damage":36,"enemies":"Shelled Parasite and Fungi","floor":24,"turns":6},{"damage":35,"enemies":"Slavers","floor":28,"turns":4},{"damage":54,"enemies":"Book of Stabbing","floor":30,"turns":6}],"seed_played":"-8299432085825288623","potions_obtained":[{"floor":1,"key":"PowerPotion"},{"floor":5,"key":"Death Potion"},{"floor":10,"key":"SteroidPotion"},{"floor":11,"key":"Swift Potion"},{"floor":12,"key":"LiquidBronze"},{"floor":14,"key":"BlessingOfTheForge"},{"floor":16,"key":"GamblersBrew"},{"floor":18,"key":"AttackPotion"},{"floor":22,"key":"Elixir"},{"floor":24,"key":"AttackPotion"},{"floor":28,"key":"SkillPotion"}],"is_trial":false,"path_per_floor":["M","M","?","?","M","R","E","R","T","M","M","?","R","M","R","B",null,"M","?","?","M","M","R","M","?","T","R","E","R","E"],"character_chosen":"IRONCLAD","items_purchased":[],"campfire_rested":4,"item_purchase_floors":[],"current_hp_per_floor":[71,72,72,72,72,72,60,60,60,67,57,49,70,70,70,41,64,53,53,53,48,15,36,13,13,13,35,25,48,0,0],"gold":640,"neow_bonus":"ONE_RARE_RELIC","is_daily":false,"chose_seed":false,"campfire_upgraded":3,"win_rate":0.0,"timestamp":1613352303,"path_taken":["M","M","?","?","?","R","E","R","T","M","M","?","R","M","R","BOSS","M","?","?","?","M","R","M","?","T","R","E","R","E"],"items_purchased_type":[],"build_version":"2020-12-22","purchased_purges":0,"victory":false,"max_hp_per_floor":[72,72,72,72,72,72,72,72,72,72,72,72,72,72,72,72,72,72,72,72,72,72,72,75,75,75,75,78,78,78,78],"card_choices":[{"not_picked":["Feel No Pain","ReplayTheSpireMod:Strike From Hell"],"picked":"Flex","floor":1},{"not_picked":["Sword Boomerang","Anger"],"picked":"Clothesline","floor":2},{"not_picked":["Intimidate","Headbutt","Replay:Undeath\u0027s Touch"],"picked":"SKIP","floor":5},{"not_picked":["Hologram","Body Slam"],"picked":"Armaments","floor":7},{"not_picked":["ReplayTheSpireMod:System Scan","Bloodletting","Replay:Undeath\u0027s Touch"],"picked":"SKIP","floor":10},{"not_picked":["Inflame","Rebound"],"picked":"WeaponsOverheat","floor":11},{"not_picked":["Combust","WeaponsOverheat","Replay:Undeath\u0027s Touch"],"picked":"SKIP","floor":14},{"not_picked":["Firewall","Brutality"],"picked":"Feed","floor":16},{"not_picked":["Shrug It Off","Life Link"],"picked":"Iron Wave","floor":18},{"not_picked":["Iron Wave","Body Slam"],"picked":"Cleave+1","floor":21},{"not_picked":["Wild Strike","Life Link","Entrench"],"picked":"SKIP","floor":22},{"not_picked":["Flex+1","True Grit","Carnage"],"picked":"SKIP","floor":24},{"not_picked":["Life Link","Immolate","Dual Wield"],"picked":"SKIP","floor":28}],"player_experience":660088,"relics_obtained":[{"floor":7,"key":"Replay:Baseball"},{"floor":9,"key":"White Beast Statue"},{"floor":12,"key":"Ginger"},{"floor":26,"key":"Replay:Mystery Machine"},{"floor":28,"key":"Mummified Hand"}],"event_choices":[{"damage_healed":0,"gold_gain":0,"cards_transformed":["Strike_R"],"player_choice":"Transformed","damage_taken":0,"max_hp_gain":0,"max_hp_loss":0,"event_name":"Transmorgrifier","floor":4,"gold_loss":0,"cards_obtained":["Twin Strike"]},{"damage_healed":0,"gold_gain":30,"player_choice":"Searched \u00273\u0027 times","damage_taken":0,"max_hp_gain":0,"max_hp_loss":0,"event_name":"Dead Adventurer","floor":12,"gold_loss":0},{"cards_removed":["Strike_R"],"damage_healed":0,"gold_gain":0,"player_choice":"Purged","damage_taken":0,"max_hp_gain":0,"max_hp_loss":0,"event_name":"Purifier","floor":20,"gold_loss":0},{"damage_healed":0,"gold_gain":0,"player_choice":"Opened","damage_taken":0,"relics_obtained":["Meat on the Bone"],"max_hp_gain":0,"max_hp_loss":0,"event_name":"The Mausoleum","floor":25,"gold_loss":0,"cards_obtained":["Writhe"]}],"is_beta":false,"boss_relics":[{"not_picked":["Coffee Dripper","Tiny House"],"picked":"Replay:Wanted Poster"}],"items_purged_floors":[],"is_endless":false,"potions_floor_spawned":[1,5,10,11,12,14,16,18,21,22,24,28],"killed_by":"Book of Stabbing","ascension_level":12}}