{"host":"0utx1lcxgx5vu4k0","time":1613427707,"event":{"mods":["BaseMod","Colored Powertips","Minty Spire (QoL Compilation)","Permanent Neow","Relic Stats","Spire with Friends","StSLib"],"gold_per_floor":[114,127,127,142,207,241,241,275,275,303,403,328,341,6,6,6,101,101,113,14,14,29,39,72,72,83,110,142,158,191,204,236,205,205,309,885,902,902,934,894,544,236,236,276,348,348,425,449,490,490,490,490,490,490,490,56,40,40,74],"floor_reached":60,"language":"ENG","playtime":5248,"items_purged":["Strike_B","Zap"],"score":1473,"play_id":"a00156f5-4faf-468b-a13b-3981f3d9eec4","local_time":"20210215172147","is_ascension_mode":true,"campfire_choices":[{"data":"Streamline","floor":7,"key":"SMITH"},{"floor":16,"key":"REST"},{"floor":43,"key":"RECALL"},{"data":"Ghostly","floor":46,"key":"SMITH"},{"data":"Ghostly","floor":48,"key":"SMITH"},{"data":"Ghostly","floor":52,"key":"SMITH"},{"data":"Ghostly","floor":55,"key":"SMITH"}],"circlet_count":0,"master_deck":["Strike_B+1","Strike_B+1","Defend_B+1","Defend_B+1","Defend_B+1","Dualcast","Streamline+1","Darkness","Sweeping Beam","Lockon","Steam","Echo Form+1","Coolheaded","Leap+1","Loop+1","Self Repair+1","Barrage","Coolheaded","Glacier","Conserve Battery+1","Creative AI+1","Machine Learning+1","Steam+1","Glacier","Defragment+1","Echo Form+1","Capacitor+1","BootSequence","Shiv+1","Shiv+1","Shiv","Shiv","Shiv","Shiv","Shiv","Shiv","Shiv","Shiv","Shiv","Shiv","Shiv","Shiv","Shiv","Shiv","Shiv+1","Adrenaline","Adrenaline","Shiv","Shiv","Shiv","Shiv","Shiv","Shiv","Shiv","Shiv","Shiv","Shiv","Shiv","Shiv","Shiv","Ghostly+1","Shiv","Jack Of All Trades","Double Energy","Distraction","Shiv","Shiv","Shiv","Shiv","Hologram","Ghostly+1","Shiv","Shiv","Shiv+1","Shiv+1","Dark Shackles","Shiv","Shiv","Shiv","Shiv+1","Shiv","Shiv","Shiv","Shiv","Terror","Shiv","Shiv","Shiv","Shiv","Shiv+1"],"relics":["Empty Cage","Calipers","Mercury Hourglass","Torii","Membership Card","Anchor","Frozen Egg 2","Cursed Key","Oddly Smooth Stone","Omamori","Centennial Puzzle","Nunchaku","Thread and Needle","Runic Pyramid","Ornamental Fan","Peace Pipe","Blood Vial","Dream Catcher","ClockworkSouvenir","Bronze Scales","Pear","Strawberry"],"acts_visited":["Exordium","TheCity","TheBeyond","TheEnding"],"potions_floor_usage":[8,10,17,29,30,35,40,53,59,59],"damage_taken":[{"damage":7,"enemies":"Small Slimes","floor":1,"turns":6},{"damage":4,"enemies":"Jaw Worm","floor":2,"turns":4},{"damage":2,"enemies":"2 Louse","floor":4,"turns":4},{"damage":21,"enemies":"Lagavulin","floor":6,"turns":6},{"damage":22,"enemies":"3 Sentries","floor":8,"turns":5},{"damage":8,"enemies":"Gremlin Nob","floor":10,"turns":3},{"damage":3,"enemies":"Lots of Slimes","floor":13,"turns":3},{"damage":26,"enemies":"The Guardian","floor":17,"turns":9},{"damage":1,"enemies":"2 Thieves","floor":19,"turns":4},{"damage":0,"enemies":"3 Byrds","floor":22,"turns":5},{"damage":2,"enemies":"Centurion and Healer","floor":23,"turns":5},{"damage":9,"enemies":"Book of Stabbing","floor":24,"turns":6},{"damage":15,"enemies":"Chosen and Byrds","floor":26,"turns":8},{"damage":36,"enemies":"Gremlin Leader","floor":28,"turns":6},{"damage":0,"enemies":"Cultist and Chosen","floor":29,"turns":6},{"damage":1,"enemies":"Book of Stabbing","floor":30,"turns":7},{"damage":1,"enemies":"Centurion and Healer","floor":31,"turns":4},{"damage":20,"enemies":"Gremlin Leader","floor":32,"turns":6},{"damage":1,"enemies":"Champ","floor":35,"turns":9},{"damage":1,"enemies":"3 Darklings","floor":37,"turns":6},{"damage":0,"enemies":"Orb Walker","floor":39,"turns":6},{"damage":0,"enemies":"Giant Head","floor":42,"turns":10},{"damage":1,"enemies":"Nemesis","floor":44,"turns":9},{"damage":0,"enemies":"4 Shapes","floor":47,"turns":6},{"damage":11,"enemies":"Donu and Deca","floor":53,"turns":17},{"damage":53,"enemies":"Shield and Spear","floor":57,"turns":14},{"damage":15,"enemies":"The Heart","floor":59,"turns":11}],"seed_played":"5836098179800489862","potions_obtained":[{"floor":1,"key":"CultistPotion"},{"floor":2,"key":"AttackPotion"},{"floor":8,"key":"Strength Potion"},{"floor":13,"key":"BlessingOfTheForge"},{"floor":17,"key":"LiquidMemories"},{"floor":29,"key":"Block Potion"},{"floor":32,"key":"EssenceOfDarkness"},{"floor":37,"key":"Explosive Potion"},{"floor":40,"key":"Fruit Juice"},{"floor":40,"key":"Ancient Potion"},{"floor":47,"key":"Dexterity Potion"},{"floor":57,"key":"DistilledChaos"}],"is_trial":false,"path_per_floor":["M","M","?","M","?","E","R","E","T","E","?","C","M","$","C","R","B",null,"M","$","?","M","M","E","?","M","T","E","M","E","M","E","C","-","B",null,"M","?","M","?","$","E","R","E","T","R","M","R","C","-","-","R","B",null,"R","$","E","C","B",null],"character_chosen":"DEFECT","items_purchased":["Membership Card","Anchor","Steam","FairyPotion","Oddly Smooth Stone","Coolheaded","Defragment+1","Ornamental Fan","Peace Pipe","ClockworkSouvenir","Bronze Scales","Pear"],"campfire_rested":1,"item_purchase_floors":[14,14,14,14,20,20,41,41,41,56,56,56],"current_hp_per_floor":[47,43,68,66,66,45,45,23,23,15,15,15,12,12,12,34,8,75,74,74,74,74,72,63,63,58,58,32,42,51,70,70,70,70,75,75,74,74,74,79,79,80,80,80,80,80,80,80,80,80,80,80,80,80,80,90,54,54,51],"gold":74,"neow_bonus":"","is_daily":false,"chose_seed":true,"campfire_upgraded":5,"win_rate":0.0,"timestamp":1613427707,"path_taken":["M","M","?","M","?","E","R","E","T","E","?","C","M","$","C","R","BOSS","M","?","?","M","M","E","?","M","T","E","M","E","?","E","C","-","BOSS","M","?","M","?","$","E","R","E","T","R","?","R","C","-","-","R","BOSS","R","$","E","C","BOSS"],"items_purchased_type":["Relic","Relic","Card","Potion","Relic","Card","Card","Relic","Relic","Relic","Relic","Relic"],"build_version":"2020-12-22","purchased_purges":2,"victory":true,"max_hp_per_floor":[75,75,75,75,75,75,75,75,75,75,75,75,75,75,75,75,75,75,75,75,75,75,75,75,75,75,75,75,75,75,75,75,75,75,75,75,75,75,75,80,80,80,80,80,80,80,80,80,80,80,80,80,80,80,80,90,97,97,97],"relic_stats":{"Peace Pipe":0,"Blood Vial":2,"Centennial Puzzle":[29],"Nunchaku":[30],"Dream Catcher":0,"Torii":42,"counters":[27,184],"Ornamental Fan":[192],"Bronze Scales":[174],"Cursed Key":2,"obtain_stats":[{"Calipers":6,"Torii":10,"Empty Cage":0,"Cursed Key":18,"ClockworkSouvenir":56,"Blood Vial":42,"Centennial Puzzle":27,"Nunchaku":28,"Dream Catcher":44,"Strawberry":57,"Cracked Core":0,"Runic Pyramid":36,"Girya":9,"Pear":56,"Oddly Smooth Stone":20,"Thread and Needle":32,"Omamori":24,"Frozen Egg 2":15,"Mercury Hourglass":8,"Peace Pipe":41,"Anchor":14,"Shuriken":30,"Ornamental Fan":41,"Bronze Scales":56,"Membership Card":14},{"Calipers":4,"Torii":6,"Empty Cage":0,"Cursed Key":8,"ClockworkSouvenir":25,"Blood Vial":22,"Centennial Puzzle":13,"Nunchaku":14,"Dream Catcher":23,"Strawberry":26,"Cracked Core":0,"Runic Pyramid":19,"Girya":5,"Pear":25,"Oddly Smooth Stone":9,"Thread and Needle":18,"Omamori":12,"Frozen Egg 2":7,"Mercury Hourglass":5,"Peace Pipe":21,"Anchor":7,"Shuriken":16,"Ornamental Fan":21,"Bronze Scales":25,"Membership Card":7},{"Calipers":20,"Torii":28,"Empty Cage":0,"Cursed Key":40,"ClockworkSouvenir":159,"Blood Vial":127,"Centennial Puzzle":68,"Nunchaku":74,"Dream Catcher":136,"Strawberry":173,"Cracked Core":0,"Runic Pyramid":106,"Girya":25,"Pear":159,"Oddly Smooth Stone":44,"Thread and Needle":97,"Omamori":60,"Frozen Egg 2":31,"Mercury Hourglass":25,"Peace Pipe":117,"Anchor":31,"Shuriken":87,"Ornamental Fan":117,"Bronze Scales":159,"Membership Card":31}],"Mercury Hourglass":[626]},"card_choices":[{"not_picked":["White Noise","Auto Shields"],"picked":"Streamline","floor":1},{"not_picked":["Streamline","Steam"],"picked":"Darkness","floor":2},{"not_picked":["Ball Lightning","Storm"],"picked":"Go for the Eyes","floor":4},{"not_picked":["Machine Learning","Conserve Battery"],"picked":"Sweeping Beam","floor":6},{"not_picked":["Auto Shields","Steam"],"picked":"Lockon","floor":8},{"not_picked":["Ball Lightning","Stack","Sweeping Beam"],"picked":"SKIP","floor":10},{"not_picked":["Beam Cell","Ball Lightning"],"picked":"White Noise","floor":13},{"not_picked":["Rainbow","Fission"],"picked":"Echo Form+1","floor":17},{"not_picked":["Scrape+1","Redo+1"],"picked":"Chill","floor":19},{"not_picked":["Storm+1","Redo"],"picked":"Leap+1","floor":22},{"not_picked":["Rebound+1","Sunder"],"picked":"Loop+1","floor":23},{"not_picked":["Gash","Seek"],"picked":"Self Repair+1","floor":24},{"not_picked":["Steam","Chill"],"picked":"Coolheaded","floor":26},{"not_picked":["Redo","Leap"],"picked":"Glacier","floor":28},{"not_picked":["Fusion","Go for the Eyes"],"picked":"Conserve Battery+1","floor":29},{"not_picked":["Recycle","Stack","Go for the Eyes"],"picked":"SKIP","floor":30},{"not_picked":["Sunder","Lockon","Barrage"],"picked":"SKIP","floor":31},{"not_picked":["Ball Lightning+1","Chill"],"picked":"Creative AI+1","floor":32},{"not_picked":["Meteor Strike","Amplify"],"picked":"Machine Learning+1","floor":35},{"not_picked":["Coolheaded","Gash"],"picked":"Steam+1","floor":37},{"not_picked":["Beam Cell+1","Scrape+1"],"picked":"Glacier","floor":39},{"not_picked":["Machine Learning+1","Reinforced Body"],"picked":"Echo Form+1","floor":42},{"not_picked":["Beam Cell+1","Leap+1"],"picked":"Capacitor+1","floor":44},{"not_picked":["Go for the Eyes","Stack+1"],"picked":"Beam Cell+1","floor":47},{"not_picked":["Ball Lightning","Sweeping Beam+1","Gash"],"picked":"SKIP","floor":57}],"player_experience":47626,"relics_obtained":[{"floor":6,"key":"Calipers"},{"floor":8,"key":"Mercury Hourglass"},{"floor":9,"key":"Girya"},{"floor":10,"key":"Torii"},{"floor":15,"key":"Frozen Egg 2"},{"floor":24,"key":"Omamori"},{"floor":27,"key":"Centennial Puzzle"},{"floor":28,"key":"Nunchaku"},{"floor":30,"key":"Shuriken"},{"floor":32,"key":"Thread and Needle"},{"floor":42,"key":"Blood Vial"},{"floor":44,"key":"Dream Catcher"},{"floor":57,"key":"Strawberry"}],"event_choices":[{"damage_healed":25,"gold_gain":0,"player_choice":"Banana","damage_taken":0,"max_hp_gain":0,"max_hp_loss":0,"event_name":"Big Fish","floor":3,"gold_loss":0},{"damage_healed":0,"gold_gain":65,"player_choice":"Gained Gold","damage_taken":0,"max_hp_gain":0,"max_hp_loss":0,"event_name":"Golden Wing","floor":5,"gold_loss":0},{"damage_healed":0,"gold_gain":100,"player_choice":"Pray","damage_taken":0,"max_hp_gain":0,"max_hp_loss":0,"event_name":"Golden Shrine","floor":11,"gold_loss":0},{"damage_healed":0,"gold_gain":0,"player_choice":"Simplicity","damage_taken":0,"max_hp_gain":0,"max_hp_loss":0,"event_name":"Back to Basics","floor":21,"gold_loss":0,"cards_upgraded":["Strike_B","Strike_B","Defend_B","Defend_B","Defend_B"]},{"damage_healed":0,"gold_gain":0,"player_choice":"2 cards matched","damage_taken":0,"max_hp_gain":0,"max_hp_loss":0,"event_name":"Match and Keep!","floor":25,"gold_loss":0,"cards_obtained":["Barrage","Jack Of All Trades"]},{"cards_removed":["Go for the Eyes"],"damage_healed":0,"gold_gain":0,"player_choice":"Removed Attack","damage_taken":0,"max_hp_gain":0,"max_hp_loss":0,"event_name":"Falling","floor":38,"gold_loss":0},{"damage_healed":0,"gold_gain":0,"player_choice":"Bought 3 Potions","damage_taken":0,"max_hp_gain":0,"max_hp_loss":0,"event_name":"The Woman in Blue","floor":40,"gold_loss":0}],"is_beta":false,"boss_relics":[{"not_picked":["SlaversCollar","Fusion Hammer"],"picked":"Cursed Key"},{"not_picked":["Nuclear Battery","Snecko Eye"],"picked":"Runic Pyramid"}],"items_purged_floors":[14,41],"is_endless":false,"potions_floor_spawned":[1,2,8,13,17,19,23,24,29,32,37,44,47,57],"ascension_level":1}}