{"host":"3knbl8zxdy69ze8y","time":1613399632,"event":{"mods":["BaseMod","Colored Map","Hermit","Minty Spire (QoL Compilation)","Smile Girya","StSLib","The Hierophant","The Widow","Wide Potions"],"gold_per_floor":[113,132,145,159,175,205,57,77,126,126,126,161,10,27,27,124,124,136,161,171,186,204,56,85,85,108,108,108,108,108],"floor_reached":29,"language":"ENG","playtime":2421,"items_purged":["theWidow:StrikeWidow","theWidow:StrikeWidow"],"score":257,"play_id":"ca43b62a-bd1b-42b1-8c90-6f7679ff4683","local_time":"20210215063352","is_ascension_mode":false,"campfire_choices":[{"data":"theWidow:SearingBlade","floor":11,"key":"SMITH"},{"data":"theWidow:SearingBlade+1","floor":15,"key":"SMITH"},{"data":"theWidow:SearingBlade+2","floor":25,"key":"SMITH"},{"data":"theWidow:SearingBlade+3","floor":27,"key":"SMITH"}],"circlet_count":0,"master_deck":["theWidow:StrikeWidow","theWidow:DefendWidow","theWidow:DefendWidow","theWidow:DefendWidow","theWidow:DefendWidow","theWidow:Steelweave","theWidow:StringShot","theWidow:SearingBlade+4","theWidow:Forge","theWidow:Spiderbite","theWidow:Ironthread","theWidow:ExplosiveKick","theWidow:Hide","theWidow:Entrap","theWidow:Distill","theWidow:LaserRay","theWidow:Toxic","theWidow:TranscendentForm","theWidow:Vengeful","theWidow:RocketDash+1","theWidow:Nanobots","theWidow:FiberglassDagger","theWidow:DischargeBattery"],"relics":["theWidow:CyberheartRelic","Oddly Smooth Stone","Centennial Puzzle","Pen Nib","Kunai","theWidow:HoloProjectorRelic","Vajra","Potion Belt","MealTicket"],"acts_visited":["Exordium","TheCity"],"potions_floor_usage":[5,6,6,12,12,14,16,16,16,21,21,24,24,24,29],"damage_taken":[{"damage":0.0,"enemies":"Cultist","floor":1.0,"turns":3.0},{"damage":0,"enemies":"2 Louse","floor":2,"turns":3},{"damage":0,"enemies":"Small Slimes","floor":3,"turns":3},{"damage":7,"enemies":"Blue Slaver","floor":4,"turns":5},{"damage":11,"enemies":"Gremlin Gang","floor":5,"turns":6},{"damage":10,"enemies":"Gremlin Nob","floor":6,"turns":3},{"damage":1,"enemies":"Looter","floor":8,"turns":3},{"damage":9,"enemies":"3 Sentries","floor":12,"turns":7},{"damage":3,"enemies":"2 Fungi Beasts","floor":14,"turns":4},{"damage":2,"enemies":"Slime Boss","floor":16,"turns":9},{"damage":8,"enemies":"Spheric Guardian","floor":18,"turns":4},{"damage":3,"enemies":"Shell Parasite","floor":20,"turns":6},{"damage":15,"enemies":"Snake Plant","floor":21,"turns":5},{"damage":7,"enemies":"Shelled Parasite and Fungi","floor":22,"turns":4},{"damage":15,"enemies":"Book of Stabbing","floor":24,"turns":6},{"damage":42,"enemies":"Slavers","floor":29,"turns":4}],"seed_played":"-1894817115506096046","potions_obtained":[{"floor":2,"key":"BlessingOfTheForge"},{"floor":4,"key":"theWidow:VenomCocktailPotion"},{"floor":5,"key":"Strength Potion"},{"floor":12,"key":"SpeedPotion"},{"floor":21,"key":"Dexterity Potion"}],"is_trial":false,"path_per_floor":["M","M","M","M","M","E","$","M","T","?","R","E","$","M","R","B",null,"M","T","M","M","M","$","E","R","T","R","?","E"],"character_chosen":"THE_WIDOW","items_purchased":["Oddly Smooth Stone","theWidow:LaserRay","theWidow:Nanobots"],"campfire_rested":0,"item_purchase_floors":[7,13,23],"current_hp_per_floor":[82,82,82,75,64,54,54,53,53,53,53,44,44,41,41,39,82,74,74,71,56,49,49,34,34,34,34,34,0,0],"gold":108,"neow_bonus":"TEN_PERCENT_HP_BONUS","is_daily":false,"chose_seed":false,"campfire_upgraded":4,"win_rate":0.0,"timestamp":1613399632,"path_taken":["M","?","M","M","M","E","$","M","T","?","R","E","$","M","R","BOSS","M","?","M","M","M","?","E","R","T","R","?","E"],"items_purchased_type":["Relic","Card","Card"],"build_version":"2020-12-22","purchased_purges":2,"victory":false,"max_hp_per_floor":[82,82,82,82,82,82,82,82,82,82,82,82,82,82,82,82,82,82,82,82,82,82,82,82,82,82,82,82,82,82],"card_choices":[{"not_picked":["theWidow:Nanobots","theWidow:RocketDash"],"picked":"theWidow:SearingBlade","floor":1},{"not_picked":["theWidow:Meltdown","theWidow:Opportunist"],"picked":"theWidow:Forge","floor":2},{"not_picked":["theWidow:DischargeBattery","theWidow:Entrap"],"picked":"theWidow:Spiderbite","floor":3},{"not_picked":["theWidow:Vengeful","theWidow:Skitter"],"picked":"theWidow:Ironthread","floor":4},{"not_picked":["theWidow:ShockEmitters","theWidow:Entrap"],"picked":"theWidow:ExplosiveKick","floor":5},{"not_picked":["theWidow:Nanobots","theWidow:BackupBattery"],"picked":"theWidow:Hide","floor":6},{"not_picked":["theWidow:Meltdown","theWidow:SearingBlade"],"picked":"theWidow:Entrap","floor":8},{"not_picked":["theWidow:ExtraCompartment","theWidow:Spinnerets"],"picked":"theWidow:Distill","floor":12},{"not_picked":["theWidow:Weld","theWidow:Forge"],"picked":"theWidow:Toxic","floor":14},{"not_picked":["theWidow:Unstoppable","theWidow:RotaryBlade"],"picked":"theWidow:TranscendentForm","floor":16},{"not_picked":["theWidow:Grenadier","theWidow:Iterate+1","theWidow:Ironthread"],"picked":"SKIP","floor":18},{"not_picked":["theWidow:VenomStrike","theWidow:Ironthread"],"picked":"theWidow:Vengeful","floor":20},{"not_picked":["theWidow:JunkHeap","theWidow:Chemistry"],"picked":"theWidow:RocketDash+1","floor":21},{"not_picked":["theWidow:Stinger+1","theWidow:Toxic","theWidow:JunkHeap"],"picked":"SKIP","floor":22},{"not_picked":["theWidow:Vengeful","theWidow:FiberglassDagger","theWidow:Spiderbite+1"],"picked":"SKIP","floor":24}],"player_experience":789991,"relics_obtained":[{"floor":9,"key":"Centennial Puzzle"},{"floor":10,"key":"Pen Nib"},{"floor":12,"key":"Kunai"},{"floor":19,"key":"Vajra"},{"floor":24,"key":"Potion Belt"},{"floor":26,"key":"MealTicket"}],"event_choices":[{"damage_healed":0,"gold_gain":0,"player_choice":"Relic","damage_taken":0,"max_hp_gain":0,"max_hp_loss":0,"event_name":"Wheel of Change","floor":10,"gold_loss":0},{"damage_healed":0,"gold_gain":0,"cards_transformed":["theWidow:StrikeWidow","theWidow:StrikeWidow"],"player_choice":"Became Test Subject","damage_taken":0,"max_hp_gain":0,"max_hp_loss":0,"event_name":"Drug Dealer","floor":28,"gold_loss":0,"cards_obtained":["theWidow:FiberglassDagger","theWidow:DischargeBattery"]}],"is_beta":false,"boss_relics":[{"not_picked":["Busted Crown","Astrolabe"],"picked":"theWidow:HoloProjectorRelic"}],"items_purged_floors":[13,23],"is_endless":false,"potions_floor_spawned":[2,4,5,12,20,21],"killed_by":"Slavers","ascension_level":0}}