{"host":"q0v68qxgqt4jwmjg","time":1613432919,"event":{"mods":["Astrologer","BaseMod","CatGirl Mod","Chen","Colored Powertips","Friendly Minions","FutureSeer","Highlight Path","Infinite Spire","Kiyohime????","Koishi","Mad Scientist","Marisa????????","Minty Spire (QoL Compilation)","Onozuka Komachi Mod","Random Character Button","Remilia??????","Replay The Spire","StSLib","Td1madao Mod","The Administrix","The Animator","The Blackbeard","The Disciple","The Forsaken","The Gatherer","The Judge","The Jungle","The Servant 0.9.4","Yohane!","Youmu??????","Yuri Mod","egg","slay the spire mod where everything is the same but ironclad has a cowboy hat","???mod?????"],"gold_per_floor":[215,243,259,273,192,237,248,279,305,323,323,323,339,358,358,460,560,583,583,603,614,614,641,556,556,556,556,569,603,616,645,645,756,756,767,783,794,814,861,888,888,888,933,960,960,960,970,989,989,1093,1093,1090,1090,1090,1103,1112,1136,1136,1161,1184,1104,1104,1104,1104,1109,1109,1224,1224,1226,1238,788,782,772,772,763,749,749,768,765,765,765,559,559,617,617,617],"floor_reached":85,"language":"ENG","playtime":11327,"items_purged":["animator:Strike","animator:Aqua"],"score":1521,"play_id":"f6c4260c-4ff2-4e5a-b5f6-e5fe0c6b3c0b","local_time":"20210215184839","is_ascension_mode":false,"campfire_choices":[{"floor":12.0,"key":"REST"},{"floor":15.0,"key":"REST"},{"data":"animator:Darkness","floor":25.0,"key":"SMITH"},{"data":"animator:GazelDwargon","floor":32.0,"key":"SMITH"},{"data":"animator:GazelDwargon","floor":42.0,"key":"SMITH"},{"data":"animator:Kaijin","floor":46.0,"key":"SMITH"},{"data":"animator:Shiro","floor":49.0,"key":"SMITH"},{"data":"animator:Ainz","floor":58.0,"key":"SMITH"},{"data":"animator:Archer","floor":62.0,"key":"SMITH"},{"data":"infinitespire:NeuralNetwork","floor":66.0,"key":"SMITH"},{"data":"animator:Hans","floor":80.0,"key":"SMITH"}],"circlet_count":0,"master_deck":["animator:Strike_Konosuba","animator:Defend_Konosuba+1","animator:Strike+1","animator:Strike","animator:Defend+1","animator:Defend","animator:Megumin+45","animator:Kaijin+1","animator:YunYun","animator:Darkness+1","animator:Eris","animator:Saitama+1","animator:PandorasActor+1","AbeCurse","animator:Darkness+1","animator:Kaijin+1","animator:GazelDwargon+1","animator:Shiro+1","animator:GazelDwargon+1","animator:Darkness+1","animator:Ainz+1","animator:Kazuma+1","infinitespire:NeuralNetwork+1","animator:Archer+1","animator:Kaijin+1","animator:Hans+1","infinitespire:Execution+1","infinitespire:NeuralNetwork+1","animator:Shiro","animator:Hans","animator:GazelDwargon+1"],"relics":["animator:LivingPicture","animator:TheMissingPiece","Shuriken","Toxic Egg 2","Replay:Wanted Poster","Garlic","Abe\u0027s Treasure","Iron Hammer","Bird Faced Urn","theForsaken:ScaryMask","Happy Flower","Dream Catcher","animator:HolyGrailRelic","CatCart","Bag of Marbles","animator:WornHelmet","Pondfish Scales","Unceasing Top","Shovel","Mummified Hand","Ancient Tea Set","Sozu","DollysMirror","Anchor","infinitespire:Lucky Rock","Molten Egg 2","Pet Ghost"],"acts_visited":["Exordium","TheCity","TheBeyond","Exordium","TheCity"],"potions_floor_usage":[],"damage_taken":[{"damage":0.0,"enemies":"Small Slimes","floor":1.0,"turns":4.0},{"damage":0.0,"enemies":"Jaw Worm","floor":2.0,"turns":8.0},{"damage":0.0,"enemies":"2 Louse","floor":3.0,"turns":4.0},{"damage":13.0,"enemies":"Looter","floor":4.0,"turns":4.0},{"damage":40.0,"enemies":"Gremlin Nob","floor":6.0,"turns":5.0},{"damage":2.0,"enemies":"Blue Slaver","floor":7.0,"turns":5.0},{"damage":11.0,"enemies":"Lagavulin","floor":8.0,"turns":6.0},{"damage":5.0,"enemies":"Exordium Thugs","floor":10.0,"turns":3.0},{"damage":0.0,"enemies":"3 Louse","floor":13.0,"turns":2.0},{"damage":0.0,"enemies":"2 Fungi Beasts","floor":14.0,"turns":1.0},{"damage":32.0,"enemies":"Slime Boss","floor":16.0,"turns":13.0},{"damage":16.0,"enemies":"2 Thieves","floor":18.0,"turns":3.0},{"damage":0.0,"enemies":"3 Byrds","floor":20.0,"turns":3.0},{"damage":4.0,"enemies":"Snake Plant","floor":21.0,"turns":4.0},{"damage":3.0,"enemies":"Nightmare","floor":23.0,"turns":10.0},{"damage":0.0,"enemies":"Centurion and Healer","floor":28.0,"turns":5.0},{"damage":0.0,"enemies":"Slavers","floor":29.0,"turns":2.0},{"damage":0.0,"enemies":"Sentry and Sphere","floor":30.0,"turns":1.0},{"damage":0.0,"enemies":"Replay:Snechameleon","floor":31.0,"turns":9.0},{"damage":0.0,"enemies":"Automaton","floor":33.0,"turns":9.0},{"damage":0.0,"enemies":"3 Shapes","floor":35.0,"turns":3.0},{"damage":0.0,"enemies":"3 Darklings","floor":36.0,"turns":1.0},{"damage":0.0,"enemies":"Transient","floor":37.0,"turns":5.0},{"damage":22.0,"enemies":"Spire Growth","floor":38.0,"turns":8.0},{"damage":0.0,"enemies":"Orin","floor":39.0,"turns":10.0},{"damage":0.0,"enemies":"Giant Head","floor":40.0,"turns":10.0},{"damage":0.0,"enemies":"R_Hoarder","floor":44.0,"turns":9.0},{"damage":0.0,"enemies":"Sphere and 2 Shapes","floor":47.0,"turns":4.0},{"damage":14.0,"enemies":"Transient","floor":48.0,"turns":5.0},{"damage":1.0,"enemies":"Donu and Deca","floor":50.0,"turns":13.0},{"damage":0.0,"enemies":"Small Slimes","floor":52.0,"turns":4.0},{"damage":0.0,"enemies":"Jaw Worm","floor":53.0,"turns":4.0},{"damage":0.0,"enemies":"2 Louse","floor":55.0,"turns":2.0},{"damage":0.0,"enemies":"Looter","floor":56.0,"turns":2.0},{"damage":0.0,"enemies":"3 Sentries","floor":57.0,"turns":1.0},{"damage":0.0,"enemies":"Gremlin Nob","floor":59.0,"turns":1.0},{"damage":0.0,"enemies":"Large Slime","floor":63.0,"turns":4.0},{"damage":0.0,"enemies":"Exordium Wildlife","floor":65.0,"turns":3.0},{"damage":0.0,"enemies":"Hexaghost","floor":67.0,"turns":2.0},{"damage":0.0,"enemies":"Shell Parasite","floor":69.0,"turns":3.0},{"damage":7.0,"enemies":"2 Thieves","floor":70.0,"turns":2.0},{"damage":0.0,"enemies":"Shelled Parasite and Fungi","floor":72.0,"turns":4.0},{"damage":0.0,"enemies":"Cultist and Chosen","floor":73.0,"turns":5.0},{"damage":13.0,"enemies":"Slavers","floor":74.0,"turns":4.0},{"damage":0.0,"enemies":"Snecko","floor":75.0,"turns":5.0},{"damage":0.0,"enemies":"3 Cultists","floor":76.0,"turns":4.0},{"damage":0.0,"enemies":"Centurion and Healer","floor":78.0,"turns":1.0},{"damage":3.0,"enemies":"Snake Plant","floor":79.0,"turns":3.0},{"damage":15.0,"enemies":"Champ","floor":84.0,"turns":5.0}],"seed_played":"6867941309159835713","potions_obtained":[{"floor":2.0,"key":"PowerPotion"},{"floor":4.0,"key":"Strength Potion"},{"floor":7.0,"key":"GamblersBrew"},{"floor":14.0,"key":"Explosive Potion"},{"floor":18.0,"key":"Fruit Juice"},{"floor":31.0,"key":"animator:FalseLifePotion"},{"floor":33.0,"key":"Elixir"},{"floor":37.0,"key":"Explosive Potion"},{"floor":38.0,"key":"SkillPotion"},{"floor":39.0,"key":"SkillPotion"},{"floor":47.0,"key":"Dexterity Potion"},{"floor":52.0,"key":"Milkshake"},{"floor":57.0,"key":"Dexterity Potion"},{"floor":59.0,"key":"AttackPotion"},{"floor":65.0,"key":"LiquidBronze"}],"is_trial":false,"path_per_floor":["M","M","M","M","$","E","M","E","T","M","?","R","M","M","R","B",null,"M","AVR","M","M","?","NM","?","R","T","?","M","E","M","E","R","B",null,"M","M","M","M","?","E","?","R","T","E","?","R","M","M","R","B",null,"M","M","AVR","M","M","E","R","E","T","$","R","M","?","M","R","B",null,"M","M","$","M","M","E","M","M","T","M","M","R","AVR","$","R","B",null],"character_chosen":"THE_ANIMATOR","items_purchased":["animator:Darkness","animator:Archer","DollysMirror","animator:Shiro","Anchor","animator:GazelDwargon+1","Pet Ghost"],"campfire_rested":2,"item_purchase_floors":[5,61,71,71,71,82,82],"current_hp_per_floor":[66,66,66,56,56,18,21,12,12,9,9,29,32,32,52,25,67,53,53,58,56,56,60,60,60,60,60,72,72,72,72,72,72,80,82,84,86,79,88,90,90,90,90,92,92,92,94,92,92,99,99,102,104,104,106,108,110,110,112,112,112,112,114,114,116,116,118,118,120,115,115,124,126,121,130,132,132,134,130,130,130,130,131,126,126,126],"gold":617,"neow_bonus":"HUNDRED_GOLD","is_daily":false,"chose_seed":false,"campfire_upgraded":9,"win_rate":0.0,"timestamp":1613432919,"path_taken":["M","M","M","M","$","E","M","E","T","M","?","R","M","M","R","BOSS","M","AVR","M","M","?","NM","?","R","T","?","?","E","M","E","R","BOSS","M","M","M","M","?","E","?","R","T","E","?","R","M","M","R","BOSS","M","M","AVR","M","M","E","R","E","T","$","R","?","?","M","R","BOSS","M","M","?","M","M","E","M","M","T","M","?","R","AVR","?","R","BOSS"],"items_purchased_type":["Card","Card","Relic","Card","Relic","Card","Relic"],"build_version":"2020-12-22","purchased_purges":2,"victory":false,"max_hp_per_floor":[66,66,66,67,67,67,67,67,67,67,67,67,67,67,67,67,67,67,67,67,67,67,72,72,72,72,72,72,72,72,72,72,72,80,82,84,86,88,88,90,90,90,90,92,92,92,94,96,96,99,99,102,104,104,106,108,110,110,112,112,112,112,114,114,116,116,118,118,120,122,122,124,126,128,130,132,132,134,131,131,131,131,131,133,133,133],"card_choices":[{"not_picked":["animator:Priestess","animator:Evileye","animator:Assassin"],"picked":"SKIP","floor":1.0},{"not_picked":["animator:Archer","animator:Demiurge"],"picked":"animator:Megumin","floor":2.0},{"not_picked":["animator:Priestess","animator:Shion"],"picked":"animator:Kaijin","floor":3.0},{"not_picked":["animator:Darkness","animator:Kazuma"],"picked":"animator:YunYun","floor":4.0},{"not_picked":["animator:Witch","animator:Tatsumaki"],"picked":"animator:Eris","floor":6.0},{"not_picked":["animator:Melzalgald","animator:Illya","animator:MumenRider"],"picked":"SKIP","floor":7.0},{"not_picked":["animator:YunYun","animator:PandorasActor+1","animator:MumenRider"],"picked":"SKIP","floor":8.0},{"not_picked":["animator:Aqua+1","animator:HighElfArcher","animator:RinTohsaka+1"],"picked":"SKIP","floor":13.0},{"not_picked":["animator:ShinjiMatou+1","animator:GuildGirl","animator:Spearman"],"picked":"SKIP","floor":14.0},{"not_picked":["animator:Wiz+1","animator:Sora+1"],"picked":"animator:Saitama+1","floor":16.0},{"not_picked":["animator:Alexander","animator:DwarfShaman"],"picked":"animator:PandorasActor+1","floor":18.0},{"not_picked":["animator:Verdia+1","animator:Kazuma+1"],"picked":"animator:Darkness","floor":20.0},{"not_picked":["animator:Kazuma+1","animator:Mitsurugi"],"picked":"animator:Kaijin+1","floor":21.0},{"not_picked":["animator:Melzalgald","animator:GuildGirl","animator:Sonic+1"],"picked":"SKIP","floor":23.0},{"not_picked":["animator:Sonic+1","animator:Benimaru","animator:GoblinSlayer"],"picked":"SKIP","floor":28.0},{"not_picked":["animator:DolaSchwi","animator:Geryuganshoop+1","animator:Priestess+1"],"picked":"SKIP","floor":30.0},{"not_picked":["animator:Gilgamesh","animator:Rider+1","animator:Demiurge+1"],"picked":"SKIP","floor":31.0},{"not_picked":["animator:Saber","animator:SwordMaiden+1"],"picked":"animator:Shiro","floor":33.0},{"not_picked":["animator:Demiurge+1","animator:Illya+1","animator:MumenRider+1"],"picked":"SKIP","floor":35.0},{"not_picked":["animator:PandorasActor+1","animator:Megumin+1"],"picked":"animator:GazelDwargon","floor":37.0},{"not_picked":["animator:RinTohsaka+1","animator:SilverFang+1","animator:CowGirl+1"],"picked":"SKIP","floor":38.0},{"not_picked":["animator:Melzalgald+1","animator:Vesta+1","animator:Sebas+1"],"picked":"SKIP","floor":44.0},{"not_picked":["animator:Vanir+1","animator:Hakurou","animator:Mitsurugi+1"],"picked":"SKIP","floor":47.0},{"not_picked":["animator:NarberalGamma+1","animator:ShinjiMatou+1"],"picked":"animator:Darkness+1","floor":48.0},{"not_picked":["animator:Shizu","animator:Hans"],"picked":"animator:Ainz","floor":50.0},{"not_picked":["animator:Vanir","animator:Chris"],"picked":"animator:Kazuma+1","floor":52.0},{"not_picked":["animator:PandorasActor+1","animator:Vanir","animator:Souei+1"],"picked":"SKIP","floor":53.0},{"not_picked":["animator:Souei+1","animator:Melzalgald","animator:Illya+1"],"picked":"SKIP","floor":55.0},{"not_picked":["animator:GuildGirl","animator:Benimaru","animator:Souei+1"],"picked":"SKIP","floor":56.0},{"not_picked":["animator:Megumin","animator:IzunaHatsuse+1","animator:CowGirl+1"],"picked":"SKIP","floor":59.0},{"not_picked":["animator:DolaStephanie+1","animator:Assassin"],"picked":"animator:Kaijin","floor":63.0},{"not_picked":["animator:Benimaru","animator:Vesta+1","animator:GuildGirl"],"picked":"SKIP","floor":65.0},{"not_picked":["animator:Saitama+1","animator:Gilgamesh"],"picked":"animator:Hans","floor":67.0},{"not_picked":["infinitespire:Collect","infinitespire:Gouge"],"picked":"infinitespire:Execution","floor":68.0},{"not_picked":["animator:DolaStephanie+1","animator:Genos","animator:Melzalgald"],"picked":"SKIP","floor":70.0},{"not_picked":["animator:Illya+1","animator:GuildGirl","animator:Megumin"],"picked":"SKIP","floor":72.0},{"not_picked":["animator:Berserker","animator:DolaCouronne+1"],"picked":"animator:Hans","floor":73.0},{"not_picked":["animator:Tatsumaki+1","animator:DolaCouronne+1","animator:Sonic+1"],"picked":"SKIP","floor":75.0},{"not_picked":["animator:DolaRiku+1","animator:DwarfShaman","animator:Jibril"],"picked":"SKIP","floor":76.0},{"not_picked":["animator:PandorasActor+1","animator:Rider+1","animator:MetalKnight+1"],"picked":"SKIP","floor":78.0}],"player_experience":150238,"relics_obtained":[{"floor":6.0,"key":"Shuriken"},{"floor":8.0,"key":"Toxic Egg 2"},{"floor":23.0,"key":"Iron Hammer"},{"floor":26.0,"key":"theForsaken:ScaryMask"},{"floor":29.0,"key":"Happy Flower"},{"floor":31.0,"key":"Dream Catcher"},{"floor":39.0,"key":"CatCart"},{"floor":40.0,"key":"Bag of Marbles"},{"floor":43.0,"key":"animator:WornHelmet"},{"floor":44.0,"key":"Pondfish Scales"},{"floor":57.0,"key":"Shovel"},{"floor":59.0,"key":"Mummified Hand"},{"floor":60.0,"key":"Ancient Tea Set"},{"floor":74.0,"key":"infinitespire:Lucky Rock"},{"floor":77.0,"key":"Molten Egg 2"}],"event_choices":[{"damage_healed":0.0,"max_hp_gain":0.0,"max_hp_loss":0.0,"gold_gain":0.0,"event_name":"Addict","player_choice":"Obtained Relic","floor":24.0,"gold_loss":85.0,"damage_taken":0.0,"relics_obtained":["Bird Faced Urn"]},{"damage_healed":0.0,"max_hp_gain":0.0,"max_hp_loss":0.0,"gold_gain":0.0,"event_name":"The Library","player_choice":"Read","floor":27.0,"gold_loss":0.0,"damage_taken":0.0,"cards_obtained":["animator:GazelDwargon"]},{"damage_healed":0.0,"max_hp_gain":0.0,"max_hp_loss":0.0,"gold_gain":0.0,"event_name":"OrinTheCat","player_choice":"Fight","floor":39.0,"gold_loss":0.0,"damage_taken":0.0},{"cards_removed":["animator:Kazuma"],"damage_healed":0.0,"max_hp_gain":0.0,"max_hp_loss":0.0,"gold_gain":0.0,"event_name":"Falling","player_choice":"Removed Skill","floor":41.0,"gold_loss":0.0,"damage_taken":0.0},{"damage_healed":0.0,"max_hp_gain":0.0,"max_hp_loss":0.0,"gold_gain":0.0,"event_name":"Upgrade Shrine","player_choice":"Upgraded","floor":45.0,"gold_loss":0.0,"damage_taken":0.0,"cards_upgraded":["animator:Darkness"]},{"damage_healed":0.0,"max_hp_gain":0.0,"max_hp_loss":0.0,"gold_gain":0.0,"event_name":"Upgrade Shrine","player_choice":"Upgraded","floor":64.0,"gold_loss":0.0,"damage_taken":0.0,"cards_upgraded":["animator:Kaijin"]}],"is_beta":false,"boss_relics":[{"not_picked":["Kintsugi","Replay:Ancient Bell"],"picked":"Replay:Wanted Poster"},{"not_picked":["Runic Dome","SacredBark"],"picked":"animator:HolyGrailRelic"},{"not_picked":["Replay:Bronze Core","theForsaken:PaleLantern","Replay:Grab Bag"]},{"not_picked":["ReplayTheSpireMod:SealedPack","Replay:Fungal Core"],"picked":"Sozu"}],"items_purged_floors":[19,54],"is_endless":true,"potions_floor_spawned":[2,4,7,14,18,31,33,37,38,39,47,52,57,59,65,67,70,76,78,79,84],"ascension_level":0}}