{"host":"13ii7kifcsv20hya","time":1613383092,"event":{"mods":["BaseMod","Downfall","Hermit","Minty Spire (QoL Compilation)","Replay The Spire","StSLib","The Cursed"],"gold_per_floor":[99,99,99,162,182,182,182,199,226,240,140,154,154,329,340,443,443,443,460,445,545,557,570,620,520,539,556,642,652,652,652,666,666,666,666],"floor_reached":33,"language":"ENG","playtime":2274,"items_purged":[],"score":274,"play_id":"e93bf9e5-8cb7-4029-92c1-4e16a7e10a52","local_time":"20210215105812","is_ascension_mode":false,"campfire_choices":[{"data":"champ:Taunt","floor":1,"key":"SMITH"},{"data":"champ:SkillfulDodge","floor":11,"key":"SMITH"},{"data":"champ:FocusedDefense","floor":13,"key":"SMITH"},{"floor":18,"key":"REST"},{"floor":25,"key":"REST"},{"floor":30,"key":"REST"}],"circlet_count":0,"master_deck":["champ:Strike","champ:Strike","champ:Strike","champ:Strike+1","champ:Defend","champ:Defend+1","champ:Defend","champ:Defend+1","champ:Execute+1","champ:Taunt+1","champ:SkillfulDodge+1","champ:ShieldWall","champ:PreciseThrust","champ:Circumvent","champ:Parry","champ:FocusedDefense+1","Doubt","champ:FalseCounter","champ:CheapShot","champ:DefensiveShout","champ:SkillfulDodge","champ:Taunt","champ:Haymaker+1","champ:CalledShot","champ:CheapShot","Replay:Parry","TheCursedMod:Dregs","champ:BringItOn+1","champ:ShieldSlam+1","champ:EnGarde+1","champ:FocusedDefense"],"relics":["champ:ChampionCrown","downfall:HeartsMalice","Gremlin Food","Mummified Hand","Mercury Hourglass","downfall:HeartBlessingGreen","Fusion Hammer","downfall:GremlinSack","downfall:HeartBlessingBlue","War Paint"],"acts_visited":["Exordium","TheCity"],"potions_floor_usage":[16,22,29,33],"damage_taken":[{"damage":0,"enemies":"Jaw Worm","floor":2,"turns":1},{"damage":0,"enemies":"downfall:FleeingMerchant","floor":3,"turns":1},{"damage":0,"enemies":"Gremlin Nob","floor":4,"turns":1},{"damage":0,"enemies":"2 Louse","floor":5,"turns":3},{"damage":10,"enemies":"Cultist","floor":8,"turns":4},{"damage":0,"enemies":"Lagavulin","floor":9,"turns":11},{"damage":2,"enemies":"Blue Slaver","floor":10,"turns":3},{"damage":0,"enemies":"Large Slime","floor":12,"turns":5},{"damage":16,"enemies":"Red Slaver","floor":15,"turns":3},{"damage":47,"enemies":"DF_ARCHETYPE_STREAMLINE","floor":16,"turns":9},{"damage":20,"enemies":"Chosen","floor":19,"turns":5},{"damage":20,"enemies":"downfall:FleeingMerchant","floor":20,"turns":5},{"damage":33,"enemies":"downfall:FleeingMerchant","floor":21,"turns":4},{"damage":21,"enemies":"3 Byrds","floor":22,"turns":4},{"damage":17,"enemies":"Snake Plant","floor":23,"turns":6},{"damage":2,"enemies":"Shelled Parasite and Fungi","floor":26,"turns":4},{"damage":20,"enemies":"Cultist and Chosen","floor":27,"turns":7},{"damage":7,"enemies":"Sentry and Sphere","floor":29,"turns":4},{"damage":0,"enemies":"Snake Plant","floor":32,"turns":3},{"damage":47,"enemies":"SI_MIRROR_ARCHETYPE","floor":33,"turns":8}],"seed_played":"-4861315751285232055","potions_obtained":[{"floor":4,"key":"Ancient Potion"},{"floor":5,"key":"BlessingOfTheForge"},{"floor":9,"key":"Fire Potion"},{"floor":10,"key":"Toxic Potion"},{"floor":16,"key":"Elixir"},{"floor":22,"key":"Explosive Potion"},{"floor":23,"key":"Block Potion"}],"is_trial":false,"path_per_floor":["R","M","$","?","M","?","T","M","E","M","R","M","R","?","M","B",null,"R","M","$","?","M","M","T","R","M","M","?","M","R","?","M","B"],"character_chosen":"THE_CHAMP","items_purchased":[],"campfire_rested":3,"item_purchase_floors":[],"current_hp_per_floor":[90,90,90,90,90,90,90,90,90,88,88,88,88,88,82,45,90,90,90,90,67,46,29,29,69,67,47,22,15,45,45,45,0,0,0],"gold":666,"neow_bonus":"THREE_ENEMY_KILL","is_daily":false,"chose_seed":false,"campfire_upgraded":3,"win_rate":0.0,"timestamp":1613383092,"path_taken":["R","M","$","?","M","?","T","M","E","M","R","?","R","?","M","BOSS","R","M","$","?","M","M","T","R","M","?","?","M","R","?","M","BOSS"],"items_purchased_type":[],"build_version":"2020-12-22","purchased_purges":0,"victory":false,"max_hp_per_floor":[90,90,90,90,90,90,90,90,90,90,90,90,90,90,90,90,90,90,90,90,90,90,90,90,100,100,100,100,100,100,100,100,100,100,100],"card_choices":[{"not_picked":["champ:TornadoPunch","champ:BerserkersShout"],"picked":"champ:SkillfulDodge","floor":2},{"not_picked":["champ:RisingSlash","champ:Encircle"],"picked":"champ:ShieldWall","floor":3},{"not_picked":["champ:FanOfKnives","champ:StanceDance"],"picked":"champ:PreciseThrust","floor":4},{"not_picked":["champ:Backstep","champ:Haymaker","champ:RapidStrikes"],"picked":"SKIP","floor":5},{"not_picked":["champ:PerfectedStrike","champ:Shatter"],"picked":"champ:Circumvent","floor":8},{"not_picked":["champ:BladeFlurry","champ:Improvising"],"picked":"champ:Parry","floor":9},{"not_picked":["champ:FanOfKnives","champ:CrownThrow","champ:GutPunch"],"picked":"SKIP","floor":10},{"not_picked":["champ:EnragedBash","champ:FanOfKnives"],"picked":"champ:FocusedDefense","floor":12},{"not_picked":["champ:PreciseThrust","champ:SwordThrow"],"picked":"champ:FalseCounter","floor":15},{"not_picked":["champ:IgnorePain","champ:MurderStrike"],"picked":"champ:CheapShot","floor":16},{"not_picked":["champ:StanceDance","champ:Shatter+1"],"picked":"champ:DefensiveShout","floor":19},{"not_picked":["champ:ShieldSlam+1","champ:IronFortress+1"],"picked":"champ:SkillfulDodge","floor":20},{"not_picked":["champ:Circumvent","champ:RecklessLeap","champ:PreciseThrust"],"picked":"SKIP","floor":22},{"not_picked":["champ:CalledShot","champ:SetATrap","champ:Backstep"],"picked":"SKIP","floor":23},{"not_picked":["champ:RecklessLeap+1","champ:RapidStrikes"],"picked":"champ:BringItOn+1","floor":26},{"not_picked":["champ:StanceDance","champ:TornadoPunch+1","champ:GutPunch"],"picked":"SKIP","floor":27},{"not_picked":["champ:StanceDance","champ:TornadoPunch+1","champ:GutPunch"],"picked":"SKIP","floor":27},{"not_picked":["champ:RisingSlash","champ:EnGarde"],"picked":"champ:ShieldSlam+1","floor":28},{"not_picked":["champ:BringItOn+1","champ:FlashCut"],"picked":"champ:EnGarde+1","floor":28},{"not_picked":["champ:FlashCut","champ:TornadoPunch+1"],"picked":"champ:FocusedDefense","floor":28},{"not_picked":["champ:FanOfKnives","champ:BerserkersShout","champ:ShieldSlam"],"picked":"SKIP","floor":29},{"not_picked":["champ:PerfectedStrike","champ:FlashCut","champ:BerserkersShout"],"picked":"SKIP","floor":32}],"player_experience":151490,"relics_obtained":[{"floor":4,"key":"Gremlin Food"},{"floor":7,"key":"Mummified Hand"},{"floor":9,"key":"Mercury Hourglass"},{"floor":21,"key":"downfall:GremlinSack"},{"floor":31,"key":"War Paint"}],"event_choices":[{"damage_healed":0,"gold_gain":0,"player_choice":"Relic","damage_taken":0,"max_hp_gain":0,"max_hp_loss":0,"event_name":"Wheel of Change","floor":31,"gold_loss":0}],"is_beta":false,"boss_relics":[{"not_picked":["Astrolabe","Busted Crown"],"picked":"Fusion Hammer"}],"items_purged_floors":[],"is_endless":false,"potions_floor_spawned":[4,5,9,10,12,16,21,22,23,27],"killed_by":"SI_MIRROR_ARCHETYPE","ascension_level":0}}