{"host":"a3gu5zu37ht99mpa","time":1613360264,"event":{"mods":["100% Spire Juice","Act Like it!","Arknights","BaseMod","Better Silent Start","BetterRewards","Conspire","Downfall","Energized Spire","GifTheSpireLib","Gold Saver","Halation","Minty Spire (QoL Compilation)","Prisma Mod","Robot Space Explorer","Shop Mod","StSLib","Stuff the Spire","The Animator","The Servant 0.9.4","Virulent Crown","Wandering Minibosses","yUi"],"gold_per_floor":[152,327,327,344,294,329,354,354,406,406,436,459,485,497,509,626,638,692,721,733,745,723,723,755,770,770,770,770,770,790,836,836,836,836],"floor_reached":33,"language":"ENG","playtime":1759,"items_purged":[],"score":369,"play_id":"fa32c9ee-c6eb-4001-ba03-a2a5418f387f","local_time":"20210214223744","is_ascension_mode":true,"campfire_choices":[{"data":"animator:AcuraAkari","floor":10,"key":"SMITH"},{"data":"animator:Elsword","floor":15,"key":"SMITH"},{"floor":23,"key":"RECALL"},{"data":"animator:Elesis","floor":27,"key":"SMITH"},{"data":"animator:AcuraAkari","floor":29,"key":"SMITH"},{"data":"animator:Melzalgald","floor":32,"key":"SMITH"}],"circlet_count":0,"master_deck":["animator:Strike_HitsugiNoChaika","animator:Defend_HitsugiNoChaika","animator:Strike","animator:Strike","animator:Strike","animator:Defend","animator:Defend","animator:Defend","animator:AcuraAkari+1","animator:Gillette","animator:Add","animator:Ciel","animator:Envy","animator:Elsword+1","animator:Chung","animator:Viivi","animator:Greed","animator:Laby","animator:Ara+1","StuffTheSpire:Brawn","StuffTheSpire:DeathNote","animator:AcuraAkari+1","animator:Ara","animator:Elesis+2","animator:ChaikaBohdan","animator:Melzalgald+1"],"relics":["animator:LivingPicture","animator:TheMissingPiece","NeowsBlessing","animator:BattleDrones","halation:PinkSoulGem","Juzu Bracelet","MawBank","Bottled Flame","Black Star","Question Card","Anchor","Eternal Feather","StuffTheSpire:EmeraldSignet","Darkstone Periapt","Lantern"],"acts_visited":["Exordium","TheCity"],"potions_floor_usage":[19,19,24,31],"damage_taken":[{"damage":0,"enemies":"2 Louse","floor":1,"turns":1},{"damage":0,"enemies":"Cultist","floor":4,"turns":1},{"damage":0,"enemies":"Gremlin Nob","floor":6,"turns":1},{"damage":5,"enemies":"Jaw Worm","floor":7,"turns":2},{"damage":15,"enemies":"Lagavulin","floor":11,"turns":6},{"damage":0,"enemies":"2 Fungi Beasts","floor":12,"turns":4},{"damage":15,"enemies":"Gremlin Nob","floor":13,"turns":4},{"damage":32,"enemies":"Hexaghost","floor":16,"turns":9},{"damage":20,"enemies":"Shell Parasite","floor":18,"turns":6},{"damage":0,"enemies":"2 Thieves","floor":19,"turns":4},{"damage":10,"enemies":"Gremlin Leader","floor":24,"turns":4},{"damage":0,"enemies":"Snecko","floor":25,"turns":5},{"damage":12,"enemies":"Snake Plant","floor":30,"turns":4},{"damage":2,"enemies":"Book of Stabbing","floor":31,"turns":4},{"damage":39,"enemies":"Automaton","floor":33,"turns":10}],"seed_played":"-174360509167499564","potions_obtained":[{"floor":1,"key":"PowerPotion"},{"floor":3,"key":"DistilledChaos"},{"floor":3,"key":"bronze:BurnAndBuffPotion"},{"floor":19,"key":"EssenceOfSteel"},{"floor":24,"key":"PowerPotion"},{"floor":31,"key":"LiquidBronze"}],"is_trial":false,"path_per_floor":["M","?","?","M","?","E","M","?","T","R","E","M","E","T","R","B",null,"M","M","?","?","$","R","E","M","T","R","T","R","M","E","R","B"],"character_chosen":"THE_ANIMATOR","items_purchased":["animator:AcuraAkari"],"campfire_rested":0,"item_purchase_floors":[22],"current_hp_per_floor":[66,66,66,67,67,67,62,62,62,62,48,48,33,33,33,1,68,48,50,35,15,15,15,5,5,5,17,17,29,22,20,35,0,0],"gold":836,"neow_bonus":"THREE_ENEMY_KILL","is_daily":false,"chose_seed":false,"campfire_upgraded":5,"win_rate":0.0,"timestamp":1613360264,"path_taken":["M","?","?","?","?","E","M","?","T","R","E","M","E","?","R","BOSS","M","M","?","?","$","R","E","M","T","R","?","R","M","E","R","BOSS"],"items_purchased_type":["Card"],"build_version":"2020-12-22","purchased_purges":0,"victory":false,"max_hp_per_floor":[66,66,66,67,67,67,67,67,67,67,68,68,68,68,68,68,68,68,70,70,70,70,70,70,70,70,70,70,70,71,71,71,71,71],"card_choices":[{"not_picked":["animator:KrulTepes","animator:UneriGinkaku"],"picked":"animator:Add","floor":1},{"not_picked":["animator:MaesHughes","animator:ElricEdward"],"picked":"animator:Ciel","floor":4},{"not_picked":["animator:CrowleyEusford","animator:TsurugaMeisai"],"picked":"animator:Envy","floor":6},{"not_picked":["animator:Ara","animator:Ciel"],"picked":"animator:Elsword","floor":7},{"not_picked":["animator:Biyorigo","animator:Hitei"],"picked":"animator:Chung","floor":11},{"not_picked":["animator:DwarfShaman","animator:Priestess"],"picked":"animator:Viivi","floor":12},{"not_picked":["animator:ZankiKiguchi","animator:GuildGirl","animator:ElricEdward"],"picked":"SKIP","floor":13},{"not_picked":["animator:SwordMaiden","animator:GoblinSlayer"],"picked":"animator:Greed","floor":16},{"not_picked":["animator:Elsword","animator:Chung"],"picked":"animator:Laby","floor":18},{"not_picked":["animator:Guy+1","animator:Hitei"],"picked":"animator:Ara+1","floor":19},{"not_picked":["animator:UneriGinkaku","animator:TsurugaMeisai"],"picked":"animator:Ara","floor":24},{"not_picked":["animator:Gluttony+1","animator:ElricEdward","animator:Gillette+1"],"picked":"animator:Elesis","floor":25},{"not_picked":["animator:Viivi","animator:AcuraAkari","animator:Gillette"],"picked":"animator:ChaikaBohdan","floor":30},{"not_picked":["animator:Ara+1","animator:WinryRockbell","animator:Guren"],"picked":"animator:Melzalgald","floor":31}],"player_experience":85111,"relics_obtained":[{"floor":6,"key":"animator:BattleDrones"},{"floor":11,"key":"Juzu Bracelet"},{"floor":13,"key":"MawBank"},{"floor":14,"key":"Bottled Flame"},{"floor":24,"key":"Question Card"},{"floor":24,"key":"Anchor"},{"floor":26,"key":"Eternal Feather"},{"floor":28,"key":"StuffTheSpire:EmeraldSignet"},{"floor":31,"key":"Darkstone Periapt"},{"floor":31,"key":"Lantern"}],"event_choices":[{"damage_healed":0,"gold_gain":175,"player_choice":"AGREE","damage_taken":0,"max_hp_gain":0,"max_hp_loss":0,"event_name":"Liars Game","floor":2,"gold_loss":0,"cards_obtained":["Doubt"]},{"damage_healed":0,"gold_gain":0,"player_choice":"Got Potions","damage_taken":0,"max_hp_gain":0,"max_hp_loss":0,"event_name":"Lab","floor":3,"gold_loss":0},{"cards_removed":["Doubt"],"damage_healed":0,"gold_gain":0,"player_choice":"Card Removal","damage_taken":0,"max_hp_gain":0,"max_hp_loss":0,"event_name":"The Cleric","floor":5,"gold_loss":50}],"is_beta":false,"boss_relics":[{"not_picked":["Busted Crown","StuffTheSpire:RunicConfusion"],"picked":"Black Star"}],"items_purged_floors":[],"is_endless":false,"potions_floor_spawned":[1,6,13,16,19,24,31],"killed_by":"Automaton","ascension_level":1}}