{"host":"chv1qanoipyt46jc","time":1613362643,"event":{"mods":["2.2 Compatiblity","AchievementEnabler","BaseMod","BetterRewards","CapriCore","Card Filter","Evolution","Gold Saver","Grow up Mod","Minty Spire (QoL Compilation)","Rare Cards Sparkle","Relic Filter","Remove Card Discount Mod","Reorder Act Four","StSLib"],"gold_per_floor":[2225,2225,2225,2300,2300,2300,2325,2336,2336,2352,2196,2207,2207,2221,2221,2317,2317,2336,2336,2371,2390,2409,2409,2436,2436,2482,2502,2502,2427,2446,2460,2460,2559,2559,2569,2567,2617,2628,2645,2672,2687,2687,2711,2729,2729,2779,2793,2789,2789,2789,2789,2789,2789,2814,2814],"floor_reached":56,"language":"ENG","playtime":2257,"items_purged":["Leap","Dualcast","Rebound","Rebound","Rebound","Rebound","Leap","Leap","Leap","Coolheaded","Loop","Capacitor"],"score":1749,"play_id":"3f952a63-eaf5-4114-872d-65d61fe8184c","local_time":"20210214221723","is_ascension_mode":false,"campfire_choices":[{"data":"Zap","floor":6,"key":"SMITH"},{"data":"Defragment","floor":15,"key":"SMITH"},{"data":"Echo Form","floor":23,"key":"SMITH"},{"data":"Coolheaded","floor":25,"key":"SMITH"},{"data":"Echo Form","floor":28,"key":"SMITH"},{"floor":32,"key":"RECALL"},{"data":"Defragment","floor":42,"key":"SMITH"},{"data":"Defragment","floor":45,"key":"SMITH"},{"floor":49,"key":"DIG"},{"floor":53,"key":"DIG"}],"circlet_count":0,"master_deck":["Zap+1","Loop","Coolheaded+1","Coolheaded+1","Defragment+1","Loop+1","Loop","Echo Form+1","Echo Form+1","Creative AI","Defragment+1","Defragment+1"],"relics":["Cracked Core","EVO:Axolotl","TheAbacus","Cables","DataDisk","Runic Capacitor","Mummified Hand","Anchor","Matryoshka","Medical Kit","HornCleat","SacredBark","Red Mask","Blood Vial","Sundial","Art of War","Inserter","CaptainsWheel","Bottled Tornado","Whetstone","Akabeko","Shovel","Mercury Hourglass","Ornamental Fan","Mango"],"acts_visited":["Exordium","TheCity","TheBeyond","TheEnding"],"potions_floor_usage":[55],"damage_taken":[{"damage":1.0,"enemies":"Small Slimes","floor":1.0,"turns":3.0},{"damage":0,"enemies":"Gremlin Nob","floor":7,"turns":3},{"damage":0,"enemies":"Jaw Worm","floor":8,"turns":2},{"damage":0,"enemies":"2 Louse","floor":10,"turns":2},{"damage":0,"enemies":"Looter","floor":12,"turns":2},{"damage":0,"enemies":"Large Slime","floor":14,"turns":2},{"damage":0,"enemies":"Slime Boss","floor":16,"turns":4},{"damage":0,"enemies":"Shell Parasite","floor":18,"turns":3},{"damage":0,"enemies":"Masked Bandits","floor":20,"turns":3},{"damage":0,"enemies":"3 Byrds","floor":21,"turns":3},{"damage":0,"enemies":"Cultist and Chosen","floor":22,"turns":6},{"damage":0,"enemies":"Book of Stabbing","floor":24,"turns":4},{"damage":0,"enemies":"Chosen and Byrds","floor":27,"turns":2},{"damage":0,"enemies":"Snake Plant","floor":30,"turns":2},{"damage":0,"enemies":"Snecko","floor":31,"turns":3},{"damage":0,"enemies":"Collector","floor":33,"turns":5},{"damage":0,"enemies":"Orb Walker","floor":35,"turns":3},{"damage":3,"enemies":"2 Orb Walkers","floor":37,"turns":4},{"damage":0,"enemies":"3 Darklings","floor":38,"turns":3},{"damage":0,"enemies":"Jaw Worm Horde","floor":39,"turns":3},{"damage":0,"enemies":"Nemesis","floor":40,"turns":5},{"damage":0,"enemies":"Writhing Mass","floor":41,"turns":3},{"damage":0,"enemies":"Maw","floor":44,"turns":4},{"damage":0,"enemies":"Mind Bloom Boss Battle","floor":46,"turns":4},{"damage":0,"enemies":"Transient","floor":47,"turns":5},{"damage":2,"enemies":"Time Eater","floor":50,"turns":8},{"damage":0,"enemies":"Shield and Spear","floor":54,"turns":4},{"damage":46,"enemies":"The Heart","floor":55,"turns":7}],"seed_played":"6612683773544354554","potions_obtained":[{"floor":1.0,"key":"ColorlessPotion"},{"floor":10,"key":"GamblersBrew"},{"floor":12,"key":"ColorlessPotion"},{"floor":16,"key":"FearPotion"}],"is_trial":false,"path_per_floor":["M","?","T","?","T","R","E","M","T","M","$","M","?","M","R","B",null,"M","?","?","M","M","R","E","R","T","M","R","?","M","M","R","B",null,"M","$","?","M","M","E","M","R","T","M","R","?","M","$","R","B",null,"$","R","E","B",null],"character_chosen":"DEFECT","items_purchased":["TheAbacus","Loop","Coolheaded","Coolheaded","Defragment","Cables","Loop","Loop","DataDisk","Runic Capacitor","Medical Kit"],"campfire_rested":0,"item_purchase_floors":[0,0,0,0,0,0,0,0,0,0,11],"current_hp_per_floor":[53,42,52,51,61,71,81,91,101,111,121,131,141,151,161,171,263,273,283,293,303,313,323,333,343,353,363,373,383,393,403,413,423,433,443,453,460,472,483,493,503,513,523,533,543,553,563,573,583,591,603,613,623,647,611],"gold":2814,"neow_bonus":"","is_daily":false,"chose_seed":false,"campfire_upgraded":7,"win_rate":0.0,"timestamp":1613362643,"path_taken":["M","?","?","?","?","R","E","M","T","M","$","M","?","?","R","BOSS","M","?","?","M","M","R","E","R","T","M","R","?","M","M","R","BOSS","M","$","?","M","M","E","M","R","T","M","R","?","M","$","R","BOSS","$","R","E","BOSS"],"items_purchased_type":["Relic","Card","Card","Card","Card","Relic","Card","Card","Relic","Relic","Relic"],"build_version":"2020-12-22","purchased_purges":12,"victory":true,"max_hp_per_floor":[103,113,123,133,143,153,163,173,183,193,203,213,223,233,243,253,263,273,283,293,303,313,323,333,343,353,363,373,383,393,403,413,423,433,443,453,463,473,483,493,503,513,523,533,543,553,563,573,583,593,603,613,623,647,657],"card_choices":[{"not_picked":["Ball Lightning","Turbo"],"picked":"BootSequence","floor":1.0},{"not_picked":["Recycle","Undo","Force Field"],"picked":"SKIP","floor":7},{"not_picked":["Streamline","Gash","Conserve Battery"],"picked":"SKIP","floor":8},{"not_picked":["Sweeping Beam","Recycle","Conserve Battery"],"picked":"SKIP","floor":10},{"not_picked":["Consume","BootSequence","Streamline"],"picked":"SKIP","floor":12},{"not_picked":["Chill","BootSequence","Ball Lightning"],"picked":"SKIP","floor":14},{"not_picked":["Meteor Strike","Reboot"],"picked":"Echo Form","floor":16},{"not_picked":["Rebound+1","Conserve Battery","Ball Lightning"],"picked":"SKIP","floor":18},{"not_picked":["BootSequence","Barrage+1"],"picked":"Coolheaded","floor":20},{"not_picked":["Barrage","Reprogram"],"picked":"Loop","floor":21},{"not_picked":["Sweeping Beam+1","Melter","Ball Lightning+1"],"picked":"SKIP","floor":22},{"not_picked":["Rebound","Leap","Gash+1"],"picked":"SKIP","floor":24},{"not_picked":["Compile Driver","Reprogram+1"],"picked":"Echo Form","floor":27},{"not_picked":["Force Field+1","Redo","Rebound"],"picked":"SKIP","floor":30},{"not_picked":["Turbo","Undo+1"],"picked":"Capacitor","floor":31},{"not_picked":["Buffer","Machine Learning"],"picked":"Creative AI","floor":33},{"not_picked":["Undo+1","Compile Driver","Coolheaded"],"picked":"SKIP","floor":35},{"not_picked":["Sweeping Beam+1","Melter+1","Compile Driver"],"picked":"SKIP","floor":38},{"not_picked":["Capacitor+1","White Noise"],"picked":"Defragment","floor":39},{"not_picked":["Conserve Battery","Reprogram+1","Redo+1"],"picked":"SKIP","floor":40},{"not_picked":["Streamline+1","Reprogram","Gash+1"],"picked":"SKIP","floor":41},{"not_picked":["Barrage+1","Ball Lightning+1"],"picked":"Defragment","floor":44},{"not_picked":["Compile Driver+1","Sweeping Beam+1","Go for the Eyes+1"],"picked":"SKIP","floor":47},{"not_picked":["Conserve Battery","Loop","Buffer"],"picked":"SKIP","floor":54}],"player_experience":322749,"relics_obtained":[{"floor":3,"key":"Mummified Hand"},{"floor":7,"key":"Anchor"},{"floor":9,"key":"Matryoshka"},{"floor":20,"key":"Red Mask"},{"floor":24,"key":"Blood Vial"},{"floor":26,"key":"Sundial"},{"floor":26,"key":"Art of War"},{"floor":37,"key":"CaptainsWheel"},{"floor":40,"key":"Bottled Tornado"},{"floor":43,"key":"Whetstone"},{"floor":43,"key":"Akabeko"},{"floor":46,"key":"Shovel"},{"floor":49,"key":"Mercury Hourglass"},{"floor":53,"key":"Ornamental Fan"},{"floor":54,"key":"Mango"}],"event_choices":[{"damage_healed":0.0,"max_hp_gain":0.0,"max_hp_loss":0.0,"gold_gain":0.0,"event_name":"Shining Light","player_choice":"Entered Light","floor":2.0,"gold_loss":0.0,"damage_taken":21.0,"cards_upgraded":["Coolheaded","Loop"]},{"damage_healed":0,"gold_gain":75,"player_choice":"Gather Gold","damage_taken":11,"max_hp_gain":0,"max_hp_loss":0,"event_name":"World of Goop","floor":4,"gold_loss":0},{"damage_healed":0,"gold_gain":0,"player_choice":"Gave Potion","damage_taken":0,"relics_obtained":["HornCleat"],"max_hp_gain":0,"max_hp_loss":0,"event_name":"WeMeetAgain","floor":13,"gold_loss":0},{"damage_healed":0,"gold_gain":0,"player_choice":"Simplicity","damage_taken":0,"max_hp_gain":0,"max_hp_loss":0,"event_name":"Back to Basics","floor":19,"gold_loss":0,"cards_upgraded":[]},{"damage_healed":0,"gold_gain":0,"player_choice":"Fought Bandits","damage_taken":0,"max_hp_gain":0,"max_hp_loss":0,"event_name":"Masked Bandits","floor":20,"gold_loss":0},{"cards_removed":["BootSequence"],"damage_healed":0,"gold_gain":0,"player_choice":"Gave Gold","damage_taken":0,"max_hp_gain":0,"max_hp_loss":0,"event_name":"Beggar","floor":29,"gold_loss":75},{"damage_healed":0,"gold_gain":0,"player_choice":"Fight","damage_taken":0,"max_hp_gain":0,"max_hp_loss":0,"event_name":"Mysterious Sphere","floor":37,"gold_loss":0},{"damage_healed":0,"gold_gain":0,"player_choice":"Fight","damage_taken":0,"max_hp_gain":0,"max_hp_loss":0,"event_name":"MindBloom","floor":46,"gold_loss":0}],"is_beta":false,"boss_relics":[{"not_picked":["Pandora\u0027s Box","Astrolabe"],"picked":"SacredBark"},{"not_picked":["Nuclear Battery","Calling Bell"],"picked":"Inserter"}],"items_purged_floors":[0,0,0,0,0,0,0,0,0,36,48,48],"is_endless":false,"potions_floor_spawned":[1,10,12,16,22,27,30,33,37,38,41],"ascension_level":0}}