{"host":"xsuxkwaivmtd234a","time":1613431551,"event":{"mods":["BaseMod","Bestiary","Colored Map","Filter the Spire","Minty Spire (QoL Compilation)","Relic Stats","StSLib"],"gold_per_floor":[364,139,139,139,149,149,166,196,244,244,273,273,284,313,313,412,412,429,12,26,26,40,40,68,68,91,123,123,8,41,51,51,146,146,160,210,221,221,221,250,250,281,293,305,83,83,95,95,95,95,95],"floor_reached":50,"language":"ENG","playtime":3057,"items_purged":["Pain","Shame"],"score":803,"play_id":"b6225809-1d8c-4618-b83d-f5f2471e31d7","local_time":"20210215182551","is_ascension_mode":true,"campfire_choices":[{"data":"Deadly Poison","floor":6,"key":"SMITH"},{"floor":10,"key":"REST"},{"data":"Blade Dance","floor":12,"key":"SMITH"},{"data":"Neutralize","floor":15,"key":"SMITH"},{"floor":23,"key":"REST"},{"floor":25,"key":"REST"},{"data":"Night Terror","floor":32,"key":"SMITH"},{"floor":41,"key":"REST"},{"floor":44,"key":"REST"},{"floor":49,"key":"RECALL"}],"circlet_count":0,"master_deck":["Strike_G+1","Strike_G+1","Strike_G+1","Strike_G+1","Strike_G+1","Defend_G+1","Defend_G+1","Defend_G+1","Defend_G+1","Defend_G+1","Survivor","Neutralize+1","Dash","Deadly Poison+1","Blade Dance+1","All Out Attack","Noxious Fumes","Prepared","Night Terror+1","Infinite Blades+1","Sadistic Nature","Adrenaline","Caltrops","Outmaneuver+1","PiercingWail","Bullet Time","ThirdEye+1","Chrysalis","Stack+1","Fusion+1","Double Energy","Apotheosis","Jack Of All Trades","Hologram+1","Skewer","Madness","Madness","Heatsinks+1"],"relics":["Ring of the Snake","TheAbacus","Vajra","Regal Pillow","PreservedInsect","Matryoshka","Bag of Preparation","Cursed Key","The Courier","Orichalcum","Torii","PrismaticShard","Pen Nib","Black Star","Unceasing Top","Shuriken","Oddly Smooth Stone","Lantern","MawBank","ClockworkSouvenir"],"acts_visited":["Exordium","TheCity","TheBeyond"],"potions_floor_usage":[13,16,20,22,27,27,33,33,33,50],"damage_taken":[{"damage":7,"enemies":"2 Louse","floor":1,"turns":3},{"damage":0,"enemies":"Jaw Worm","floor":5,"turns":3},{"damage":0,"enemies":"Cultist","floor":7,"turns":4},{"damage":9,"enemies":"Lagavulin","floor":8,"turns":5},{"damage":0,"enemies":"Gremlin Nob","floor":11,"turns":3},{"damage":10,"enemies":"Exordium Thugs","floor":13,"turns":3},{"damage":17,"enemies":"Lagavulin","floor":14,"turns":5},{"damage":11,"enemies":"Hexaghost","floor":16,"turns":8},{"damage":7,"enemies":"Spheric Guardian","floor":18,"turns":4},{"damage":2,"enemies":"3 Byrds","floor":20,"turns":3},{"damage":27,"enemies":"Centurion and Healer","floor":22,"turns":5},{"damage":7,"enemies":"Book of Stabbing","floor":24,"turns":4},{"damage":10,"enemies":"Slavers","floor":27,"turns":3},{"damage":4,"enemies":"Book of Stabbing","floor":30,"turns":4},{"damage":6,"enemies":"Snake Plant","floor":31,"turns":3},{"damage":35,"enemies":"Champ","floor":33,"turns":10},{"damage":10,"enemies":"3 Shapes","floor":35,"turns":6},{"damage":11,"enemies":"Mind Bloom Boss Battle","floor":36,"turns":9},{"damage":2,"enemies":"Orb Walker","floor":37,"turns":4},{"damage":59,"enemies":"Nemesis","floor":40,"turns":7},{"damage":0,"enemies":"Reptomancer","floor":42,"turns":6},{"damage":16,"enemies":"3 Darklings","floor":47,"turns":6},{"damage":51,"enemies":"Time Eater","floor":50,"turns":4}],"seed_played":"-5082412735202869228","potions_obtained":[{"floor":8,"key":"AttackPotion"},{"floor":11,"key":"BlessingOfTheForge"},{"floor":13,"key":"ColorlessPotion"},{"floor":14,"key":"Block Potion"},{"floor":16,"key":"GhostInAJar"},{"floor":18,"key":"EssenceOfSteel"},{"floor":20,"key":"BlessingOfTheForge"},{"floor":24,"key":"PowerPotion"},{"floor":30,"key":"EntropicBrew"},{"floor":35,"key":"Dexterity Potion"},{"floor":40,"key":"Strength Potion"}],"is_trial":false,"path_per_floor":["M","$","?","?","M","R","M","E","T","R","E","R","M","E","R","B",null,"M","$","M","?","M","R","E","R","T","E","?","$","E","M","R","B",null,"M","?","M","?","?","E","R","E","T","R","$","?","M","T","R","B"],"character_chosen":"THE_SILENT","items_purchased":["TheAbacus","Sadistic Nature","Adrenaline","Caltrops","PrismaticShard","ClockworkSouvenir","Skewer"],"campfire_rested":5,"item_purchase_floors":[2,19,19,19,29,45,45],"current_hp_per_floor":[63,63,56,49,49,49,49,40,40,70,70,70,60,43,43,32,61,54,54,52,45,18,54,47,70,70,60,60,60,56,50,50,15,56,46,35,33,33,61,2,35,35,35,61,61,53,37,37,37,0,0],"gold":95,"neow_bonus":"TWO_FIFTY_GOLD","is_daily":false,"chose_seed":false,"campfire_upgraded":4,"win_rate":0.0,"timestamp":1613431551,"path_taken":["M","$","?","?","?","R","M","E","T","R","E","R","M","E","R","BOSS","M","$","M","?","?","R","E","R","T","E","?","?","E","M","R","BOSS","M","?","M","?","?","E","R","E","T","R","?","?","?","?","R","BOSS"],"items_purchased_type":["Relic","Card","Card","Card","Relic","Relic","Card"],"build_version":"2020-12-22","purchased_purges":2,"victory":false,"max_hp_per_floor":[70,70,70,70,70,70,70,70,70,70,70,70,70,70,70,70,70,70,70,70,70,70,70,70,70,70,70,70,70,70,70,70,70,70,70,70,70,70,61,61,61,61,61,61,61,61,61,61,61,61,61],"relic_stats":{"Regal Pillow":49,"Torii":22,"counters":[23,112],"PreservedInsect":277,"Pen Nib":[11],"Bag of Preparation":[32],"Orichalcum":[84],"Cursed Key":1,"MawBank":36,"TheAbacus":[108],"Shuriken":[5],"Black Star":2,"obtain_stats":[{"Regal Pillow":8,"Lantern":42,"Torii":27,"Vajra":3,"Oddly Smooth Stone":40,"PreservedInsect":9,"The Courier":24,"Pen Nib":30,"Bag of Preparation":14,"Orichalcum":26,"Cursed Key":17,"PrismaticShard":29,"MawBank":42,"ClockworkSouvenir":45,"TheAbacus":2,"Matryoshka":11,"Shuriken":40,"Black Star":34,"Unceasing Top":36,"Ring of the Snake":0},{"Regal Pillow":4,"Lantern":21,"Torii":13,"Vajra":1,"Oddly Smooth Stone":20,"PreservedInsect":4,"The Courier":12,"Pen Nib":14,"Bag of Preparation":7,"Orichalcum":12,"Cursed Key":8,"PrismaticShard":13,"MawBank":21,"ClockworkSouvenir":21,"TheAbacus":1,"Matryoshka":5,"Shuriken":20,"Black Star":16,"Unceasing Top":18,"Ring of the Snake":0},{"Regal Pillow":15,"Lantern":102,"Torii":53,"Vajra":3,"Oddly Smooth Stone":96,"PreservedInsect":15,"The Courier":50,"Pen Nib":57,"Bag of Preparation":26,"Orichalcum":50,"Cursed Key":34,"PrismaticShard":53,"MawBank":102,"ClockworkSouvenir":102,"TheAbacus":3,"Matryoshka":18,"Shuriken":96,"Black Star":70,"Unceasing Top":85,"Ring of the Snake":0}],"Unceasing Top":[26],"Ring of the Snake":[46]},"card_choices":[{"not_picked":["PiercingWail","Well Laid Plans"],"picked":"Dash","floor":1},{"not_picked":["Accuracy","Backflip"],"picked":"Deadly Poison","floor":5},{"not_picked":["Backflip","PiercingWail"],"picked":"Blade Dance","floor":7},{"not_picked":["Sucker Punch","Tactician"],"picked":"All Out Attack","floor":8},{"not_picked":["Cloak And Dagger","Finisher"],"picked":"Noxious Fumes","floor":11},{"not_picked":["Setup","Dodge and Roll","Cloak And Dagger"],"picked":"SKIP","floor":13},{"not_picked":["Backflip","Dagger Throw"],"picked":"Prepared","floor":14},{"not_picked":["Doppelganger","Venomology"],"picked":"Night Terror","floor":16},{"not_picked":["Backflip+1","Prepared"],"picked":"Infinite Blades+1","floor":18},{"not_picked":["Setup","Underhanded Strike"],"picked":"Outmaneuver+1","floor":20},{"not_picked":["Bane+1","Cloak And Dagger"],"picked":"PiercingWail","floor":22},{"not_picked":["Bane","Slice","Riddle With Holes"],"picked":"SKIP","floor":24},{"not_picked":["Acrobatics","Cloak And Dagger"],"picked":"Bullet Time","floor":27},{"not_picked":["InnerPeace+1","Blur"],"picked":"ThirdEye+1","floor":30},{"not_picked":["Clothesline","Force Field","Redo"],"picked":"SKIP","floor":31},{"not_picked":["Offering","Doppelganger"],"picked":"Chrysalis","floor":33},{"not_picked":["CrushJoints+1","Swivel"],"picked":"Stack+1","floor":35},{"not_picked":["Sweeping Beam","Shrug It Off+1"],"picked":"Fusion+1","floor":36},{"not_picked":["Searing Blow+1","ThirdEye+1"],"picked":"Double Energy","floor":37},{"not_picked":["Chrysalis","Trip"],"picked":"Apotheosis","floor":38},{"not_picked":["Cleave+1","True Grit"],"picked":"Jack Of All Trades","floor":40},{"not_picked":["Dagger Spray+1","Protect+1"],"picked":"Hologram+1","floor":42},{"not_picked":["Leap","Skim"],"picked":"Heatsinks+1","floor":47}],"player_experience":1271017,"relics_obtained":[{"floor":8,"key":"Regal Pillow"},{"floor":9,"key":"PreservedInsect"},{"floor":11,"key":"Matryoshka"},{"floor":14,"key":"Bag of Preparation"},{"floor":24,"key":"The Courier"},{"floor":26,"key":"Orichalcum"},{"floor":27,"key":"Torii"},{"floor":30,"key":"Pen Nib"},{"floor":36,"key":"Unceasing Top"},{"floor":40,"key":"Shuriken"},{"floor":40,"key":"Oddly Smooth Stone"},{"floor":42,"key":"Lantern"},{"floor":42,"key":"MawBank"}],"event_choices":[{"damage_healed":0,"gold_gain":0,"player_choice":"Success","damage_taken":7,"relics_obtained":["Vajra"],"max_hp_gain":0,"max_hp_loss":0,"event_name":"Scrap Ooze","floor":3,"gold_loss":0},{"damage_healed":0,"gold_gain":0,"player_choice":"Damaged","damage_taken":7,"max_hp_gain":0,"max_hp_loss":0,"event_name":"Wheel of Change","floor":4,"gold_loss":0},{"damage_healed":0,"gold_gain":0,"player_choice":"Damaged","damage_taken":7,"max_hp_gain":0,"max_hp_loss":0,"event_name":"Wheel of Change","floor":21,"gold_loss":0},{"damage_healed":0,"gold_gain":0,"player_choice":"Simplicity","damage_taken":0,"max_hp_gain":0,"max_hp_loss":0,"event_name":"Back to Basics","floor":28,"gold_loss":0,"cards_upgraded":["Strike_G","Strike_G","Strike_G","Strike_G","Strike_G","Defend_G","Defend_G","Defend_G","Defend_G","Defend_G"]},{"damage_healed":0,"gold_gain":0,"player_choice":"Fight","damage_taken":0,"max_hp_gain":0,"max_hp_loss":0,"event_name":"MindBloom","floor":36,"gold_loss":0},{"damage_healed":0,"gold_gain":0,"player_choice":"Memory 1","damage_taken":0,"max_hp_gain":0,"max_hp_loss":0,"event_name":"SensoryStone","floor":38,"gold_loss":0},{"damage_healed":61,"gold_gain":0,"player_choice":"Heal","damage_taken":0,"max_hp_gain":0,"max_hp_loss":9,"event_name":"The Moai Head","floor":39,"gold_loss":0},{"damage_healed":0,"gold_gain":0,"player_choice":"Embrace Madness","damage_taken":8,"max_hp_gain":0,"max_hp_loss":0,"event_name":"Winding Halls","floor":46,"gold_loss":0,"cards_obtained":["Madness","Madness"]}],"is_beta":false,"boss_relics":[{"not_picked":["Empty Cage","Runic Dome"],"picked":"Cursed Key"},{"not_picked":["Coffee Dripper","HoveringKite"],"picked":"Black Star"}],"items_purged_floors":[2,45],"is_endless":false,"potions_floor_spawned":[8,11,13,14,16,18,20,24,30,35,40,42],"killed_by":"Time Eater","ascension_level":5}}