{"host":"AZZAM","time":1613349423,"event":{"mods":["BaseMod","Colored Map","Highlight Path","Minty Spire (QoL Compilation)","Relic Stats","Unceasing Turn Reminder"],"gold_per_floor":[109,59,134,34,59,59,91,91,115,149,168,197,197,49,49,154,154,169,188,200,200,218,218,218],"floor_reached":23,"language":"ENG","playtime":609,"items_purged":[],"score":248,"play_id":"ac3179dd-72a7-4120-8e19-598f86da9a00","local_time":"20210215033703","is_ascension_mode":true,"campfire_choices":[{"data":"Hologram","floor":6,"key":"SMITH"},{"data":"Rip and Tear","floor":8,"key":"SMITH"},{"data":"Ball Lightning","floor":13,"key":"SMITH"},{"data":"Defragment","floor":15,"key":"SMITH"}],"circlet_count":0,"master_deck":["Strike_B","Strike_B","Defend_B","Defend_B","Defend_B","Zap","Dualcast","Rip and Tear+1","Melter","Hologram+1","Ball Lightning+1","Cold Snap","Conserve Battery","White Noise","Defragment+1","Doom and Gloom","Rainbow","Double Energy+1","Go for the Eyes","Hologram"],"relics":["Cracked Core","Orichalcum","PreservedInsect","Bag of Preparation","DataDisk","Letter Opener","Nuclear Battery"],"acts_visited":["Exordium","TheCity"],"potions_floor_usage":[7,23,23],"damage_taken":[{"damage":2,"enemies":"Jaw Worm","floor":1,"turns":3},{"damage":5,"enemies":"3 Sentries","floor":7,"turns":7},{"damage":10,"enemies":"Lagavulin","floor":10,"turns":3},{"damage":0,"enemies":"2 Louse","floor":11,"turns":1},{"damage":4,"enemies":"Gremlin Nob","floor":12,"turns":3},{"damage":16,"enemies":"Slime Boss","floor":16,"turns":6},{"damage":7,"enemies":"Shell Parasite","floor":18,"turns":3},{"damage":0,"enemies":"3 Byrds","floor":19,"turns":3},{"damage":21,"enemies":"Shelled Parasite and Fungi","floor":20,"turns":3},{"damage":14,"enemies":"Snecko","floor":22,"turns":5},{"damage":21,"enemies":"Slavers","floor":23,"turns":2}],"seed_played":"-2184246469804820030","potions_obtained":[{"floor":1,"key":"Fire Potion"},{"floor":10,"key":"PotionOfCapacity"},{"floor":12,"key":"SkillPotion"},{"floor":16,"key":"Energy Potion"},{"floor":20,"key":"EssenceOfDarkness"},{"floor":22,"key":"PowerPotion"}],"is_trial":false,"path_per_floor":["M","?","?","$","T","R","E","R","T","E","M","E","R","$","R","B",null,"M","M","M","?","M","E"],"character_chosen":"DEFECT","items_purchased":["Melter","Hologram","Defragment","Doom and Gloom"],"campfire_rested":0,"item_purchase_floors":[4,4,14,14],"current_hp_per_floor":[66,66,55,55,55,55,50,50,50,40,40,36,36,36,36,20,68,61,61,40,34,20,0,0],"gold":218,"neow_bonus":"REMOVE_TWO","is_daily":false,"chose_seed":false,"campfire_upgraded":4,"win_rate":0.0,"timestamp":1613349423,"path_taken":["M","?","?","$","?","R","E","R","T","E","M","E","R","?","R","BOSS","M","M","M","?","M","E"],"items_purchased_type":["Card","Card","Card","Card"],"build_version":"2020-12-18","purchased_purges":0,"victory":false,"max_hp_per_floor":[68,68,68,68,68,68,68,68,68,68,68,68,68,68,68,68,68,68,68,68,68,68,68,68],"relic_stats":{"counters":[11,39],"PreservedInsect":90,"Bag of Preparation":[18],"Letter Opener":[55],"Orichalcum":[84],"obtain_stats":[{"DataDisk":10,"PreservedInsect":7,"Bag of Preparation":9,"Letter Opener":12,"Orichalcum":5,"Cracked Core":0,"Nuclear Battery":17},{"DataDisk":3,"PreservedInsect":2,"Bag of Preparation":2,"Letter Opener":5,"Orichalcum":1,"Cracked Core":0,"Nuclear Battery":6},{"DataDisk":13,"PreservedInsect":10,"Bag of Preparation":10,"Letter Opener":17,"Orichalcum":3,"Cracked Core":0,"Nuclear Battery":23}]},"card_choices":[{"not_picked":["Go for the Eyes","Skim"],"picked":"Rip and Tear","floor":1},{"not_picked":["FTL","Gash"],"picked":"Ball Lightning","floor":7},{"not_picked":["Sweeping Beam","Tempest"],"picked":"Cold Snap","floor":10},{"not_picked":["Redo","Gash"],"picked":"Conserve Battery","floor":11},{"not_picked":["Beam Cell","Redo"],"picked":"White Noise","floor":12},{"not_picked":["Multi-Cast","Hyperbeam"],"picked":"Rainbow","floor":16},{"not_picked":["Beam Cell","Steam Power"],"picked":"Double Energy+1","floor":18},{"not_picked":["Beam Cell","Turbo"],"picked":"Go for the Eyes","floor":19},{"not_picked":["Double Energy","Melter","Ball Lightning"],"picked":"SKIP","floor":20},{"not_picked":["Steam+1","Melter"],"picked":"Hologram","floor":22}],"player_experience":90489,"relics_obtained":[{"floor":5,"key":"Orichalcum"},{"floor":7,"key":"PreservedInsect"},{"floor":9,"key":"Bag of Preparation"},{"floor":10,"key":"DataDisk"},{"floor":12,"key":"Letter Opener"}],"event_choices":[{"cards_removed":["Strike_B"],"damage_healed":0,"gold_gain":0,"player_choice":"Card Removal","damage_taken":0,"max_hp_gain":0,"max_hp_loss":0,"event_name":"The Cleric","floor":2,"gold_loss":50},{"damage_healed":0,"gold_gain":75,"player_choice":"Gather Gold","damage_taken":11,"max_hp_gain":0,"max_hp_loss":0,"event_name":"World of Goop","floor":3,"gold_loss":0},{"damage_healed":0,"gold_gain":0,"player_choice":"","damage_taken":6,"max_hp_gain":0,"max_hp_loss":0,"event_name":"Knowing Skull","floor":21,"potions_obtained":[],"gold_loss":0,"cards_obtained":[]}],"is_beta":true,"boss_relics":[{"not_picked":["Fusion Hammer","Tiny House"],"picked":"Nuclear Battery"}],"items_purged_floors":[],"is_endless":false,"potions_floor_spawned":[1,10,12,16,20,22],"killed_by":"Slavers","ascension_level":4}}