{"host":"0luxfixkkfk9wck3","time":1613373646,"event":{"mods":["BaseMod","DeckTracker","Downfall","Highlight Path","Minty Spire (QoL Compilation)","StSLib"],"gold_per_floor":[99,114,214,314,325,24,24,24,24,42,42,56,56,82,101,204,204,204,219,219,230,240,240,240,190,200,215,246,246,265,275,294,396,396,296,315,315,326,338,238,283,300,311,311,311,327,327,20,40,40],"floor_reached":51,"language":"ENG","playtime":9194,"items_purged":[],"score":956,"play_id":"00ee3201-bab1-402c-b418-1a0cecc85478","local_time":"20210215012046","is_ascension_mode":true,"campfire_choices":[{"data":"Slimebound:Split","floor":1,"key":"SMITH"},{"data":"Slimebound:MassFeed","floor":9,"key":"SMITH"},{"data":"Slimebound:SpikyOuterGoop","floor":11,"key":"SMITH"},{"data":"Slimebound:Recollect","floor":13,"key":"SMITH"},{"data":"Slimebound:FirmFortitude","floor":18,"key":"SMITH"},{"data":"Slimebound:CorrosiveSpit","floor":23,"key":"SMITH"},{"floor":35,"key":"RECALL"},{"data":"Slimebound:TagTeam","floor":40,"key":"SMITH"},{"floor":45,"key":"REST"},{"data":"Slimebound:SelfFormingGoo","floor":47,"key":"SMITH"}],"circlet_count":0,"master_deck":["Slimebound:Strike_Slimebound","Slimebound:Strike_Slimebound","Slimebound:Tackle","Slimebound:Defend_Slimebound","Slimebound:Defend_Slimebound","Slimebound:Defend_Slimebound","Slimebound:Defend_Slimebound","Slimebound:Split+1","Slimebound:CorrosiveSpit+1","Slimebound:Repurpose","Slimebound:SplitSpecialist","Slimebound:MassFeed+1","Slimebound:SpikyOuterGoop+1","Slimebound:Recollect+1","Slimebound:Prepare","Slimebound:FirmFortitude+1","Slimebound:RejuvenatingLick+1","Necronomicurse","Slimebound:GoopSpray+1","Slimebound:SplitAcid","Slimebound:Prepare","Slimebound:SelfFormingGoo+1","Slimebound:GrowthPunch","Slimebound:Nibble","Slimebound:ItLooksTasty+1","Slimebound:Schlurp","Slimebound:TagTeam+1","Slimebound:SlimeBarrage","Slimebound:Gluttony+1","Slimebound:SlimeBarrage+1","Slimebound:SplitMire","Finesse","Slimebound:RallyTheTroops"],"relics":["Slimebound:AbsorbEndCombatUpgraded","Boot","Incense Burner","bronze:BronzeIdol","PreservedInsect","sneckomod:SneckoTalon","Necronomicon","hexamod:CandleOfCauterizing","Slimebound:SlimedTailRelic","downfall:HeartBlessingBlue","downfall:HeartBlessingRed","Bag of Preparation","Pen Nib"],"acts_visited":["Exordium","TheCity","TheBeyond"],"potions_floor_usage":[14,19,26,28,33,50,50,50],"damage_taken":[{"damage":0,"enemies":"Small Slimes","floor":2,"turns":5},{"damage":3,"enemies":"Jaw Worm","floor":5,"turns":4},{"damage":0,"enemies":"downfall:FleeingMerchant","floor":6,"turns":4},{"damage":7,"enemies":"Cultist","floor":10,"turns":4},{"damage":0,"enemies":"Exordium Wildlife","floor":12,"turns":3},{"damage":8,"enemies":"3 Sentries","floor":14,"turns":6},{"damage":2,"enemies":"Large Slime","floor":15,"turns":6},{"damage":6,"enemies":"DF_ARCHETYPE_STREAMLINE","floor":16,"turns":12},{"damage":23,"enemies":"Spheric Guardian","floor":19,"turns":5},{"damage":7,"enemies":"Chosen","floor":21,"turns":5},{"damage":10,"enemies":"Centurion and Healer","floor":22,"turns":8},{"damage":9,"enemies":"Shelled Parasite and Fungi","floor":26,"turns":6},{"damage":15,"enemies":"Chosen and Byrds","floor":27,"turns":5},{"damage":18,"enemies":"Book of Stabbing","floor":28,"turns":5},{"damage":4,"enemies":"3 Cultists","floor":30,"turns":5},{"damage":6,"enemies":"Shelled Parasite and Fungi","floor":31,"turns":5},{"damage":14,"enemies":"Snake Plant","floor":32,"turns":4},{"damage":44,"enemies":"IC_MUSHROOM_ARCHETYPE","floor":33,"turns":11},{"damage":1,"enemies":"3 Shapes","floor":36,"turns":4},{"damage":24,"enemies":"Orb Walker","floor":38,"turns":6},{"damage":15,"enemies":"Maw","floor":39,"turns":7},{"damage":17,"enemies":"Writhing Mass","floor":42,"turns":5},{"damage":24,"enemies":"Spire Growth","floor":43,"turns":5},{"damage":0,"enemies":"Sphere and 2 Shapes","floor":46,"turns":2},{"damage":0,"enemies":"downfall:FleeingMerchant","floor":48,"turns":4},{"damage":17,"enemies":"4 Shapes","floor":49,"turns":3},{"damage":52,"enemies":"WA_ARCHETYPE_DIVINITY","floor":50,"turns":12}],"seed_played":"-7086834087084941882","potions_obtained":[{"floor":10,"key":"champ:CounterPotion"},{"floor":14,"key":"Weak Potion"},{"floor":15,"key":"Explosive Potion"},{"floor":16,"key":"SpeedPotion"},{"floor":19,"key":"Fruit Juice"},{"floor":21,"key":"BlessingOfTheForge"},{"floor":30,"key":"EssenceOfSteel"},{"floor":31,"key":"Dexterity Potion"},{"floor":33,"key":"Explosive Potion"},{"floor":49,"key":"Slimebound:SlimyTonguePotion"}],"is_trial":false,"path_per_floor":["R","M","?","?","M","$","T","?","R","M","R","M","R","E","M","B",null,"R","M","?","M","M","R","T","?","M","M","E","T","M","M","M","B",null,"R","M","?","M","M","R","T","M","M","?","R","M","R","?","M","B",null],"character_chosen":"SLIMEBOUND","items_purchased":["Incense Burner","Pen Nib","Finesse","Strength Potion"],"campfire_rested":1,"item_purchase_floors":[6,48,48,48],"current_hp_per_floor":[59,65,65,65,65,65,65,65,65,62,62,64,64,60,64,66,68,68,56,40,43,41,41,41,71,74,65,49,49,51,53,39,3,65,75,91,91,76,77,77,77,79,67,67,100,100,100,112,105,72],"gold":40,"neow_bonus":"RANDOM_COMMON_RELIC","is_daily":false,"chose_seed":false,"campfire_upgraded":8,"win_rate":0.0,"timestamp":1613373646,"path_taken":["R","M","?","?","M","$","T","?","R","?","R","M","R","E","M","BOSS","R","M","?","M","M","R","T","?","M","M","E","?","M","M","M","BOSS","R","M","?","?","M","R","T","M","M","?","R","M","R","?","M","BOSS"],"items_purchased_type":["Relic","Relic","Card","Potion"],"build_version":"2020-12-22","purchased_purges":0,"victory":true,"max_hp_per_floor":[65,65,65,65,65,65,65,65,65,65,65,65,65,69,69,69,69,69,74,74,78,78,78,78,78,82,82,82,82,82,86,86,86,86,96,104,104,104,108,108,108,112,112,112,112,112,112,112,116,120],"card_choices":[{"not_picked":["Slimebound:GoopTackle","Slimebound:FlameTackle"],"picked":"Slimebound:Repurpose","floor":2},{"not_picked":["Slimebound:PressTheAttack","Slimebound:ViciousTackle"],"picked":"Slimebound:SplitSpecialist","floor":5},{"not_picked":["Slimebound:SpikyOuterGoop","Slimebound:ComboTackle"],"picked":"Slimebound:MassFeed","floor":6},{"not_picked":["Slimebound:TongueLash","Slimebound:ItLooksTasty"],"picked":"Slimebound:SpikyOuterGoop","floor":10},{"not_picked":["Slimebound:ForwardTackle","Slimebound:Grow"],"picked":"Slimebound:Recollect","floor":12},{"not_picked":["Slimebound:SlimeSpikes","Slimebound:DivideAndConquer"],"picked":"Slimebound:Prepare","floor":14},{"not_picked":["Slimebound:ForwardTackle","Slimebound:ComboTackle","Slimebound:HungryTackle"],"picked":"SKIP","floor":15},{"not_picked":["Slimebound:SlimeSlap","Slimebound:LeechLife"],"picked":"Slimebound:FirmFortitude","floor":16},{"not_picked":["Slimebound:Recollect","Slimebound:PressTheAttack"],"picked":"Slimebound:RejuvenatingLick+1","floor":19},{"not_picked":["Slimebound:PressTheAttack+1","Slimebound:LeechingTouch+1"],"picked":"Slimebound:GoopSpray+1","floor":21},{"not_picked":["Slimebound:Chomp","Slimebound:LeechEnergy+1"],"picked":"Slimebound:SplitAcid","floor":22},{"not_picked":["Slimebound:SlimeTap","Slimebound:HungryTackle"],"picked":"Slimebound:Prepare","floor":26},{"not_picked":["Slimebound:FormOfPuddle","Slimebound:DivideAndConquer"],"picked":"Slimebound:SelfFormingGoo","floor":27},{"not_picked":["Slimebound:LeechEnergy","Slimebound:ForwardTackle+1"],"picked":"Slimebound:GrowthPunch","floor":28},{"not_picked":["Slimebound:Equalize","Slimebound:GrowthPunch"],"picked":"Slimebound:Nibble","floor":30},{"not_picked":["Slimebound:PressTheAttack","Slimebound:TongueLash"],"picked":"Slimebound:ItLooksTasty+1","floor":31},{"not_picked":["Slimebound:ItLooksTasty+1","Slimebound:GoopSpray"],"picked":"Slimebound:Schlurp","floor":32},{"not_picked":["Slimebound:DouseInSlime","Slimebound:FirmFortitude"],"picked":"Slimebound:TagTeam","floor":33},{"not_picked":["Slimebound:ItLooksTasty","Slimebound:SplitMire"],"picked":"Slimebound:SlimeBarrage","floor":36},{"not_picked":["Slimebound:FormOfPuddle","Slimebound:RollThrough","Slimebound:HauntingLick"],"picked":"SKIP","floor":38},{"not_picked":["Slimebound:HauntingLick+1","Slimebound:FlameTackle+1"],"picked":"Slimebound:Gluttony+1","floor":39},{"not_picked":["Slimebound:PressTheAttack","Slimebound:GoopSpray+1","Slimebound:ComboTackle"],"picked":"SKIP","floor":42},{"not_picked":["Slimebound:SplitBruiser+1","Slimebound:GrowthPunch"],"picked":"Slimebound:SlimeBarrage+1","floor":43},{"not_picked":["Slimebound:SplitBruiser+1","Slimebound:RollThrough","Slimebound:SplitMire+1"],"picked":"SKIP","floor":46},{"not_picked":["Slimebound:SlimeSpikes+1","Slimebound:MegaLick"],"picked":"Slimebound:SplitMire","floor":48},{"not_picked":["Slimebound:Replication","Slimebound:TongueLash+1"],"picked":"Slimebound:RallyTheTroops","floor":49}],"player_experience":11880459,"relics_obtained":[{"floor":7,"key":"bronze:BronzeIdol"},{"floor":14,"key":"PreservedInsect"},{"floor":20,"key":"Necronomicon"},{"floor":24,"key":"hexamod:CandleOfCauterizing"},{"floor":28,"key":"Slimebound:SlimedTailRelic"},{"floor":41,"key":"Bag of Preparation"}],"event_choices":[{"cards_removed":["Slimebound:Strike_Slimebound"],"damage_healed":0,"gold_gain":0,"player_choice":"Card Removal","damage_taken":0,"max_hp_gain":0,"max_hp_loss":0,"event_name":"Wheel of Change","floor":8,"gold_loss":0},{"damage_healed":0,"gold_gain":0,"player_choice":"Ignored","damage_taken":0,"max_hp_gain":0,"max_hp_loss":0,"event_name":"Mysterious Sphere","floor":44,"gold_loss":0}],"is_beta":false,"boss_relics":[{"not_picked":["SlaversCollar","Calling Bell"],"picked":"sneckomod:SneckoTalon"},{"not_picked":["bronze:MakeshiftBattery","Runic Dome"],"picked":"Slimebound:AbsorbEndCombatUpgraded"}],"items_purged_floors":[],"is_endless":false,"potions_floor_spawned":[10,14,15,16,19,21,30,31,33,39,46,49],"ascension_level":9}}