{"host":"gk9qdtkqd8dwfeg2","time":1613390336,"event":{"mods":["Act Like it!","Aspiration","BaseMod","Colored Powertips","Gensokyo","Minty Spire (QoL Compilation)","Quick Restart","Replay The Spire","Shop Mod","StSLib","TestMod","The Servant 0.9.4","Waifu the Spire","WarShipGirlsR/战舰少女R mod"],"gold_per_floor":[117,117,47,75,93,93,128,128,176,210,221,250,52,80,80,154,154,168,168,182,182,282,310,320,354,377,377,412,144,192,64,64,182,182,206,206,1205,1438,827,827,895,926,926,926,926,985,483,533,533,630,657,657,657,107,166,256],"floor_reached":57,"language":"ZHS","playtime":2526,"items_purged":["Strike_G","Languid","Sickly","Replay:Bag of Tricks"],"score":3676,"play_id":"5e938b79-8f4c-4932-8e3c-41743d400be1","local_time":"20210215195856","is_ascension_mode":true,"campfire_choices":[{"data":"Dagger Spray","floor":6.0,"key":"SMITH"},{"data":"Adrenaline","floor":15.0,"key":"SMITH"},{"data":"Adrenaline","floor":27.0,"key":"SMITH"},{"data":"testmod-BackupPower","floor":32.0,"key":"SMITH"},{"floor":40.0,"key":"RECALL"},{"data":"Acrobatics","floor":49,"key":"SMITH"},{"data":"Adrenaline","floor":53,"key":"SMITH"}],"circlet_count":0,"master_deck":["AscendersBane","Strike_G","Strike_G+1","Defend_G","Defend_G+1","Survivor","Neutralize","Skewer","Pot Of Greed","Pot Of Greed","ReplayTheSpireMod:Scrap Shanks","Adrenaline+1","Tactician","Adrenaline+1","Escape Plan+1","Gensokyo:SlitMouthedWoman","Prepared","Die Die Die","Hidden Blade","ReplayTheSpireMod:Brewmster","testmod-BackupPower+1","ReplayTheSpireMod:Private Reserves","Burst","Adrenaline+1","Acrobatics+1","Venomology","Footwork+1"],"relics":["Ring of the Snake","testmod-TestBox","testmod-HeartOfStrike","NeowsBlessing","Gensokyo:Justice","Bag of Preparation","Toy Ornithopter","ReplayTheSpireMod:Shallot","MerchantsRug","Iron Hammer","aspiration:ServantSkillbook","Oddly Smooth Stone","testmod-InjuryResistance","Incense Burner","White Beast Statue","testmod-Acrobat","Vajra","testmod-TurbochargingSystem","ReplayTheSpireMod:ShopPack","InkBottle","Smiling Mask","Orichalcum","testmod-AssaultLearning","Lee\u0027s Waffle","Happy Flower","Replay:Baseball","Strawberry","aspiration:ChemicalBlood","Ancient Tea Set","Cauldron","Frozen Egg 2","Akabeko","aspiration:Lifesprig","Frozen Eye","StoneCalendar"],"acts_visited":["Exordium","Gensokyo:Gensokyo","Gensokyo:Gensokyoer","TheEnding"],"potions_floor_usage":[48,48,48,50,51,55,55,55,56,56,56,56,56,56,56,56,56,56,56,56],"damage_taken":[{"damage":0.0,"enemies":"Gensokyo:Python","floor":1.0,"turns":1.0},{"damage":0.0,"enemies":"Gensokyo:Mamizou","floor":4.0,"turns":1.0},{"damage":0.0,"enemies":"Gensokyo:Gryphon","floor":5.0,"turns":1.0},{"damage":4.0,"enemies":"Gensokyo:Aya","floor":7.0,"turns":4.0},{"damage":0.0,"enemies":"Gensokyo:Cirno","floor":10.0,"turns":4.0},{"damage":0.0,"enemies":"Gensokyo:2_Kodama","floor":11.0,"turns":1.0},{"damage":1.0,"enemies":"Gensokyo:Aya","floor":12.0,"turns":4.0},{"damage":0.0,"enemies":"Gensokyo:Cirno","floor":14.0,"turns":4.0},{"damage":26.0,"enemies":"Gensokyo:Yukari","floor":16.0,"turns":6.0},{"damage":0.0,"enemies":"Gensokyo:AngelMirror","floor":18.0,"turns":1.0},{"damage":0.0,"enemies":"Gensokyo:2_Gloops","floor":20.0,"turns":3.0},{"damage":0.0,"enemies":"Gensokyo:2_Gloops","floor":22.0,"turns":3.0},{"damage":4.0,"enemies":"Gensokyo:Koishi","floor":23.0,"turns":3.0},{"damage":15.0,"enemies":"Gensokyo:Slime_Group","floor":24.0,"turns":3.0},{"damage":0.0,"enemies":"Gensokyo:Tenshi","floor":25.0,"turns":3.0},{"damage":0.0,"enemies":"Gensokyo:Reisen","floor":28.0,"turns":3.0},{"damage":0.0,"enemies":"Gensokyo:Koishi","floor":30.0,"turns":3.0},{"damage":28.0,"enemies":"Gensokyo:Eternal_Rivals","floor":33.0,"turns":8.0},{"damage":0.0,"enemies":"Gensokyo:3_Boulders","floor":35.0,"turns":3.0},{"damage":0.0,"enemies":"Gensokyo:3_Bats","floor":38.0,"turns":2.0},{"damage":0.0,"enemies":"Gensokyo:Marisa","floor":41.0,"turns":1.0},{"damage":0.0,"enemies":"Gensokyo:3_Boulders","floor":42.0,"turns":1.0},{"damage":0,"enemies":"Gensokyo:Doremy","floor":46,"turns":1},{"damage":0,"enemies":"Gensokyo:Kasen","floor":48,"turns":1},{"damage":0,"enemies":"Gensokyo:Scarlet_Devils","floor":50,"turns":1},{"damage":0,"enemies":"Gensokyo:Yuyuko","floor":51,"turns":1},{"damage":0,"enemies":"Shield and Spear","floor":55,"turns":1},{"damage":0,"enemies":"The Heart","floor":56,"turns":5}],"seed_played":"3922515454040087755","potions_obtained":[{"floor":1.0,"key":"Swift Potion"},{"floor":5.0,"key":"Adrenaline Potion"},{"floor":16.0,"key":"testmod-SpacePotion"},{"floor":18.0,"key":"Milkshake"},{"floor":22.0,"key":"Death Potion"},{"floor":24.0,"key":"Fire Potion"},{"floor":25.0,"key":"SmokeBomb"},{"floor":28.0,"key":"Dexterity Potion"},{"floor":30.0,"key":"AttackPotion"},{"floor":33.0,"key":"SmokeBomb"},{"floor":35.0,"key":"Energy Potion"},{"floor":41.0,"key":"SkillPotion"},{"floor":42.0,"key":"testmod-SpacePotion"},{"floor":46,"key":"SpeedPotion"},{"floor":47,"key":"Swift Potion"},{"floor":47,"key":"Dexterity Potion"},{"floor":47,"key":"ColorlessPotion"},{"floor":47,"key":"Ancient Potion"},{"floor":47,"key":"FearPotion"},{"floor":48,"key":"Weak Potion"},{"floor":55,"key":"Adrenaline Potion"}],"is_trial":false,"path_per_floor":["M","?","?","?","M","R","E","T","T","E","M","E","$","E","R","B",null,"M","?","M","?","?","E","M","E","T","R","E","$","E","COS","R","B",null,"M","?","?","M","$","R","E","M","T","?","?","E","$","E","R","B","B",null,"R","$","E","B",null],"character_chosen":"THE_SILENT","items_purchased":["MerchantsRug","Adrenaline","testmod-SpacePotion","ReplayTheSpireMod:ShopPack","Orichalcum","testmod-AssaultLearning","Lee\u0027s Waffle","Acrobatics","Strength Potion","aspiration:ChemicalBlood","Ancient Tea Set","Cauldron","Elixir","Akabeko","aspiration:Lifesprig","Frozen Eye"],"campfire_rested":0,"item_purchase_floors":[13,13,29,29,39,39,39,39,39,47,47,47,47,54,54,54],"current_hp_per_floor":[59,59,59,59,59,59,55,55,55,60,60,59,59,59,59,33,58,63,59,59,54,54,50,35,40,40,40,40,45,45,45,45,51,53,53,53,53,53,61,61,61,61,61,61,61,68,68,68,68,68,68,68,68,68,68,68],"gold":256,"neow_bonus":"THREE_ENEMY_KILL","is_daily":false,"chose_seed":false,"campfire_upgraded":6,"win_rate":0.0,"timestamp":1613390336,"path_taken":["M","?","?","?","M","R","E","?","T","E","M","E","$","E","R","BOSS","M","?","M","?","?","E","M","E","T","R","E","?","E","COS","R","BOSS","M","?","?","M","$","R","E","M","T","?","?","E","?","E","R","BOSS","BOSS","R","$","E","BOSS"],"items_purchased_type":["Relic","Card","Potion","Relic","Relic","Relic","Relic","Card","Potion","Relic","Relic","Relic","Potion","Relic","Relic","Relic"],"build_version":"2020-12-22","purchased_purges":4,"victory":true,"max_hp_per_floor":[66,66,66,66,66,66,66,66,66,66,66,66,66,66,66,66,66,66,59,59,54,54,54,54,54,54,54,54,54,54,54,54,54,54,54,54,54,54,61,61,61,61,61,61,61,68,68,68,68,68,68,68,68,68,68,68],"card_choices":[{"not_picked":["Outmaneuver","Accuracy"],"picked":"Tactician","floor":1.0},{"not_picked":["PiercingWail","ReplayTheSpireMod:Shiv Toss"],"picked":"Skewer","floor":4.0},{"not_picked":["Caltrops","All Out Attack"],"picked":"Dagger Spray","floor":5.0},{"not_picked":["Noxious Fumes","Accuracy","Underhanded Strike"],"picked":"SKIP","floor":7.0},{"not_picked":["ReplayTheSpireMod:The Works","Expertise","Malaise"],"picked":"SKIP","floor":10.0},{"not_picked":["PiercingWail","Deadly Poison","Deflect"],"picked":"SKIP","floor":11.0},{"not_picked":["ReplayTheSpireMod:Shiv Toss","Flechettes"],"picked":"ReplayTheSpireMod:Scrap Shanks","floor":12.0},{"not_picked":["Expertise","Bane"],"picked":"Tactician","floor":14.0},{"not_picked":["A Thousand Cuts","Poison Darts"],"picked":"Adrenaline","floor":16.0},{"not_picked":["Predator","Outmaneuver","Fluid Movement"],"picked":"Escape Plan+1","floor":18.0},{"not_picked":["Gensokyo:EightFeetTall","Gensokyo:Doppelganger","Gensokyo:SevenSchoolMysteries"],"picked":"Gensokyo:SlitMouthedWoman","floor":19.0},{"not_picked":["Bane","Poisoned Stab","Quick Slash+1","Slice"],"picked":"SKIP","floor":20.0},{"not_picked":["Dagger Spray","Dagger Throw","Cloak And Dagger"],"picked":"Replay:Bag of Tricks","floor":22.0},{"not_picked":["Finisher+1","PiercingWail","Backflip","Dodge and Roll"],"picked":"SKIP","floor":23.0},{"not_picked":["Heel Hook","Deflect+1","Underhanded Strike"],"picked":"Prepared","floor":24.0},{"not_picked":["Backflip","Dash","ReplayTheSpireMod:Speed Training"],"picked":"Die Die Die","floor":25.0},{"not_picked":["Replay:Poison Smokescreen","Escape Plan+1","Finisher"],"picked":"Hidden Blade","floor":28.0},{"not_picked":["testmod-TaurusBlackCat","Chrysalis","testmod-BloodBlade"],"picked":"ReplayTheSpireMod:Brewmster","floor":29.0},{"not_picked":["Specialist","testmod-DeathImprint","Trip"],"picked":"testmod-BackupPower","floor":29.0},{"not_picked":["Metamorphosis","Violence","Mind Blast"],"picked":"ReplayTheSpireMod:Private Reserves","floor":29.0},{"not_picked":["Leg Sweep","Skewer","Dagger Spray","Slice"],"picked":"SKIP","floor":30.0},{"not_picked":["aspiration:Lunge","ReplayTheSpireMod:Necrosis","Bullet Time"],"picked":"Burst","floor":33.0},{"not_picked":["ReplayTheSpireMod:From All Sides","Poison Darts","ReplayTheSpireMod:Necrosis"],"picked":"Adrenaline","floor":35.0},{"not_picked":["Outmaneuver","Dagger Spray","Deadly Poison+1","Quick Slash+1"],"picked":"SKIP","floor":35.0},{"not_picked":["Hidden Blade","PiercingWail","Masterful Stab","Endless Agony"],"picked":"SKIP","floor":38.0},{"not_picked":["ReplayTheSpireMod:Exploit Weakness","Setup","Dagger Spray+1","Terror"],"picked":"SKIP","floor":41.0},{"not_picked":["Predator","Finisher+1","Expertise","Prepared"],"picked":"SKIP","floor":42.0},{"not_picked":[],"picked":"Venomology","floor":44.0},{"not_picked":["Poisoned Stab","Hidden Blade","Sucker Punch","Malaise"],"picked":"SKIP","floor":46},{"not_picked":["Caltrops+1","Deflect","Underhanded Strike"],"picked":"Footwork+1","floor":48},{"not_picked":["Outmaneuver","ReplayTheSpireMod:The Works","Cloak And Dagger+1","Sucker Punch"],"picked":"SKIP","floor":55}],"player_experience":734420,"relics_obtained":[{"floor":4.0,"key":"Bag of Preparation"},{"floor":7.0,"key":"Replay:Bottled Snecko"},{"floor":8.0,"key":"Grinning Jar"},{"floor":9.0,"key":"Toy Ornithopter"},{"floor":10.0,"key":"ReplayTheSpireMod:Shallot"},{"floor":12.0,"key":"Snake Skull"},{"floor":14.0,"key":"Iron Hammer"},{"floor":22.0,"key":"testmod-InjuryResistance"},{"floor":22.0,"key":"Incense Burner"},{"floor":23.0,"key":"White Beast Statue"},{"floor":25.0,"key":"testmod-Acrobat"},{"floor":26.0,"key":"Vajra"},{"floor":28.0,"key":"testmod-TurbochargingSystem"},{"floor":30.0,"key":"InkBottle"},{"floor":41.0,"key":"Happy Flower"},{"floor":46,"key":"Strawberry"},{"floor":48,"key":"Frozen Egg 2"},{"floor":55,"key":"StoneCalendar"}],"event_choices":[{"damage_healed":0.0,"max_hp_gain":0.0,"max_hp_loss":0.0,"gold_gain":999.0,"event_name":"恩洛斯的盘子","player_choice":"Sell","floor":37.0,"relics_lost":["Kintsugi"],"gold_loss":0.0,"damage_taken":0.0}],"is_beta":false,"boss_relics":[{"not_picked":["testmod-PortableAltar","ReplayTheSpireMod:DimensionalGlitch"],"picked":"aspiration:ServantSkillbook"},{"not_picked":["ChewingGum","Painkiller Herb"],"picked":"Kintsugi"}],"items_purged_floors":[29,39,47,54],"is_endless":false,"potions_floor_spawned":[1,5,7,16,18,22,23,24,25,28,30,33,35,38,41,42,46,48,55],"ascension_level":20}}