{"host":"txkfiivlze3i6jrn","time":1613360709,"event":{"mods":["100% Spire Juice","Act Like it!","Ascension Reborn","BaseMod","BetterRewards","Block Reminder","Colored Map","Gensokyo","Hallownest","Hermit","Hubris","Mimic Mod","Minty Spire (QoL Compilation)","StSLib","SuperFastMode","TheHero","Treasure Hunter"],"gold_per_floor":[110,6,18,18,31,31,59,59,59,59,77,87,87,87],"floor_reached":13,"language":"ENG","playtime":781,"items_purged":[],"score":87,"play_id":"55721c51-f119-4dde-90e8-5b4fa8d52694","local_time":"20210214224509","is_ascension_mode":true,"campfire_choices":[{"data":"Moonworks:BigMagnum","floor":6,"key":"SMITH"},{"data":"Moonworks:ImOnFire","floor":8,"key":"SMITH"}],"circlet_count":0,"master_deck":["Moonworks:Strike","Moonworks:Strike","Moonworks:Strike","Moonworks:Strike","Moonworks:Defend","Moonworks:Defend","Moonworks:Defend","Moonworks:Defend","Moonworks:Ambush","Moonworks:SakisCookie","Moonworks:ForcedRevival","Moonworks:BigMagnum+1","Moonworks:DeployBits","Moonworks:ImOnFire+1","Moonworks:CompletionReward","Moonworks:Gamble"],"relics":["Moonworks:BrokenBomb","Moonworks:Homemark","NeowsBlessing","Ice Cream","Shuriken","Juzu Bracelet"],"acts_visited":["Exordium"],"potions_floor_usage":[11],"damage_taken":[{"damage":0,"enemies":"2 Louse","floor":1,"turns":1},{"damage":0,"enemies":"Cultist","floor":2,"turns":1},{"damage":0,"enemies":"Jaw Worm","floor":3,"turns":1},{"damage":5,"enemies":"3 Louse","floor":5,"turns":4},{"damage":7,"enemies":"3 Sentries","floor":7,"turns":5},{"damage":12,"enemies":"2 Fungi Beasts","floor":11,"turns":3},{"damage":10,"enemies":"Looter","floor":12,"turns":3},{"damage":999,"enemies":"Gremlin Nob","floor":13,"turns":2}],"seed_played":"-9060564387787648257","potions_obtained":[{"floor":5,"key":"PowerPotion"},{"floor":7,"key":"SkillPotion"},{"floor":11,"key":"SteroidPotion"}],"is_trial":false,"path_per_floor":["M","M","M","?","M","R","E","R","T","?","M","M","E"],"character_chosen":"THE_STARBREAKER","items_purchased":[],"campfire_rested":0,"item_purchase_floors":[],"current_hp_per_floor":[60,60,60,60,60,60,58,58,58,55,48,43,0,0],"gold":87,"neow_bonus":"THREE_ENEMY_KILL","is_daily":false,"chose_seed":false,"campfire_upgraded":2,"win_rate":0.0,"timestamp":1613360709,"path_taken":["M","M","M","?","?","R","E","R","T","?","M","M","E"],"items_purchased_type":[],"build_version":"2020-12-22","purchased_purges":0,"victory":false,"max_hp_per_floor":[60,60,60,60,60,60,60,60,60,60,60,60,60,60],"card_choices":[{"not_picked":["Moonworks:IndiscriminateFireSupport","Moonworks:Assault"],"picked":"Moonworks:SakisCookie","floor":1},{"not_picked":["Moonworks:EvilSpyWorkPreparation","Moonworks:Dinner"],"picked":"Moonworks:ForcedRevival","floor":2},{"not_picked":["Moonworks:SakisCookie","Moonworks:SealedMemories"],"picked":"Moonworks:BigMagnum","floor":3},{"not_picked":["Moonworks:Bloodlust","Moonworks:EvilSpyWorkPreparation"],"picked":"Moonworks:DeployBits","floor":5},{"not_picked":["Moonworks:CookingTime","Moonworks:LulusLuckyEgg"],"picked":"Moonworks:ImOnFire","floor":7},{"not_picked":["TH:BikiniMail","TH:TreasureMap"],"picked":"SKIP","floor":7},{"not_picked":["TH:TreasureMap","TH:CopperCoins"],"picked":"SKIP","floor":9},{"not_picked":["Moonworks:BeyondHell","Moonworks:UnluckyCharm"],"picked":"Moonworks:CompletionReward","floor":11},{"not_picked":["Moonworks:JonathanRush","Moonworks:IndiscriminateFireSupport"],"picked":"Moonworks:Gamble","floor":12}],"player_experience":141867,"relics_obtained":[{"floor":7,"key":"Ice Cream"},{"floor":9,"key":"Shuriken"}],"event_choices":[{"cards_removed":["Moonworks:LongDistanceShot"],"damage_healed":0,"gold_gain":0,"player_choice":"Offered Basic","damage_taken":0,"max_hp_gain":0,"max_hp_loss":0,"event_name":"Bonfire Elementals","floor":4,"gold_loss":0},{"damage_healed":0,"gold_gain":0,"player_choice":"Success","damage_taken":3,"relics_obtained":["Juzu Bracelet"],"max_hp_gain":0,"max_hp_loss":0,"event_name":"Scrap Ooze","floor":10,"gold_loss":0}],"is_beta":false,"boss_relics":[],"items_purged_floors":[],"is_endless":false,"potions_floor_spawned":[5,7,11],"killed_by":"Gremlin Nob","ascension_level":0}}