{"host":"gsu59bb6ixcbb7gk","time":1613424525,"event":{"mods":["BaseMod","Colored Powertips","Googly Eyes","Infinite Spire","Minty Spire (QoL Compilation)","Replay The Spire","StSLib"],"gold_per_floor":[112,129,129,40,40,75,75,100,123,155,172,192,223,240,240,345,345,360,360,379,379,391,417,432,442,468,468,485,485,504,414,414,510,510,524,524,524,535,552,552,39,52,75,75,75],"floor_reached":44,"language":"ENG","playtime":3185,"items_purged":["Reprogram","ReplayTheSpireMod:Doomed"],"score":538,"play_id":"3b21c6d5-a5d1-4ed2-ae9b-9c95cf4f7ba8","local_time":"20210215162845","is_ascension_mode":true,"campfire_choices":[{"data":"ReplayTheSpireMod:Chaos Vortex","floor":7.0,"key":"SMITH"},{"floor":15.0,"key":"REST"},{"floor":29.0,"key":"REST"},{"floor":32.0,"key":"REST"},{"floor":40,"key":"REST"}],"circlet_count":0,"master_deck":["Strike_B","Strike_B","Strike_B","Strike_B+1","Defend_B","Defend_B","Defend_B+1","Zap","Dualcast","Dramatic Entrance","Go for the Eyes","FTL","Turbo","Creative AI","ReplayTheSpireMod:GoodbyeWorld+1","infinitespire:SevenWalls","infinitespire:Oblivion","Machine Learning","Panic Button+1","Chill","White Noise","Echo Form","Injury","Languid","Amplify","Capacitor","Coolheaded","ReplayTheSpireMod:GoodbyeWorld","Rainbow","Lockon+1"],"relics":["Cracked Core","NeowsBlessing","Bronze Scales","infinitespire:Freezer","Replay:Antivirus Software","Bottled Flame","Question Card","Fusion Hammer","The Courier","Smiling Mask","Vajra","Replay:Ancient Bell","PreservedInsect","infinitespire:BottledMercury","Unceasing Top","ReplayTheSpireMod:Lightbulb","BargainBundle","Lantern","Juzu Bracelet"],"acts_visited":["Exordium","TheCity","TheBeyond"],"potions_floor_usage":[39,42,42],"damage_taken":[{"damage":0.0,"enemies":"2 Louse","floor":1.0,"turns":1.0},{"damage":0.0,"enemies":"Small Slimes","floor":2.0,"turns":1.0},{"damage":0.0,"enemies":"Lagavulin","floor":6.0,"turns":1.0},{"damage":12.0,"enemies":"Gremlin Nob","floor":8.0,"turns":4.0},{"damage":0.0,"enemies":"Lagavulin","floor":10.0,"turns":5.0},{"damage":5.0,"enemies":"Cultist","floor":11.0,"turns":3.0},{"damage":0.0,"enemies":"Large Slime","floor":12.0,"turns":5.0},{"damage":7.0,"enemies":"3 Sentries","floor":13.0,"turns":6.0},{"damage":7.0,"enemies":"2 Fungi Beasts","floor":14.0,"turns":1.0},{"damage":19.0,"enemies":"Hexaghost","floor":16.0,"turns":9.0},{"damage":12.0,"enemies":"Shell Parasite","floor":18.0,"turns":7.0},{"damage":12.0,"enemies":"Spheric Guardian","floor":20.0,"turns":5.0},{"damage":14.0,"enemies":"Centurion and Healer","floor":22.0,"turns":7.0},{"damage":13.0,"enemies":"Nightmare","floor":23.0,"turns":8.0},{"damage":1.0,"enemies":"Snecko","floor":24.0,"turns":6.0},{"damage":0.0,"enemies":"Cultist and Chosen","floor":25.0,"turns":4.0},{"damage":9.0,"enemies":"Sentry and Sphere","floor":28.0,"turns":5.0},{"damage":13.0,"enemies":"Snake Plant","floor":30.0,"turns":4.0},{"damage":23.0,"enemies":"Automaton","floor":33.0,"turns":10.0},{"damage":16.0,"enemies":"3 Darklings","floor":35.0,"turns":6.0},{"damage":0.0,"enemies":"3 Shapes","floor":38.0,"turns":4.0},{"damage":53,"enemies":"Spire Growth","floor":39,"turns":6},{"damage":15,"enemies":"Maw","floor":42,"turns":8},{"damage":33,"enemies":"Nemesis","floor":44,"turns":2}],"seed_played":"-3415138526659943842","potions_obtained":[{"floor":1.0,"key":"SpeedPotion"},{"floor":8.0,"key":"Swift Potion"},{"floor":10.0,"key":"Dexterity Potion"},{"floor":16.0,"key":"Block Potion"},{"floor":18.0,"key":"Block Potion"},{"floor":20.0,"key":"PowerPotion"},{"floor":23.0,"key":"Block Potion"},{"floor":28.0,"key":"PowerPotion"},{"floor":30.0,"key":"EntropicBrew"},{"floor":35.0,"key":"Reflective Coating"}],"is_trial":false,"path_per_floor":["M","M","?","$","?","E","R","E","T","E","M","M","E","M","R","B",null,"M","?","M","AVR","M","NM","M","M","T","?","M","R","M","?","R","B",null,"M","?","?","M","M","R","$","M","T","E"],"character_chosen":"DEFECT","items_purchased":["Dramatic Entrance","ReplayTheSpireMod:Lightbulb","BargainBundle","Lantern","Coolheaded","Regen Potion","Block Potion","SteroidPotion","ReplayTheSpireMod:GoodbyeWorld","Rainbow"],"campfire_rested":4,"item_purchase_floors":[4,41,41,41,41,41,41,41,41,41],"current_hp_per_floor":[75,75,75,75,57,57,57,45,45,45,40,40,33,26,48,29,75,63,63,51,51,37,24,23,23,23,23,14,36,23,23,45,22,75,59,59,59,59,6,28,28,28,28,0,0],"gold":75,"neow_bonus":"THREE_ENEMY_KILL","is_daily":false,"chose_seed":false,"campfire_upgraded":1,"win_rate":0.0,"timestamp":1613424525,"path_taken":["M","M","?","$","?","E","R","E","T","E","M","M","E","M","R","BOSS","M","?","M","AVR","M","NM","M","?","T","?","M","R","M","?","R","BOSS","M","?","?","M","?","R","$","M","T","E"],"items_purchased_type":["Card","Relic","Relic","Relic","Card","Potion","Potion","Potion","Card","Card"],"build_version":"2020-12-22","purchased_purges":2,"victory":false,"max_hp_per_floor":[75,75,75,75,75,75,75,75,75,75,75,75,75,75,75,75,75,75,75,75,75,75,75,75,75,75,75,75,75,75,75,75,75,75,75,75,75,75,75,75,75,75,75,75,75],"card_choices":[{"not_picked":["Panic Button","Self Repair"],"picked":"Beam Cell","floor":1.0},{"not_picked":["Stack","Streamline","Conserve Battery"],"picked":"SKIP","floor":2.0},{"not_picked":["infinitespire:Menacing","ReplayTheSpireMod:Echoes of Time"],"picked":"ReplayTheSpireMod:Chaos Vortex","floor":5.0},{"not_picked":["Hyperbeam","Stack"],"picked":"Go for the Eyes","floor":6.0},{"not_picked":["Compile Driver","Streamline"],"picked":"Reprogram","floor":8.0},{"not_picked":["Steam","Ball Lightning"],"picked":"FTL","floor":10.0},{"not_picked":["Tempest","BasicCrystalCard"],"picked":"Turbo","floor":11.0},{"not_picked":["Turbo","Sweeping Beam","ReplayTheSpireMod:System Scan"],"picked":"SKIP","floor":12.0},{"not_picked":["White Noise","Beam Cell","Echo Form"],"picked":"SKIP","floor":13.0},{"not_picked":["Storm","BootSequence","Hello World","Reinforced Body"],"picked":"SKIP","floor":14.0},{"not_picked":["Echo Form","Fission","Core Surge"],"picked":"Creative AI","floor":16.0},{"not_picked":["Genetic Algorithm","Cold Snap","Consume+1"],"picked":"ReplayTheSpireMod:GoodbyeWorld+1","floor":18.0},{"not_picked":["Cold Snap+1","Go for the Eyes","ReplayTheSpireMod:Reroute Power","Reinforced Body"],"picked":"SKIP","floor":20.0},{"not_picked":["Cold Snap+1","Go for the Eyes","ReplayTheSpireMod:Reroute Power","Reinforced Body"],"picked":"SKIP","floor":20.0},{"not_picked":["Beam Cell","Leap+1","ReplaySolidLightProjector","Redo"],"picked":"SKIP","floor":22.0},{"not_picked":["Go for the Eyes+1","Beam Cell","Hyperbeam"],"picked":"Machine Learning","floor":23.0},{"not_picked":["Chaos","Beam Cell+1","Sweeping Beam"],"picked":"Panic Button+1","floor":24.0},{"not_picked":["Glacier","ReplayTheSpireMod:Reroute Power","Ball Lightning+1"],"picked":"Chill","floor":25.0},{"not_picked":["Steam Power","Ball Lightning","Reprogram"],"picked":"White Noise","floor":28.0},{"not_picked":["Hologram+1","ReplayGash","ReplayTheSpireMod:Calculation Training","Rebound"],"picked":"SKIP","floor":30.0},{"not_picked":["Multi-Cast","ReplayTheSpireMod:Omega Cannon","Meteor Strike"],"picked":"Echo Form","floor":33.0},{"not_picked":["Regret","Voices","Pain"],"picked":"Injury","floor":34.0},{"not_picked":["CurseOfTheBell","Looming Evil","Spreading Infection"],"picked":"Languid","floor":34.0},{"not_picked":["CurseOfTheBell","infinitespire:Pacifist","AbeCurse"],"picked":"ReplayTheSpireMod:Doomed","floor":34.0},{"not_picked":["Sunder","Redo","Cold Snap"],"picked":"Amplify","floor":35.0},{"not_picked":["BasicCrystalCard","Leap","Stack+1"],"picked":"Capacitor","floor":38.0},{"not_picked":["Genetic Algorithm+1","Rebound+1","ReplayGash+1","Panic Button"],"picked":"SKIP","floor":39},{"not_picked":["Melter+1","Sweeping Beam","Reinforced Body+1"],"picked":"Lockon+1","floor":42}],"player_experience":241287,"relics_obtained":[{"floor":6.0,"key":"Bronze Scales"},{"floor":8.0,"key":"infinitespire:Freezer"},{"floor":9.0,"key":"Replay:Antivirus Software"},{"floor":10.0,"key":"Bottled Flame"},{"floor":13.0,"key":"Question Card"},{"floor":23.0,"key":"Smiling Mask"},{"floor":26.0,"key":"Vajra"},{"floor":43,"key":"Juzu Bracelet"}],"event_choices":[{"damage_healed":0.0,"max_hp_gain":0.0,"max_hp_loss":0.0,"gold_gain":0.0,"cards_transformed":["ReplayTheSpireMod:Chaos Vortex"],"event_name":"Transmorgrifier","player_choice":"Transformed","floor":19.0,"gold_loss":0.0,"damage_taken":0.0,"cards_obtained":["infinitespire:SevenWalls"]},{"damage_healed":0.0,"max_hp_gain":0.0,"max_hp_loss":0.0,"gold_gain":0.0,"event_name":"Ghosts","player_choice":"Ignored","floor":27.0,"gold_loss":0.0,"damage_taken":0.0},{"cards_removed":["Beam Cell"],"damage_healed":0.0,"max_hp_gain":0.0,"max_hp_loss":0.0,"gold_gain":0.0,"event_name":"Designer","player_choice":"Upgrade and Remove","floor":31.0,"gold_loss":90.0,"damage_taken":0.0,"cards_upgraded":["Strike_B"]},{"cards_removed":["Defend_B"],"damage_healed":0.0,"max_hp_gain":0.0,"max_hp_loss":0.0,"gold_gain":0.0,"event_name":"Falling","player_choice":"Removed Skill","floor":37.0,"gold_loss":0.0,"damage_taken":0.0}],"is_beta":false,"boss_relics":[{"not_picked":["Ectoplasm","ChewingGum"],"picked":"Fusion Hammer"},{"not_picked":["Coffee Dripper","Velvet Choker"],"picked":"Replay:Ancient Bell"},{"not_picked":["War Paint","Dream Catcher"],"picked":"PreservedInsect"},{"not_picked":["Replay:Bottled Flurry","Mirror"],"picked":"infinitespire:BottledMercury"},{"not_picked":["CaptainsWheel","infinitespire:Golems Mask"],"picked":"Unceasing Top"}],"items_purged_floors":[21,41],"is_endless":true,"potions_floor_spawned":[1,8,10,16,18,20,23,28,30,35],"killed_by":"Nemesis","ascension_level":1}}