{"host":"bakf0s4odzu8z5xt","time":1613370775,"event":{"mods":["2.2 Compatiblity","BaseMod","Downfall","Friendly Minions","Minty Spire (QoL Compilation)","StSLib"],"gold_per_floor":[99,112,127,38,38,38,38,113,131,131,131,131,165,24,44,44,44,44],"floor_reached":16,"language":"ENG","playtime":867,"items_purged":["Slimebound:Tackle"],"score":141,"play_id":"5e561034-6b1b-4e61-b013-a889a1b50800","local_time":"20210215003255","is_ascension_mode":true,"campfire_choices":[{"data":"Slimebound:CorrosiveSpit","floor":1.0,"key":"SMITH"},{"data":"Slimebound:WasteNot","floor":6.0,"key":"SMITH"},{"data":"Slimebound:Gluttony","floor":12,"key":"SMITH"}],"circlet_count":0,"master_deck":["Slimebound:Strike_Slimebound","Slimebound:Strike_Slimebound","Slimebound:Defend_Slimebound","Slimebound:Defend_Slimebound","Slimebound:Defend_Slimebound","Slimebound:Defend_Slimebound","Slimebound:Split","Slimebound:CorrosiveSpit+1","Slimebound:WasteNot+1","Slimebound:Dissolve","Slimebound:SplitMire","Slimebound:ViciousTackle","Slimebound:Gluttony+1","Slimebound:LeadByExample","Slimebound:MegaLick","Slimebound:GrowthPunch","Slimebound:SplitMire","Slimebound:HauntingLick"],"relics":["Slimebound:AbsorbEndCombat","Vajra","downfall:BrokenWingStatue","Potion Belt"],"acts_visited":["Exordium"],"potions_floor_usage":[],"damage_taken":[{"damage":7.0,"enemies":"Jaw Worm","floor":2.0,"turns":4.0},{"damage":0.0,"enemies":"2 Louse","floor":3.0,"turns":1.0},{"damage":0.0,"enemies":"downfall:FleeingMerchant","floor":4.0,"turns":4.0},{"damage":3,"enemies":"Small Slimes","floor":9,"turns":2},{"damage":44,"enemies":"3 Sentries","floor":13,"turns":4},{"damage":6,"enemies":"downfall:FleeingMerchant","floor":14,"turns":4},{"damage":3,"enemies":"Blue Slaver","floor":15,"turns":3},{"damage":50,"enemies":"WA_ARCHETYPE_RETAIN","floor":16,"turns":6}],"seed_played":"913797010977265190","potions_obtained":[{"floor":2.0,"key":"Slimebound:SlimyTonguePotion"}],"is_trial":false,"path_per_floor":["R","M","M","$","?","R","T","?","M","?","?","R","E","$","M","B"],"character_chosen":"SLIMEBOUND","items_purchased":["Slimebound:Gluttony","Slimebound:SplitMire"],"campfire_rested":0,"item_purchase_floors":[4,14],"current_hp_per_floor":[65,60,62,65,70,70,70,70,69,69,69,69,33,31,32,0,0,0],"gold":44,"neow_bonus":"ONE_RANDOM_RARE_CARD","is_daily":false,"chose_seed":false,"campfire_upgraded":3,"win_rate":0.0,"timestamp":1613370775,"path_taken":["R","M","M","$","?","R","T","?","M","?","?","R","E","$","M","BOSS"],"items_purchased_type":["Card","Card"],"build_version":"2020-12-22","purchased_purges":1,"victory":false,"max_hp_per_floor":[65,65,65,65,70,70,70,70,70,70,70,70,70,70,70,70,70,70],"card_choices":[{"not_picked":["Slimebound:FormOfPuddle","Slimebound:GoopTackle"],"picked":"Slimebound:Dissolve","floor":2.0},{"not_picked":["Slimebound:GoopTackle","Slimebound:ServeAndProtect"],"picked":"Slimebound:SplitMire","floor":3.0},{"not_picked":["Slimebound:GoopTackle","Slimebound:TagTeam"],"picked":"Slimebound:ViciousTackle","floor":4.0},{"not_picked":["Slimebound:LeechingTouch","Slimebound:SamplingLick"],"picked":"Slimebound:LeadByExample","floor":9},{"not_picked":["Slimebound:Schlurp","Slimebound:SlimeSpikes"],"picked":"Slimebound:MegaLick","floor":13},{"not_picked":["Slimebound:LeadByExample","Slimebound:PressTheAttack"],"picked":"Slimebound:GrowthPunch","floor":14},{"not_picked":["Slimebound:SplitAcid","Slimebound:ItLooksTasty"],"picked":"Slimebound:HauntingLick","floor":15}],"player_experience":2208767,"relics_obtained":[{"floor":7.0,"key":"Vajra"},{"floor":13,"key":"Potion Belt"}],"event_choices":[{"damage_healed":0.0,"max_hp_gain":5.0,"max_hp_loss":0.0,"gold_gain":0.0,"event_name":"Big Fish","player_choice":"Donut","floor":5.0,"gold_loss":0.0,"damage_taken":0.0},{"cards_removed":["Slimebound:Strike_Slimebound"],"damage_healed":0,"gold_gain":0,"player_choice":"Card Removal","damage_taken":0,"max_hp_gain":0,"max_hp_loss":0,"event_name":"The Cleric","floor":11,"gold_loss":0}],"is_beta":false,"boss_relics":[],"items_purged_floors":[14],"is_endless":false,"potions_floor_spawned":[2],"killed_by":"WA_ARCHETYPE_RETAIN","ascension_level":3}}