{"host":"bz6w3lfmpwgz81o3","time":1613404614,"event":{"mods":["BaseMod","Downfall","Hermit","Minty Spire (QoL Compilation)","StSLib"],"gold_per_floor":[113,131,14,31,41,75,75,75,75,95,95,107,107,136,136,237,237,251,251,262,276,27,27,56,56,56,76,111,131,148,167,167,262,262,280,291,310,310,235,235,266,266,317,336,369,64,80,97,97,97],"floor_reached":51,"language":"ENG","playtime":2192,"items_purged":["Strike_G"],"score":813,"play_id":"3e58d506-beca-4ecb-90d1-7f017a824aad","local_time":"20210215165654","is_ascension_mode":false,"campfire_choices":[{"data":"Crippling Poison","floor":8,"key":"SMITH"},{"data":"Footwork","floor":11,"key":"SMITH"},{"data":"Footwork","floor":13,"key":"SMITH"},{"floor":15,"key":"REST"},{"floor":23,"key":"REST"},{"floor":32,"key":"REST"},{"floor":40,"key":"REST"},{"floor":42,"key":"REST"},{"floor":49,"key":"REST"}],"circlet_count":0,"master_deck":["Strike_G","Strike_G","Defend_G","Defend_G","Defend_G","Defend_G","Defend_G","Survivor","Neutralize","Footwork+1","Quick Slash","Footwork+1","Bouncing Flask+1","Crippling Poison+1","Deflect","Flechettes","Quick Slash","Footwork+1","Deadly Poison+1","Prepared+1","Flechettes+1","Tools of the Trade","Footwork+1","Deadly Poison+1","Flying Knee+1"],"relics":["Busted Crown","Letter Opener","The Specimen","Mango","Fusion Hammer","Kunai","Nunchaku","White Beast Statue","Pear","expansioncontent:StudyCardRelic","Guardian:PocketSentry","Dream Catcher","Mummified Hand","sneckomod:BlankCard","Bronze Scales"],"acts_visited":["Exordium","TheCity","TheBeyond"],"potions_floor_usage":[10,10,14,24,24,33,33,35,41,41,41,44,50,50,50],"damage_taken":[{"damage":0,"enemies":"2 Louse","floor":1,"turns":3},{"damage":1,"enemies":"Jaw Worm","floor":2,"turns":5},{"damage":3,"enemies":"Small Slimes","floor":4,"turns":3},{"damage":1,"enemies":"Exordium Wildlife","floor":5,"turns":4},{"damage":24,"enemies":"3 Sentries","floor":6,"turns":9},{"damage":9,"enemies":"Exordium Thugs","floor":10,"turns":3},{"damage":0,"enemies":"Red Slaver","floor":12,"turns":4},{"damage":20,"enemies":"Gremlin Nob","floor":14,"turns":4},{"damage":4,"enemies":"Hexaghost","floor":16,"turns":8},{"damage":10,"enemies":"Spheric Guardian","floor":18,"turns":5},{"damage":5,"enemies":"Chosen","floor":20,"turns":5},{"damage":1,"enemies":"Snake Plant","floor":21,"turns":4},{"damage":16,"enemies":"Slavers","floor":24,"turns":4},{"damage":0,"enemies":"Snecko","floor":27,"turns":5},{"damage":14,"enemies":"Book of Stabbing","floor":28,"turns":6},{"damage":0,"enemies":"Sentry and Sphere","floor":29,"turns":3},{"damage":11,"enemies":"Shelled Parasite and Fungi","floor":30,"turns":6},{"damage":7,"enemies":"Snake Plant","floor":31,"turns":4},{"damage":4,"enemies":"Collector","floor":33,"turns":7},{"damage":19,"enemies":"3 Darklings","floor":35,"turns":6},{"damage":0,"enemies":"Orb Walker","floor":36,"turns":4},{"damage":0,"enemies":"Spire Growth","floor":37,"turns":5},{"damage":24,"enemies":"Reptomancer","floor":41,"turns":6},{"damage":13,"enemies":"Transient","floor":44,"turns":5},{"damage":18,"enemies":"Giant Head","floor":45,"turns":8},{"damage":0,"enemies":"3 Darklings","floor":47,"turns":4},{"damage":0,"enemies":"Sphere and 2 Shapes","floor":48,"turns":4},{"damage":69,"enemies":"Awakened One","floor":50,"turns":13}],"seed_played":"8940683338455631806","potions_obtained":[{"floor":1,"key":"Poison Potion"},{"floor":2,"key":"Regen Potion"},{"floor":6,"key":"AttackPotion"},{"floor":14,"key":"sneckomod:MuddlingPotion"},{"floor":16,"key":"Swift Potion"},{"floor":18,"key":"hexamod:SoulburnPotion"},{"floor":24,"key":"Block Potion"},{"floor":27,"key":"Strength Potion"},{"floor":28,"key":"SpeedPotion"},{"floor":31,"key":"PowerPotion"},{"floor":33,"key":"Block Potion"},{"floor":35,"key":"BlessingOfTheForge"},{"floor":36,"key":"SmokeBomb"},{"floor":37,"key":"Swift Potion"},{"floor":41,"key":"hexamod:SoulburnPotion"},{"floor":44,"key":"SmokeBomb"},{"floor":45,"key":"Explosive Potion"},{"floor":47,"key":"BlessingOfTheForge"},{"floor":48,"key":"EssenceOfSteel"}],"is_trial":false,"path_per_floor":["M","M","$","M","M","E","?","R","T","M","R","M","R","E","R","B",null,"M","?","M","M","$","R","E","?","T","M","E","M","M","M","R","B",null,"M","M","M","?","$","R","E","R","T","M","E","$","M","M","R","B",null],"character_chosen":"THE_SILENT","items_purchased":["Footwork","Bouncing Flask","Kunai","sneckomod:BlankCard","Bronze Scales"],"campfire_rested":6,"item_purchase_floors":[3,3,22,46,46],"current_hp_per_floor":[70,69,69,66,65,41,41,41,41,41,41,41,41,35,60,56,84,74,74,69,68,68,84,68,68,68,68,64,64,53,46,74,70,94,75,75,75,75,75,94,70,94,94,81,63,63,63,63,91,22],"gold":97,"neow_bonus":"BOSS_RELIC","is_daily":false,"chose_seed":false,"campfire_upgraded":3,"win_rate":0.0,"timestamp":1613404614,"path_taken":["M","M","$","M","M","E","?","R","T","M","R","M","R","E","R","BOSS","M","?","M","M","$","R","E","?","T","M","E","M","M","M","R","BOSS","M","M","?","?","$","R","E","R","T","M","E","?","M","?","R","BOSS"],"items_purchased_type":["Card","Card","Relic","Relic","Relic"],"build_version":"2020-12-22","purchased_purges":1,"victory":true,"max_hp_per_floor":[70,70,70,70,70,70,70,70,70,70,70,70,70,84,84,84,84,84,84,84,84,84,84,84,84,84,84,94,94,94,94,94,94,94,94,94,94,94,94,94,94,94,94,94,94,94,94,94,94,94],"card_choices":[{"not_picked":[],"picked":"Footwork","floor":1},{"not_picked":[],"picked":"Quick Slash","floor":2},{"not_picked":[],"picked":"Crippling Poison","floor":4},{"not_picked":["Flying Knee"],"picked":"SKIP","floor":5},{"not_picked":[],"picked":"Deflect","floor":6},{"not_picked":["Choke"],"picked":"SKIP","floor":10},{"not_picked":["Outmaneuver"],"picked":"SKIP","floor":12},{"not_picked":["Expertise"],"picked":"SKIP","floor":14},{"not_picked":["Outmaneuver+1"],"picked":"SKIP","floor":18},{"not_picked":[],"picked":"Footwork","floor":20},{"not_picked":["Flying Knee"],"picked":"SKIP","floor":21},{"not_picked":["Poisoned Stab"],"picked":"SKIP","floor":24},{"not_picked":["All Out Attack"],"picked":"SKIP","floor":27},{"not_picked":[],"picked":"Deadly Poison+1","floor":28},{"not_picked":["Sucker Punch"],"picked":"SKIP","floor":29},{"not_picked":["Sucker Punch"],"picked":"SKIP","floor":29},{"not_picked":[],"picked":"Prepared+1","floor":30},{"not_picked":[],"picked":"Flechettes+1","floor":31},{"not_picked":[],"picked":"Tools of the Trade","floor":33},{"not_picked":["Poisoned Stab"],"picked":"SKIP","floor":35},{"not_picked":["Flying Knee"],"picked":"SKIP","floor":36},{"not_picked":["Deadly Poison"],"picked":"SKIP","floor":37},{"not_picked":[],"picked":"Footwork+1","floor":41},{"not_picked":["Heel Hook"],"picked":"SKIP","floor":44},{"not_picked":[],"picked":"Deadly Poison+1","floor":45},{"not_picked":["Prepared"],"picked":"SKIP","floor":47},{"not_picked":["Sucker Punch"],"picked":"SKIP","floor":48},{"not_picked":[],"picked":"Flying Knee+1","floor":49}],"player_experience":45590,"relics_obtained":[{"floor":6,"key":"Letter Opener"},{"floor":9,"key":"The Specimen"},{"floor":14,"key":"Mango"},{"floor":24,"key":"Nunchaku"},{"floor":26,"key":"White Beast Statue"},{"floor":28,"key":"Pear"},{"floor":41,"key":"Guardian:PocketSentry"},{"floor":43,"key":"Dream Catcher"},{"floor":45,"key":"Mummified Hand"}],"event_choices":[{"damage_healed":0,"gold_gain":0,"player_choice":"Grow","damage_taken":0,"max_hp_gain":0,"max_hp_loss":0,"event_name":"Living Wall","floor":7,"gold_loss":0,"cards_upgraded":["Bouncing Flask"]},{"damage_healed":0,"gold_gain":0,"cards_transformed":["Strike_G","Strike_G"],"player_choice":"Became Test Subject","damage_taken":0,"max_hp_gain":0,"max_hp_loss":0,"event_name":"Drug Dealer","floor":19,"gold_loss":0,"cards_obtained":["Flechettes","Quick Slash"]},{"damage_healed":0,"gold_gain":0,"player_choice":"0 cards matched","damage_taken":0,"max_hp_gain":0,"max_hp_loss":0,"event_name":"Match and Keep!","floor":25,"gold_loss":0,"cards_obtained":[]},{"damage_healed":0,"gold_gain":0,"player_choice":"Forge","damage_taken":0,"max_hp_gain":0,"max_hp_loss":0,"event_name":"Accursed Blacksmith","floor":38,"gold_loss":0,"cards_upgraded":["Footwork"]}],"is_beta":false,"boss_relics":[{"not_picked":["Coffee Dripper","bronze:MakeshiftBattery"],"picked":"Fusion Hammer"},{"not_picked":["Tiny House","SacredBark"],"picked":"expansioncontent:StudyCardRelic"}],"items_purged_floors":[39],"is_endless":false,"potions_floor_spawned":[1,2,6,14,16,18,24,27,28,29,30,31,33,35,36,37,41,44,45,47,48],"ascension_level":0}}