{"host":"rw1trt79hfpl7pom","time":1613389426,"event":{"mods":["BaseMod","Bestiary","Colored Map","Jorbs\u0027s Wanderer Trilogy","Minty Spire (QoL Compilation)","Relic Stats","StSLib","SuperFastMode"],"gold_per_floor":[15,15,39,39,39,70,70,93,93,43,78,119,157,227,227,227,227],"floor_reached":16,"language":"ENG","playtime":935,"items_purged":["stsjorbsmod:Strike_Wanderer"],"score":220,"play_id":"e9221a0f-2656-431b-a746-f48fb91a95d9","local_time":"20210215034346","is_ascension_mode":true,"campfire_choices":[{"floor":7.0,"key":"REST"},{"floor":15.0,"key":"REST"}],"circlet_count":0,"master_deck":["AscendersBane","stsjorbsmod:ForbiddenGrimoire+1","stsjorbsmod:Strike_Wanderer+1","stsjorbsmod:Strike_Wanderer","stsjorbsmod:Defend_Wanderer","stsjorbsmod:Defend_Wanderer","stsjorbsmod:FreshAdventure","stsjorbsmod:EyeOfTheStorm+1","stsjorbsmod:Patron","stsjorbsmod:ChainLightning","stsjorbsmod:TinyHut","stsjorbsmod:FindFamiliar","stsjorbsmod:Message","stsjorbsmod:Hibernate","stsjorbsmod:RefuseToForget","stsjorbsmod:Mending"],"relics":["stsjorbsmod:GrimoireRelic","Golden Idol","Smiling Mask","Pear","Mercury Hourglass","Potion Belt"],"acts_visited":["Exordium"],"potions_floor_usage":[],"damage_taken":[{"damage":0.0,"enemies":"Small Slimes","floor":1.0,"turns":4.0},{"damage":0.0,"enemies":"2 Louse","floor":3.0,"turns":3.0},{"damage":36.0,"enemies":"Lagavulin","floor":6.0,"turns":8.0},{"damage":0.0,"enemies":"Jaw Worm","floor":8.0,"turns":4.0},{"damage":0.0,"enemies":"Gremlin Gang","floor":11.0,"turns":7.0},{"damage":3.0,"enemies":"3 Louse","floor":12.0,"turns":3.0},{"damage":24.0,"enemies":"Gremlin Nob","floor":13.0,"turns":4.0},{"damage":21.0,"enemies":"Lagavulin Event","floor":14.0,"turns":7.0},{"damage":30,"enemies":"Hexaghost","floor":16,"turns":7}],"seed_played":"-5868480131761814383","potions_obtained":[{"floor":6.0,"key":"Strength Potion"},{"floor":8.0,"key":"Strength Potion"},{"floor":13.0,"key":"SteroidPotion"}],"is_trial":false,"path_per_floor":["M","?","M","?","?","E","R","M","T","$","M","M","E","?","R","B"],"character_chosen":"WANDERER","items_purchased":[],"campfire_rested":2,"item_purchase_floors":[],"current_hp_per_floor":[59,58,58,58,51,15,32,34,44,44,49,49,27,6,26,0,0],"gold":227,"neow_bonus":"REMOVE_TWO","is_daily":false,"chose_seed":false,"campfire_upgraded":0,"win_rate":0.0,"timestamp":1613389426,"path_taken":["M","?","M","?","?","E","R","M","T","?","?","M","E","?","R","BOSS"],"items_purchased_type":[],"build_version":"2020-12-22","purchased_purges":1,"victory":false,"max_hp_per_floor":[64,58,58,58,58,58,58,58,68,68,68,68,68,68,68,68,68],"relic_stats":{"counters":[9,47],"Golden Idol":50,"Smiling Mask":25,"obtain_stats":[{"Potion Belt":14,"Pear":9,"Golden Idol":2,"stsjorbsmod:GrimoireRelic":0,"Smiling Mask":6,"Mercury Hourglass":13},{"Potion Belt":8,"Pear":4,"Golden Idol":1,"stsjorbsmod:GrimoireRelic":0,"Smiling Mask":3,"Mercury Hourglass":7},{"Potion Belt":40,"Pear":19,"Golden Idol":4,"stsjorbsmod:GrimoireRelic":0,"Smiling Mask":15,"Mercury Hourglass":33}],"Mercury Hourglass":[39]},"card_choices":[{"not_picked":["stsjorbsmod:UnseenServant","stsjorbsmod:WanderingMind"],"picked":"stsjorbsmod:Patron","floor":1.0},{"not_picked":["stsjorbsmod:Prepare","stsjorbsmod:FindFamiliar"],"picked":"stsjorbsmod:ChainLightning","floor":3.0},{"not_picked":["stsjorbsmod:HedgeWizard","stsjorbsmod:Will"],"picked":"stsjorbsmod:TinyHut","floor":6.0},{"not_picked":["stsjorbsmod:Prepare","stsjorbsmod:Fear"],"picked":"stsjorbsmod:FindFamiliar","floor":8.0},{"not_picked":["stsjorbsmod:Aid","stsjorbsmod:Will"],"picked":"stsjorbsmod:Message","floor":11.0},{"not_picked":["stsjorbsmod:DisguiseSelf","stsjorbsmod:Index"],"picked":"stsjorbsmod:Hibernate","floor":12.0},{"not_picked":["stsjorbsmod:FracturedMind","stsjorbsmod:Materialize"],"picked":"stsjorbsmod:RefuseToForget","floor":13.0},{"not_picked":["stsjorbsmod:Thorns","stsjorbsmod:FracturedMind"],"picked":"stsjorbsmod:Mending","floor":14.0}],"player_experience":2734264,"relics_obtained":[{"floor":6.0,"key":"Smiling Mask"},{"floor":9.0,"key":"Pear"},{"floor":13.0,"key":"Mercury Hourglass"},{"floor":14.0,"key":"Potion Belt"}],"event_choices":[{"damage_healed":0.0,"max_hp_gain":0.0,"max_hp_loss":6.0,"gold_gain":0.0,"event_name":"Golden Idol","player_choice":"Lose Max HP","floor":2.0,"gold_loss":0.0,"damage_taken":0.0,"relics_obtained":["Golden Idol"]},{"damage_healed":0.0,"max_hp_gain":0.0,"max_hp_loss":0.0,"gold_gain":0.0,"event_name":"The Cleric","player_choice":"Leave","floor":4.0,"gold_loss":0.0,"damage_taken":0.0},{"cards_removed":["stsjorbsmod:Defend_Wanderer"],"damage_healed":0.0,"max_hp_gain":0.0,"max_hp_loss":0.0,"gold_gain":0.0,"event_name":"Golden Wing","player_choice":"Card Removal","floor":5.0,"gold_loss":0.0,"damage_taken":7.0},{"damage_healed":0.0,"max_hp_gain":0.0,"max_hp_loss":0.0,"gold_gain":0.0,"event_name":"Dead Adventurer","player_choice":"Searched \u00272\u0027 times","floor":14.0,"gold_loss":0.0,"damage_taken":0.0}],"is_beta":false,"boss_relics":[],"items_purged_floors":[10],"is_endless":false,"potions_floor_spawned":[6,8,13],"killed_by":"Hexaghost","ascension_level":20}}