{"host":"n2havra2dgtcizuw","time":1613380589,"event":{"mods":["100% Spire Juice","ATMod(阿瑾Mod)","Bard","BaseMod","Downfall","Marisa（F雨　魔理沙）","Minty Spire (QoL Compilation)","Permanent Neow","Reliquary","Remilia（蕾米莉亚）","Replay The Spire","RumiaBox-露米娅的神秘盒子","StSLib","TestMod","The Alterego","The Animator","The Servant 0.9.4","[IsaacMod]以撒尖塔"],"gold_per_floor":[15,15,90,102,116,116,116,116,143,48,64,88,95,95],"floor_reached":13,"language":"ZHS","playtime":304,"items_purged":[],"score":105,"play_id":"8867dd32-5cb3-4093-96b4-26f36d6a8ac3","local_time":"20210215171629","is_ascension_mode":true,"campfire_choices":[{"data":"Ragnarok","floor":6,"key":"SMITH"},{"data":"Eruption","floor":8,"key":"SMITH"}],"circlet_count":0,"master_deck":["Strike_P","Strike_P","Strike_P","Strike_P","Defend_P","Defend_P","Defend_P","Defend_P","Eruption+1","Vigilance","Ragnarok+1","CrushJoints","downfall:Haunted","Envy_TH","Overencumbered","Nirvana","FlyingSleeves","Injury","testmod-Collector","Replay:AllIn","Prostrate"],"relics":["PureWater","testmod-TestBox","HushsDoor","KeepersGift","AT_ATBox","Baka","testmod-Laevatain","Golden Idol","SalivaCoin"],"acts_visited":["Exordium"],"potions_floor_usage":[13],"damage_taken":[{"damage":12,"enemies":"Jaw Worm","floor":1,"turns":4},{"damage":18,"enemies":"2 Louse","floor":4,"turns":2},{"damage":4,"enemies":"Small Slimes","floor":5,"turns":3},{"damage":0,"enemies":"3 Louse","floor":11,"turns":1},{"damage":0,"enemies":"Large Slime","floor":12,"turns":3},{"damage":40,"enemies":"Lagavulin","floor":13,"turns":2}],"seed_played":"6878731946084064811","potions_obtained":[{"floor":5,"key":"SteroidPotion"},{"floor":11,"key":"Fire Potion"}],"is_trial":false,"path_per_floor":["M","?","?","M","M","R","?","R","T","$","M","M","E"],"character_chosen":"WATCHER","items_purchased":["testmod-Collector"],"campfire_rested":0,"item_purchase_floors":[10],"current_hp_per_floor":[53,53,42,34,36,36,36,36,36,36,28,28,0,0],"gold":95,"neow_bonus":"THREE_RARE_CARDS","is_daily":false,"chose_seed":false,"campfire_upgraded":2,"win_rate":0.0,"timestamp":1613380589,"path_taken":["M","?","?","M","?","R","?","R","T","$","?","M","E"],"items_purchased_type":["Card"],"build_version":"2020-12-22","purchased_purges":0,"victory":false,"max_hp_per_floor":[72,72,72,72,78,78,78,78,78,78,86,86,86,86],"card_choices":[{"not_picked":["Establishment","MasterReality"],"picked":"Ragnarok","floor":0},{"not_picked":["AT_ChampionStep","Halt"],"picked":"CrushJoints","floor":1},{"not_picked":["ClearTheMind","JustLucky"],"picked":"Nirvana","floor":4},{"not_picked":["Perseverance","Prostrate"],"picked":"FlyingSleeves","floor":5},{"not_picked":["Halt","Collect"],"picked":"Replay:AllIn","floor":11},{"not_picked":["AT_ChampionStep","Replay:Anticipation"],"picked":"Prostrate","floor":12}],"player_experience":762646,"relics_obtained":[{"floor":1,"key":"Baka"},{"floor":4,"key":"testmod-Laevatain"},{"floor":9,"key":"SalivaCoin"}],"event_choices":[{"damage_healed":0,"gold_gain":0,"player_choice":"Ignored","damage_taken":0,"max_hp_gain":0,"max_hp_loss":0,"event_name":"给自己的盒子","floor":2,"gold_loss":0},{"damage_healed":0,"gold_gain":75,"player_choice":"Gather Gold","damage_taken":11,"max_hp_gain":0,"max_hp_loss":0,"event_name":"World of Goop","floor":3,"gold_loss":0},{"damage_healed":0,"gold_gain":0,"player_choice":"Take Wound","damage_taken":0,"relics_obtained":["Golden Idol"],"max_hp_gain":0,"max_hp_loss":0,"event_name":"Golden Idol","floor":7,"gold_loss":0,"cards_obtained":["Injury"]}],"is_beta":false,"boss_relics":[],"items_purged_floors":[],"is_endless":false,"potions_floor_spawned":[5,11],"killed_by":"Lagavulin","ascension_level":8}}