{"host":"fbdlh90rovbiajun","time":1613349164,"event":{"mods":["AchievementEnabler","BaseMod","Colored Map","Keyboard Shortcuts","Minty Spire (QoL Compilation)","SuperFastMode"],"gold_per_floor":[113,37,37,37,49,49,126,2,2,2,18,33,44,63,63,163,163,181,81,96,113,130,130,150,150,177,177,177,43,43,43],"floor_reached":30,"language":"KOR","playtime":831,"items_purged":["Strike_G","Strike_G"],"score":222,"play_id":"93a6884c-345e-4705-8509-5508a5510215","local_time":"20210215093244","is_ascension_mode":false,"campfire_choices":[{"data":"Footwork","floor":6.0,"key":"SMITH"},{"data":"Deadly Poison","floor":10.0,"key":"SMITH"},{"data":"Poisoned Stab","floor":15,"key":"SMITH"},{"data":"Crippling Poison","floor":23,"key":"SMITH"},{"data":"Survivor","floor":25,"key":"SMITH"},{"data":"Deflect","floor":28,"key":"SMITH"}],"circlet_count":0,"master_deck":["Strike_G","Strike_G","Defend_G","Defend_G","Defend_G","Defend_G","Defend_G","Survivor+1","Neutralize","Footwork+1","Crippling Poison+1","Deadly Poison+1","Poisoned Stab+1","Deadly Poison+1","Deflect+1","Deflect+1","Noxious Fumes","Poisoned Stab"],"relics":["Ring of the Serpent","NeowsBlessing","Bottled Tornado","MealTicket","Nloth\u0027s Gift"],"acts_visited":["Exordium","TheCity"],"potions_floor_usage":[],"damage_taken":[{"damage":0.0,"enemies":"Cultist","floor":1.0,"turns":1.0},{"damage":0.0,"enemies":"2 Louse","floor":5.0,"turns":1.0},{"damage":0,"enemies":"Jaw Worm","floor":11,"turns":1},{"damage":8,"enemies":"3 Louse","floor":12,"turns":4},{"damage":5,"enemies":"Red Slaver","floor":13,"turns":5},{"damage":0,"enemies":"Blue Slaver","floor":14,"turns":4},{"damage":7,"enemies":"The Guardian","floor":16,"turns":10},{"damage":0,"enemies":"Shell Parasite","floor":18,"turns":6},{"damage":0,"enemies":"Chosen","floor":20,"turns":4},{"damage":15,"enemies":"Centurion and Healer","floor":21,"turns":9},{"damage":28,"enemies":"3 Cultists","floor":22,"turns":6},{"damage":3,"enemies":"Snake Plant","floor":24,"turns":5},{"damage":0,"enemies":"Chosen and Byrds","floor":30,"turns":1}],"seed_played":"-8372658606812617239","potions_obtained":[{"floor":1.0,"key":"Explosive Potion"},{"floor":14,"key":"Poison Potion"},{"floor":18,"key":"Fire Potion"}],"is_trial":false,"path_per_floor":["M","$","?","?","M","R","T","$","T","R","M","M","M","M","R","B",null,"M","$","M","M","M","R","M","R","T","?","R","$","M"],"character_chosen":"THE_SILENT","items_purchased":["Footwork","Poisoned Stab","Noxious Fumes","Poisoned Stab"],"campfire_rested":0,"item_purchase_floors":[2,8,29,29],"current_hp_per_floor":[70,70,70,70,70,70,70,70,70,70,70,62,57,57,57,50,70,70,70,70,55,27,27,24,24,24,24,24,39,39,39],"gold":43,"neow_bonus":"THREE_ENEMY_KILL","is_daily":false,"chose_seed":false,"campfire_upgraded":6,"win_rate":0.0,"timestamp":1613349164,"path_taken":["M","?","?","?","M","R","?","?","T","R","M","?","M","M","R","BOSS","M","$","M","M","M","R","M","R","T","?","R","$","?"],"items_purchased_type":["Card","Card","Card","Card"],"build_version":"2020-12-22","purchased_purges":2,"victory":false,"max_hp_per_floor":[70,70,70,70,70,70,70,70,70,70,70,70,70,70,70,70,70,70,70,70,70,70,70,70,70,70,70,70,70,70,70],"card_choices":[{"not_picked":["Escape Plan","Sucker Punch","Leg Sweep"],"picked":"SKIP","floor":1.0},{"not_picked":["Blade Dance","Catalyst"],"picked":"Deadly Poison","floor":5.0},{"not_picked":["Flechettes","Blade Dance","Infinite Blades+1"],"picked":"SKIP","floor":11},{"not_picked":["Distraction","Dodge and Roll","Dagger Spray"],"picked":"SKIP","floor":12},{"not_picked":["Crippling Poison","Bullet Time","Blade Dance"],"picked":"SKIP","floor":13},{"not_picked":["Outmaneuver","Dagger Spray","Masterful Stab"],"picked":"SKIP","floor":14},{"not_picked":["Poisoned Stab","Acrobatics+1"],"picked":"Deadly Poison+1","floor":18},{"not_picked":["Caltrops+1","Riddle With Holes+1","Blade Dance+1"],"picked":"SKIP","floor":20},{"not_picked":["Dodge and Roll","Dagger Spray","Leg Sweep"],"picked":"SKIP","floor":21},{"not_picked":["Flying Knee","Endless Agony"],"picked":"Deflect+1","floor":22},{"not_picked":["Slice+1","Terror"],"picked":"Deflect","floor":24}],"player_experience":52187,"relics_obtained":[{"floor":7.0,"key":"Frozen Egg 2"},{"floor":9.0,"key":"Bottled Tornado"},{"floor":26,"key":"MealTicket"}],"event_choices":[{"damage_healed":0.0,"max_hp_gain":0.0,"max_hp_loss":0.0,"gold_gain":0.0,"cards_transformed":["Strike_G"],"event_name":"Living Wall","player_choice":"Change","floor":3.0,"gold_loss":0.0,"damage_taken":0.0,"cards_obtained":["Crippling Poison"]},{"damage_healed":0.0,"max_hp_gain":0.0,"max_hp_loss":0.0,"gold_gain":0.0,"event_name":"The Cleric","player_choice":"Leave","floor":4.0,"gold_loss":0.0,"damage_taken":0.0},{"damage_healed":0,"gold_gain":0,"player_choice":"Traded Relic","damage_taken":0,"relics_obtained":["Nloth\u0027s Gift"],"max_hp_gain":0,"max_hp_loss":0,"event_name":"N\u0027loth","floor":27,"relics_lost":["Frozen Egg 2"],"gold_loss":0}],"is_beta":false,"boss_relics":[{"not_picked":["SlaversCollar","Ectoplasm"],"picked":"Ring of the Serpent"}],"items_purged_floors":[8,19],"is_endless":false,"potions_floor_spawned":[1,14,18,22],"killed_by":"Chosen and Byrds","ascension_level":0}}