{"host":"qp7xs8nuzfsyommi","time":1613421492,"event":{"mods":["2.2 Compatiblity","BaseMod","Colored Powertips","DeckTracker","Highlight Path","Minty Spire (QoL Compilation)","Permanent Neow","Quick Restart","StSLib"],"gold_per_floor":[117,117,117,117,32,72,33,33,60,60,101,117,136,159,159,257,257,278,278,278,298,316,316,316],"floor_reached":23,"language":"ENG","playtime":2549,"items_purged":[],"score":498,"play_id":"204b36c7-046c-4b4a-905d-d98ac814bab2","local_time":"20210215153812","is_ascension_mode":true,"campfire_choices":[{"floor":8,"key":"REST"},{"data":"Coolheaded","floor":10,"key":"SMITH"},{"data":"Turbo","floor":15,"key":"SMITH"}],"circlet_count":0,"master_deck":["AscendersBane","Strike_B","Strike_B","Strike_B+1","Defend_B","Defend_B","Defend_B+1","Defend_B","Zap","Dualcast","Compile Driver","Rip and Tear","Coolheaded+1","Chill","Glacier","Turbo+1","Doom and Gloom","Buffer","Barrage","Writhe","Melter"],"relics":["Cracked Core","NeowsBlessing","Bloody Idol","Juzu Bracelet","Art of War","Lantern","Snecko Eye","Blood Vial"],"acts_visited":["Exordium","TheCity"],"potions_floor_usage":[16,23],"damage_taken":[{"damage":0,"enemies":"2 Louse","floor":1,"turns":1},{"damage":0,"enemies":"Gremlin Nob","floor":6,"turns":1},{"damage":0,"enemies":"3 Sentries","floor":11,"turns":1},{"damage":0,"enemies":"Jaw Worm","floor":12,"turns":2},{"damage":0,"enemies":"Small Slimes","floor":13,"turns":2},{"damage":1,"enemies":"Exordium Wildlife","floor":14,"turns":5},{"damage":27,"enemies":"Slime Boss","floor":16,"turns":12},{"damage":2,"enemies":"Shell Parasite","floor":18,"turns":6},{"damage":0,"enemies":"Chosen","floor":21,"turns":5},{"damage":23,"enemies":"Snake Plant","floor":22,"turns":4},{"damage":52,"enemies":"Book of Stabbing","floor":23,"turns":5}],"seed_played":"3985239914460067740","potions_obtained":[{"floor":6,"key":"PotionOfCapacity"},{"floor":12,"key":"FocusPotion"},{"floor":18,"key":"Swift Potion"}],"is_trial":false,"path_per_floor":["M","?","?","?","$","E","$","R","T","R","E","M","M","M","R","B",null,"M","?","?","M","M","E"],"character_chosen":"DEFECT","items_purchased":["Rip and Tear","Chill"],"campfire_rested":1,"item_purchase_floors":[5,7],"current_hp_per_floor":[64,40,19,12,12,12,12,33,33,33,33,33,33,32,32,5,55,53,53,53,60,44,0,0],"gold":316,"neow_bonus":"THREE_ENEMY_KILL","is_daily":false,"chose_seed":false,"campfire_upgraded":2,"win_rate":0.0,"timestamp":1613421492,"path_taken":["M","?","?","?","?","E","$","R","T","R","E","M","M","M","R","BOSS","M","?","?","M","M","E"],"items_purchased_type":["Card","Card"],"build_version":"2020-12-22","purchased_purges":0,"victory":false,"max_hp_per_floor":[71,71,71,71,71,71,71,71,71,71,71,71,71,71,71,71,71,71,71,71,71,71,71,71],"card_choices":[{"not_picked":["Beam Cell","BootSequence"],"picked":"Compile Driver","floor":1},{"not_picked":["Turbo","Loop"],"picked":"Coolheaded","floor":6},{"not_picked":["Streamline","Rebound"],"picked":"Glacier","floor":11},{"not_picked":["Streamline","Storm"],"picked":"Turbo","floor":12},{"not_picked":["Rip and Tear","Defragment"],"picked":"Doom and Gloom","floor":13},{"not_picked":["Stack","Thunder Strike","Storm"],"picked":"SKIP","floor":14},{"not_picked":["Electrodynamics","Seek"],"picked":"Buffer","floor":16},{"not_picked":["Chaos","Ball Lightning"],"picked":"Barrage","floor":18},{"not_picked":["Doom and Gloom","Compile Driver","Auto Shields+1"],"picked":"SKIP","floor":21},{"not_picked":["Coolheaded","Rebound"],"picked":"Melter","floor":22}],"player_experience":1913956,"relics_obtained":[{"floor":6,"key":"Juzu Bracelet"},{"floor":9,"key":"Art of War"},{"floor":11,"key":"Lantern"}],"event_choices":[{"damage_healed":0,"gold_gain":0,"player_choice":"Take Damage","damage_taken":24,"relics_obtained":["Golden Idol"],"max_hp_gain":0,"max_hp_loss":0,"event_name":"Golden Idol","floor":2,"gold_loss":0},{"damage_healed":0,"gold_gain":0,"player_choice":"Entered Light","damage_taken":21,"max_hp_gain":0,"max_hp_loss":0,"event_name":"Shining Light","floor":3,"gold_loss":0,"cards_upgraded":["Defend_B","Strike_B"]},{"cards_removed":["Strike_B"],"damage_healed":0,"gold_gain":0,"player_choice":"Card Removal","damage_taken":7,"max_hp_gain":0,"max_hp_loss":0,"event_name":"Golden Wing","floor":4,"gold_loss":0},{"damage_healed":0,"gold_gain":0,"player_choice":"Opened","damage_taken":0,"relics_obtained":["Blood Vial"],"max_hp_gain":0,"max_hp_loss":0,"event_name":"The Mausoleum","floor":19,"gold_loss":0,"cards_obtained":["Writhe"]},{"damage_healed":0,"gold_gain":0,"player_choice":"Gave Idol","damage_taken":0,"relics_obtained":["Bloody Idol"],"max_hp_gain":0,"max_hp_loss":0,"event_name":"Forgotten Altar","floor":20,"relics_lost":["Golden Idol"],"gold_loss":0}],"is_beta":false,"boss_relics":[{"not_picked":["Sozu","Tiny House"],"picked":"Snecko Eye"}],"items_purged_floors":[],"is_endless":false,"potions_floor_spawned":[6,12,13,18,21,22],"killed_by":"Book of Stabbing","ascension_level":20}}