{"host":"bg8va46pgqgvtzim","time":1613369661,"event":{"mods":["BaseMod","Minty Spire (QoL Compilation)","Quick Restart","StSLib","SuperFastMode"],"gold_per_floor":[111,34,44,61,80,80,91,107,141,151,151,186,186,186,186,202,202,218,96,116,116,116,126,126,126,229,229,239,251,268,268,279,307,307,332,351,351,401,428,463,477,377,391,410,211,223,223,223,318,318,335,348,348,348,363,213,223,240,270,270,300,300,320,370,398,448,458,477,477,477,477,477,477,78,111,111],"floor_reached":77,"language":"ZHS","playtime":3141,"items_purged":["Strike_G","Quick Slash+1","Defend_G","Defend_G","Defend_G"],"score":1833,"play_id":"c3fca84e-ff97-449a-9b3b-18896f7539ec","local_time":"20210215141421","is_ascension_mode":true,"campfire_choices":[{"data":"Tactician","floor":11.0,"key":"SMITH"},{"data":"Acrobatics","floor":15.0,"key":"SMITH"},{"data":"Acrobatics","floor":17.0,"key":"SMITH"},{"data":"Calculated Gamble","floor":22.0,"key":"SMITH"},{"data":"Prepared","floor":25.0,"key":"SMITH"},{"data":"Madness","floor":34.0,"key":"SMITH"},{"data":"Reflex","floor":47,"key":"SMITH"},{"data":"Expertise","floor":48,"key":"SMITH"},{"floor":60,"key":"RECALL"},{"data":"Adrenaline","floor":69,"key":"SMITH"},{"data":"Prepared","floor":70,"key":"SMITH"},{"data":"Blur","floor":73,"key":"SMITH"}],"circlet_count":0,"master_deck":["Defend_G","Survivor","Noxious Fumes","Noxious Fumes+1","Acrobatics+1","Crippling Poison","PiercingWail","Tactician+1","Acrobatics+1","Madness+1","Calculated Gamble+1","Prepared+1","Caltrops+1","Flechettes+1","Concentrate+1","Blur+1","Acrobatics+1","Expertise+1","Reflex+1","Adrenaline+1","Prepared+1","Prepared+1","Terror+1","Footwork","Footwork+1"],"relics":["Ring of the Snake","Lizard Tail","Vajra","Matryoshka","Centennial Puzzle","Astrolabe","Nilry\u0027s Codex","Toy Ornithopter","Oddly Smooth Stone","Snake Skull","Bag of Preparation","Dream Catcher","Bronze Scales","Runic Dome","InkBottle","Ornamental Fan","HornCleat","Mango","TungstenRod","Blood Vial","Lee\u0027s Waffle","Mummified Hand"],"acts_visited":["Exordium","TheCity","TheBeyond","TheEnding"],"potions_floor_usage":[76,76,76],"damage_taken":[{"damage":0.0,"enemies":"Jaw Worm","floor":1.0,"turns":5.0},{"damage":0.0,"enemies":"Cultist","floor":3.0,"turns":5.0},{"damage":1.0,"enemies":"2 Louse","floor":4.0,"turns":4.0},{"damage":7.0,"enemies":"Exordium Thugs","floor":5.0,"turns":7.0},{"damage":8.0,"enemies":"Large Slime","floor":7.0,"turns":7.0},{"damage":7.0,"enemies":"2 Fungi Beasts","floor":8.0,"turns":5.0},{"damage":10.0,"enemies":"3 Sentries","floor":9.0,"turns":5.0},{"damage":0.0,"enemies":"Looter","floor":10.0,"turns":4.0},{"damage":5.0,"enemies":"Lagavulin","floor":12.0,"turns":7.0},{"damage":0.0,"enemies":"3 Louse","floor":16.0,"turns":3.0},{"damage":4.0,"enemies":"Exordium Thugs","floor":18.0,"turns":5.0},{"damage":1.0,"enemies":"Red Slaver","floor":20.0,"turns":5.0},{"damage":9.0,"enemies":"Exordium Wildlife","floor":23.0,"turns":2.0},{"damage":17.0,"enemies":"The Guardian","floor":26.0,"turns":10.0},{"damage":0.0,"enemies":"Chosen","floor":28.0,"turns":2.0},{"damage":8.0,"enemies":"Spheric Guardian","floor":29.0,"turns":4.0},{"damage":4.0,"enemies":"Centurion and Healer","floor":30.0,"turns":5.0},{"damage":0.0,"enemies":"Snake Plant","floor":32.0,"turns":5.0},{"damage":2.0,"enemies":"Book of Stabbing","floor":33.0,"turns":4.0},{"damage":9.0,"enemies":"Gremlin Leader","floor":35.0,"turns":8.0},{"damage":0.0,"enemies":"Snecko","floor":36.0,"turns":3.0},{"damage":7,"enemies":"Slavers","floor":40,"turns":4},{"damage":0,"enemies":"Centurion and Healer","floor":41,"turns":3},{"damage":0,"enemies":"3 Cultists","floor":43,"turns":1},{"damage":0,"enemies":"Snecko","floor":44,"turns":4},{"damage":0,"enemies":"Sentry and Sphere","floor":46,"turns":3},{"damage":0,"enemies":"Champ","floor":49,"turns":1},{"damage":0,"enemies":"Orb Walker","floor":51,"turns":1},{"damage":0,"enemies":"3 Darklings","floor":52,"turns":1},{"damage":0,"enemies":"Sphere and 2 Shapes","floor":55,"turns":1},{"damage":0,"enemies":"Writhing Mass","floor":57,"turns":1},{"damage":0,"enemies":"3 Darklings","floor":58,"turns":1},{"damage":0,"enemies":"Reptomancer","floor":59,"turns":1},{"damage":0,"enemies":"Nemesis","floor":61,"turns":1},{"damage":0,"enemies":"Sphere and 2 Shapes","floor":63,"turns":1},{"damage":0,"enemies":"Mind Bloom Boss Battle","floor":64,"turns":1},{"damage":0,"enemies":"Giant Head","floor":65,"turns":1},{"damage":0,"enemies":"Spire Growth","floor":67,"turns":1},{"damage":0,"enemies":"Jaw Worm Horde","floor":68,"turns":1},{"damage":0,"enemies":"Awakened One","floor":71,"turns":2},{"damage":0,"enemies":"Shield and Spear","floor":75,"turns":1},{"damage":0,"enemies":"The Heart","floor":76,"turns":3}],"seed_played":"-3122878937821602023","potions_obtained":[{"floor":3.0,"key":"Explosive Potion"},{"floor":4.0,"key":"Poison Potion"},{"floor":12.0,"key":"SkillPotion"},{"floor":16.0,"key":"FearPotion"},{"floor":26.0,"key":"LiquidMemories"},{"floor":30.0,"key":"Strength Potion"},{"floor":32.0,"key":"Regen Potion"},{"floor":46,"key":"Swift Potion"}],"is_trial":false,"path_per_floor":["M","$","M","M","M","?","M","M","E","M","R","E","?","T","R","M","R","M","$","M","?","R","M","?","R","B",null,"M","M","M","?","M","E","R","E","M","?","T","T","E","M","$","M","M","$","M","R","R","B",null,"M","M","?","?","M","$","M","M","E","R","E","T","M","?","E","T","M","M","R","R","B",null,"R","$","E","B",null],"character_chosen":"THE_SILENT","items_purchased":["Noxious Fumes","Prepared","Expertise","Footwork","Lee\u0027s Waffle"],"campfire_rested":0,"item_purchase_floors":[2,19,45,74,74],"current_hp_per_floor":[49,49,49,48,41,41,33,26,16,16,16,11,11,11,11,11,11,7,7,6,35,35,26,31,31,14,75,75,67,63,47,47,45,45,56,56,56,56,56,49,49,49,49,49,49,49,49,49,49,75,75,75,75,75,75,75,75,75,75,75,75,75,75,89,89,89,89,89,89,89,89,89,89,96,96,96],"gold":111,"neow_bonus":"REMOVE_TWO","is_daily":false,"chose_seed":false,"campfire_upgraded":11,"win_rate":0.0,"timestamp":1613369661,"path_taken":["M","$","M","M","M","?","M","M","E","?","R","E","?","T","R","?","R","M","$","M","?","R","M","?","R","BOSS","M","M","M","?","M","E","R","E","M","?","T","T","E","M","$","?","M","$","M","R","R","BOSS","M","M","?","?","M","$","M","?","E","R","E","T","M","?","E","?","M","M","R","R","BOSS","R","$","E","BOSS"],"items_purchased_type":["Card","Card","Card","Card","Relic"],"build_version":"2020-12-22","purchased_purges":5,"victory":true,"max_hp_per_floor":[70,70,70,70,70,70,70,70,70,70,70,70,70,70,70,70,70,70,70,70,70,70,70,75,75,75,75,75,75,75,75,75,75,75,75,75,75,75,75,75,75,75,75,75,75,75,75,75,75,75,75,75,75,75,75,75,75,75,75,75,75,75,75,89,89,89,89,89,89,89,89,89,89,96,96,96],"card_choices":[{"not_picked":["Sucker Punch","PiercingWail","Dodge and Roll"],"picked":"SKIP","floor":1.0},{"not_picked":["Escape Plan","Expertise"],"picked":"Noxious Fumes","floor":3.0},{"not_picked":["Poisoned Stab","Noxious Fumes","Dagger Spray"],"picked":"SKIP","floor":4.0},{"not_picked":["Heel Hook","Storm of Steel"],"picked":"Acrobatics","floor":5.0},{"not_picked":["All Out Attack","Concentrate"],"picked":"Crippling Poison","floor":7.0},{"not_picked":["Heel Hook","Dagger Throw"],"picked":"PiercingWail","floor":8.0},{"not_picked":["Blade Dance","Grand Finale","Poisoned Stab"],"picked":"SKIP","floor":9.0},{"not_picked":["All Out Attack","Blade Dance"],"picked":"Tactician","floor":10.0},{"not_picked":["Crippling Poison","Deflect"],"picked":"Acrobatics","floor":12.0},{"not_picked":["Blade Dance","Flying Knee"],"picked":"Calculated Gamble","floor":16.0},{"not_picked":["Flying Knee","Poisoned Stab","Endless Agony"],"picked":"SKIP","floor":18.0},{"not_picked":["Deflect","Sucker Punch","Acrobatics"],"picked":"SKIP","floor":20.0},{"not_picked":["Backflip","Quick Slash","Finisher"],"picked":"SKIP","floor":23.0},{"not_picked":["Flying Knee","Bane","Deadly Poison+1"],"picked":"SKIP","floor":28.0},{"not_picked":["Catalyst+1","Accuracy","Dagger Throw"],"picked":"SKIP","floor":29.0},{"not_picked":["Blade Dance","Dash","Poisoned Stab"],"picked":"SKIP","floor":30.0},{"not_picked":["Bouncing Flask","Setup"],"picked":"Concentrate+1","floor":32.0},{"not_picked":["Dodge and Roll+1","Infinite Blades"],"picked":"Blur","floor":33.0},{"not_picked":["Skewer","Infinite Blades","Choke"],"picked":"SKIP","floor":35.0},{"not_picked":["Outmaneuver","Flying Knee"],"picked":"Acrobatics","floor":36.0},{"not_picked":["Setup","Accuracy+1","Finisher"],"picked":"SKIP","floor":40},{"not_picked":["Flechettes","Glass Knife","Infinite Blades"],"picked":"SKIP","floor":41},{"not_picked":["Crippling Poison","Deadly Poison","Dagger Spray"],"picked":"SKIP","floor":43},{"not_picked":["Slice","Poisoned Stab+1","Dagger Spray"],"picked":"SKIP","floor":44},{"not_picked":["Deadly Poison+1","Cloak And Dagger"],"picked":"Reflex","floor":46},{"not_picked":["Glass Knife","Unload"],"picked":"Adrenaline","floor":49},{"not_picked":["Blade Dance","Dodge and Roll"],"picked":"Prepared+1","floor":51},{"not_picked":["Skewer","Dagger Spray"],"picked":"Prepared","floor":52},{"not_picked":["Deflect+1","Poisoned Stab","Quick Slash"],"picked":"SKIP","floor":55},{"not_picked":["Riddle With Holes+1","Bullet Time","Flying Knee"],"picked":"SKIP","floor":57},{"not_picked":["PiercingWail","Dodge and Roll","Heel Hook"],"picked":"SKIP","floor":58},{"not_picked":["Finisher+1","Deflect"],"picked":"Terror+1","floor":59},{"not_picked":["Dagger Spray+1","Catalyst","Unload"],"picked":"SKIP","floor":61},{"not_picked":["Endless Agony+1","Quick Slash","Slice"],"picked":"SKIP","floor":63},{"not_picked":["Calculated Gamble","All Out Attack","Caltrops"],"picked":"SKIP","floor":65},{"not_picked":["Malaise","Deflect+1","Underhanded Strike"],"picked":"SKIP","floor":67},{"not_picked":["Blur+1","Acrobatics+1","Outmaneuver+1"],"picked":"SKIP","floor":68},{"not_picked":["Heel Hook+1","Concentrate+1"],"picked":"Footwork+1","floor":75}],"player_experience":2457141,"relics_obtained":[{"floor":9.0,"key":"Lizard Tail"},{"floor":12.0,"key":"Vajra"},{"floor":14.0,"key":"Matryoshka"},{"floor":31.0,"key":"Nilry\u0027s Codex"},{"floor":33.0,"key":"Toy Ornithopter"},{"floor":35.0,"key":"Oddly Smooth Stone"},{"floor":38.0,"key":"Snake Skull"},{"floor":38.0,"key":"Bag of Preparation"},{"floor":39,"key":"Dream Catcher"},{"floor":40,"key":"Bronze Scales"},{"floor":59,"key":"InkBottle"},{"floor":61,"key":"Ornamental Fan"},{"floor":62,"key":"HornCleat"},{"floor":64,"key":"Mango"},{"floor":65,"key":"TungstenRod"},{"floor":66,"key":"Blood Vial"},{"floor":75,"key":"Mummified Hand"}],"event_choices":[{"damage_healed":0.0,"max_hp_gain":0.0,"max_hp_loss":0.0,"gold_gain":0.0,"event_name":"Accursed Blacksmith","player_choice":"Forge","floor":6.0,"gold_loss":0.0,"damage_taken":0.0,"cards_upgraded":["Noxious Fumes"]},{"damage_healed":0.0,"max_hp_gain":0.0,"max_hp_loss":0.0,"gold_gain":0.0,"event_name":"Match and Keep!","player_choice":"1 cards matched","floor":13.0,"gold_loss":0.0,"damage_taken":0.0,"cards_obtained":["Madness"]},{"damage_healed":0.0,"max_hp_gain":0.0,"max_hp_loss":0.0,"gold_gain":0.0,"event_name":"Scrap Ooze","player_choice":"Success","floor":21.0,"gold_loss":0.0,"damage_taken":7.0,"relics_obtained":["Centennial Puzzle"]},{"damage_healed":0.0,"max_hp_gain":5.0,"max_hp_loss":0.0,"gold_gain":0.0,"event_name":"Big Fish","player_choice":"Donut","floor":24.0,"gold_loss":0.0,"damage_taken":0.0},{"damage_healed":0.0,"max_hp_gain":0.0,"max_hp_loss":0.0,"gold_gain":0.0,"event_name":"Cursed Tome","player_choice":"Obtained Book","floor":31.0,"gold_loss":0.0,"damage_taken":16.0},{"damage_healed":0.0,"max_hp_gain":0.0,"max_hp_loss":0.0,"gold_gain":0.0,"event_name":"Upgrade Shrine","player_choice":"Upgraded","floor":37.0,"gold_loss":0.0,"damage_taken":0.0,"cards_upgraded":["Acrobatics"]},{"cards_removed":["Neutralize"],"damage_healed":0,"gold_gain":0,"player_choice":"Removed Attack","damage_taken":0,"max_hp_gain":0,"max_hp_loss":0,"event_name":"Falling","floor":53,"gold_loss":0},{"damage_healed":0,"gold_gain":0,"player_choice":"Ignored","damage_taken":0,"max_hp_gain":0,"max_hp_loss":0,"event_name":"SecretPortal","floor":54,"gold_loss":0},{"damage_healed":0,"gold_gain":0,"player_choice":"Fight","damage_taken":0,"max_hp_gain":0,"max_hp_loss":0,"event_name":"MindBloom","floor":64,"gold_loss":0}],"is_beta":false,"boss_relics":[{"not_picked":["Velvet Choker","Philosopher\u0027s Stone"],"picked":"Astrolabe"},{"not_picked":["Snecko Eye","WristBlade"],"picked":"Runic Dome"}],"items_purged_floors":[19,42,45,56,74],"is_endless":false,"potions_floor_spawned":[3,4,12,16,18,26,29,30,32,33,46,49,55,59,61,63],"ascension_level":1}}