{"host":"ggy1mjjy92c62u6a","time":1613397802,"event":{"mods":["10 clothes from DAL","ATMod(∞¢Ë™Mod)","Act Like it!","BaseMod","Colored Powertips","GifTheSpireLib","Infinite Spire","Library of Ruina","Library of Ruina Extra","Lobotomy","LobotomyExtend","Minty Spire (QoL Compilation)","Quick Restart","Relic Filter Mod","Relic Stats","Reliquary","Replay The Spire","Shop Mod","Spicy Shops","StSLib","SuperFastMode","TestMod","°æπ¶ƒ‹Mod°øªÏ„Á÷Æª∑–ﬁ∏¥≤π∂°","°æ“≈ŒÔMod°øÀ¿¡È∑® ¶NEW","°æ“≈ŒÔø®≈∆°øREMEMod"],"gold_per_floor":[114,127,127,143,68,68,97,115,115,129,144,159,159,171,171,270,270,289,204,104,121,121,121,121,121,144,163,163,193,193,203,203,308,358,372,372,372,42,56,56,85,96,174,174,174,174,194,194,194],"floor_reached":48,"language":"ZHS","playtime":2260,"items_purged":["Strike_G","Strike_G","Strike_G"],"score":696,"play_id":"b2e5398a-4e8c-4838-99a5-9d3e45796806","local_time":"20210215220322","is_ascension_mode":true,"campfire_choices":[{"data":"Neutralize","floor":6.0,"key":"SMITH"},{"data":"Infinite Blades","floor":13.0,"key":"SMITH"},{"floor":15.0,"key":"REST"},{"floor":23.0,"key":"REST"},{"floor":28.0,"key":"REST"},{"floor":32.0,"key":"DIG"},{"floor":40,"key":"REST"},{"data":"ReplayTheSpireMod:Faulty Equipment","floor":44,"key":"SMITH"},{"data":"Tactician","floor":46,"key":"SMITH"}],"circlet_count":0,"master_deck":["Defend_G+1","Defend_G","Defend_G","Defend_G","Defend_G","Survivor","Neutralize+1","AT_ShadowStep","Prepared+1","Backflip","Strike_G","Tactician+1","Blade Dance+1","Prepared+1","Calculated Gamble","REME_GreenPollution","Tools of the Trade","Terror+1","Blur","Slice","Tools of the Trade","Bouncing Flask","Expertise"],"relics":["Ring of the Snake","REME_ComplimentaryCards","AT_ATBox","testmod-TestBox","testmod-ThousandKnives","CogitoBucket","RabbitCall","LetterFromLob","reliquary:FerryPass","PageOfTodaysShyLook","Black Star","AT_GuinsooRageblade","AT_RedNoBalance","AT_RedTearstoneRing","Replay:Bottled Eggs","Kunai","Pocketwatch","Tiny House","AtMidnight","Pen Nib","Boot","StoneCalendar","PageOfQueenBee","PageOfScarecrow"],"acts_visited":["Exordium","TheCity","TheBeyond"],"potions_floor_usage":[],"damage_taken":[{"damage":6.0,"enemies":"2 Louse","floor":1.0,"turns":3.0},{"damage":2.0,"enemies":"Cultist","floor":2.0,"turns":5.0},{"damage":8.0,"enemies":"Small Slimes","floor":4.0,"turns":3.0},{"damage":12.0,"enemies":"3 Sentries","floor":7.0,"turns":8.0},{"damage":0.0,"enemies":"Blue Slaver","floor":8.0,"turns":4.0},{"damage":6.0,"enemies":"Large Slime","floor":10.0,"turns":4.0},{"damage":0.0,"enemies":"2 Fungi Beasts","floor":11.0,"turns":4.0},{"damage":12.0,"enemies":"Exordium Wildlife","floor":12.0,"turns":5.0},{"damage":9.0,"enemies":"Exordium Thugs","floor":14.0,"turns":5.0},{"damage":11.0,"enemies":"Fading Forest","floor":16.0,"turns":11.0},{"damage":36.0,"enemies":"Chosen","floor":18.0,"turns":8.0},{"damage":6.0,"enemies":"Shell Parasite","floor":21.0,"turns":5.0},{"damage":2.0,"enemies":"Shelled Parasite and Fungi","floor":27.0,"turns":6.0},{"damage":9.0,"enemies":"Slavers","floor":29.0,"turns":7.0},{"damage":0.0,"enemies":"Snake Plant","floor":31.0,"turns":6.0},{"damage":0.0,"enemies":"KingOfGreed","floor":33.0,"turns":12.0},{"damage":9.0,"enemies":"Orb Walker","floor":35.0,"turns":8.0},{"damage":14,"enemies":"3 Shapes","floor":39,"turns":3},{"damage":0,"enemies":"Nemesis","floor":41,"turns":6},{"damage":10,"enemies":"Transient","floor":42,"turns":5},{"damage":14,"enemies":"Maw","floor":47,"turns":6},{"damage":34,"enemies":"Spire Growth","floor":48,"turns":3}],"seed_played":"8798863698733758390","potions_obtained":[{"floor":2.0,"key":"EntropicBrew"},{"floor":10.0,"key":"infinitespire:BlackPotion"},{"floor":27.0,"key":"Weak Potion"},{"floor":31.0,"key":"BlessingOfTheForge"},{"floor":34.0,"key":"testmod-SpacePotion"},{"floor":35.0,"key":"LiquidMemories"},{"floor":39,"key":"testmod-EscapePotion"}],"is_trial":false,"path_per_floor":["M","M","?","M","$","R","E","M","T","M","M","M","R","M","R","B",null,"M","?","$","M","?","R","?","?","T","M","R","E","?","M","R","B",null,"M","?","?","$","M","R","E","M","T","R","T","R","M","M"],"character_chosen":"THE_SILENT","items_purchased":["Pen Nib","Slice"],"campfire_rested":4,"item_purchase_floors":[38,38],"current_hp_per_floor":[64,62,62,54,54,54,42,42,42,36,36,24,24,15,36,25,59,23,23,23,17,17,38,38,38,38,33,54,26,26,35,35,35,66,28,40,40,40,26,48,48,38,38,38,38,38,24,0,0],"gold":194,"neow_bonus":"","is_daily":false,"chose_seed":false,"campfire_upgraded":4,"win_rate":0.0,"timestamp":1613397802,"path_taken":["M","M","?","M","?","R","E","M","T","M","M","M","R","?","R","BOSS","M","?","$","M","?","R","?","?","T","M","R","E","?","M","R","BOSS","M","?","?","$","?","R","E","M","T","R","?","R","?","M"],"items_purchased_type":["Relic","Card"],"build_version":"2020-12-22","purchased_purges":3,"victory":false,"max_hp_per_floor":[70,70,70,70,70,70,70,70,70,70,70,70,70,70,70,70,70,70,70,70,70,70,70,70,70,70,70,70,70,70,70,70,70,75,75,75,75,75,75,75,75,75,75,75,75,75,75,75,75],"relic_stats":{"counters":[25,130],"StoneCalendar":[0],"Pen Nib":[4],"Black Star":2,"Kunai":[60],"Boot":[12],"obtain_stats":[{"RabbitCall":0,"AT_ATBox":0,"Tiny House":34,"StoneCalendar":41,"Boot":41,"reliquary:FerryPass":7,"PageOfScarecrow":45,"CogitoBucket":0,"PageOfQueenBee":43,"testmod-ThousandKnives":0,"Kunai":29,"Replay:Bottled Eggs":29,"AT_RedNoBalance":35,"PageOfTodaysShyLook":9,"AT_GuinsooRageblade":19,"Ring of the Snake":0,"AT_RedTearstoneRing":26,"testmod-TestBox":0,"AT_SilverBalance":25,"Pen Nib":38,"AtMidnight":35,"LetterFromLob":1,"Black Star":17,"REME_ComplimentaryCards":0,"Pocketwatch":32},{"RabbitCall":0,"AT_ATBox":0,"Tiny House":18,"StoneCalendar":22,"Boot":22,"reliquary:FerryPass":4,"PageOfScarecrow":23,"CogitoBucket":0,"PageOfQueenBee":23,"testmod-ThousandKnives":0,"Kunai":16,"Replay:Bottled Eggs":16,"AT_RedNoBalance":19,"PageOfTodaysShyLook":5,"AT_GuinsooRageblade":13,"Ring of the Snake":0,"AT_RedTearstoneRing":14,"testmod-TestBox":0,"AT_SilverBalance":14,"Pen Nib":20,"AtMidnight":20,"LetterFromLob":1,"Black Star":11,"REME_ComplimentaryCards":0,"Pocketwatch":17},{"RabbitCall":0,"AT_ATBox":0,"Tiny House":98,"StoneCalendar":116,"Boot":116,"reliquary:FerryPass":19,"PageOfScarecrow":121,"CogitoBucket":0,"PageOfQueenBee":121,"testmod-ThousandKnives":0,"Kunai":80,"Replay:Bottled Eggs":80,"AT_RedNoBalance":98,"PageOfTodaysShyLook":23,"AT_GuinsooRageblade":62,"Ring of the Snake":0,"AT_RedTearstoneRing":67,"testmod-TestBox":0,"AT_SilverBalance":67,"Pen Nib":107,"AtMidnight":107,"LetterFromLob":3,"Black Star":53,"REME_ComplimentaryCards":0,"Pocketwatch":86}],"Ring of the Snake":[53],"Pocketwatch":[6]},"card_choices":[{"not_picked":["Poisoned Stab","Slice"],"picked":"Prepared","floor":1.0},{"not_picked":["Expertise","Sucker Punch"],"picked":"Backflip","floor":2.0},{"not_picked":["infinitespire:Neurotoxin","Bane","Dagger Spray"],"picked":"SKIP","floor":4.0},{"not_picked":["Heel Hook","Poisoned Stab"],"picked":"Tactician","floor":7.0},{"not_picked":["Deflect","Backflip","Hidden Blade"],"picked":"SKIP","floor":8.0},{"not_picked":["Dagger Spray","AT_WindRun","Bane"],"picked":"SKIP","floor":10.0},{"not_picked":["Heel Hook","Sucker Punch","Underhanded Strike"],"picked":"SKIP","floor":11.0},{"not_picked":["Bouncing Flask","AT_WomanClash"],"picked":"Infinite Blades","floor":12.0},{"not_picked":["Cloak And Dagger","Poisoned Stab","Noxious Fumes"],"picked":"SKIP","floor":14.0},{"not_picked":["HellTrainRelic","AspirationHeartRelic","SkinProphecyRelic"],"picked":"Singing Bowl","floor":18.0},{"not_picked":["Draining Mist","Dagger Spray+1"],"picked":"Blade Dance+1","floor":18.0},{"not_picked":["Accuracy","Poisoned Stab"],"picked":"Prepared","floor":21.0},{"not_picked":["Flying Knee+1","Poisoned Stab","Predator"],"picked":"SKIP","floor":27.0},{"not_picked":["Poisoned Stab","Deadly Poison","Cloak And Dagger"],"picked":"SKIP","floor":29.0},{"not_picked":["Dagger Throw","Prepared"],"picked":"REME_GreenPollution","floor":31.0},{"not_picked":["Burst","Poison Darts"],"picked":"Tools of the Trade","floor":33.0},{"not_picked":["Cloak And Dagger","Slice+1"],"picked":"Terror+1","floor":34.0},{"not_picked":["Dash","Quick Slash"],"picked":"Blur","floor":35.0},{"not_picked":["Poisoned Stab+1","Underhanded Strike","Draining Mist+1"],"picked":"SKIP","floor":39},{"not_picked":["Draining Mist","AT_TwilightShroud+1"],"picked":"Tools of the Trade","floor":41},{"not_picked":["Backflip+1","Blade Dance+1"],"picked":"Bouncing Flask","floor":42},{"not_picked":["PiercingWail+1","ReplayTheSpireMod:Tripwire"],"picked":"Expertise","floor":47}],"player_experience":132442,"relics_obtained":[{"floor":1.0,"key":"LetterFromLob"},{"floor":7.0,"key":"reliquary:FerryPass"},{"floor":9.0,"key":"PageOfTodaysShyLook"},{"floor":26.0,"key":"AT_RedTearstoneRing"},{"floor":29.0,"key":"Replay:Bottled Eggs"},{"floor":29.0,"key":"Kunai"},{"floor":32.0,"key":"Pocketwatch"},{"floor":35.0,"key":"AtMidnight"},{"floor":41,"key":"Boot"},{"floor":41,"key":"StoneCalendar"},{"floor":43,"key":"PageOfQueenBee"},{"floor":45,"key":"PageOfScarecrow"}],"event_choices":[{"damage_healed":0.0,"max_hp_gain":0.0,"max_hp_loss":0.0,"gold_gain":0.0,"event_name":"Addict","player_choice":"Obtained Relic","floor":19.0,"gold_loss":85.0,"damage_taken":0.0,"relics_obtained":["AT_GuinsooRageblade"]},{"cards_removed":["Strike_G"],"damage_healed":0.0,"max_hp_gain":0.0,"max_hp_loss":0.0,"gold_gain":0.0,"event_name":"Back to Basics","player_choice":"Elegance","floor":22.0,"gold_loss":0.0,"damage_taken":0.0},{"damage_healed":0.0,"max_hp_gain":0.0,"max_hp_loss":0.0,"gold_gain":0.0,"event_name":"The Library","player_choice":"Read","floor":24.0,"gold_loss":0.0,"damage_taken":0.0,"cards_obtained":["Calculated Gamble"]},{"cards_removed":["Strike_G"],"damage_healed":0.0,"max_hp_gain":0.0,"max_hp_loss":0.0,"gold_gain":0.0,"event_name":"Bonfire Elementals","player_choice":"Offered Basic","floor":30.0,"gold_loss":0.0,"damage_taken":0.0},{"damage_healed":0.0,"max_hp_gain":0.0,"max_hp_loss":0.0,"gold_gain":0.0,"event_name":"The Woman in Blue","player_choice":"Bought 0 Potions","floor":37.0,"gold_loss":0.0,"damage_taken":0.0}],"is_beta":false,"boss_relics":[{"not_picked":["Snecko Eye","Cursed Key"],"picked":"Black Star"},{"not_picked":["testmod-Recursion","REME_DemonsWealth"],"picked":"Tiny House"}],"items_purged_floors":[5,20,38],"is_endless":false,"potions_floor_spawned":[2,10,11,14,27,31,35,39],"killed_by":"Spire Growth","ascension_level":5}}