{"host":"q5l3nirlejh5mn15","time":1613351285,"event":{"mods":["100% Spire Juice","BaseMod","Bossed Relics","Downfall","Energized Spire","FoggyMod","Hermit","Koishi","Lobotomy","LobotomyExtend","Marisa£®ÏF”Í°°ƒß¿Ì…≥£©","Minty Spire (QoL Compilation)","MostiFishMod","Reimu£®≤©¿ˆ¡È√Œ£©","Relic Filter Mod","Reliquary","Remilia£®¿Ÿ√◊¿Ú—«£©","RumiaBox-¬∂√◊Ê´µƒ…Ò√ÿ∫–◊”","Spicy Shops","StSLib","TestMod","The Hierophant","The Servant 0.9.4","UnlockEverythingMod","Warlord Emblem","°æπ¶ƒ‹Mod°øªÏ„Á÷Æª∑–ﬁ∏¥≤π∂°","°æ“≈ŒÔø®≈∆°øREMEMod"],"gold_per_floor":[111,111,127,52,52,52,78,90,90,90,9,9,9,23,23,122,122,122,122],"floor_reached":18,"language":"ZHS","playtime":396,"items_purged":["Doubt"],"score":233,"play_id":"c76c311d-62b6-4596-b7be-5c6a7901a0b7","local_time":"20210215090805","is_ascension_mode":false,"campfire_choices":[],"circlet_count":0,"master_deck":["SpecialBullet","SpecialBullet","SpecialBullet","SpecialBullet","SpecialBullet","SpecialBullet","SpecialBullet","SpecialBullet","InformationCode","ExtractionCode","CentralCode","champ:ShieldWall","MeatLantern","Moonlight","Tough","FourthMatchFlame+1","OSAHOGD","GoldRush","BigBadWolf","Justitia","Scorched","Soda","Discord+1","testmod-DeathImprint","BearPaw","Funeral","Hypocrisy","Bloodbath","Justitia"],"relics":["CogitoBucket","DaveBox","testmod-TestBox","REME_ComplimentaryCards","testmod-D®¶j®§vu","ExusiaiGun","FossilizedHelix","SynthV:TestCard","Baka","LetterFromLob","AddBug","SecretRecord","SecretRecord"],"acts_visited":["Exordium","TheCity"],"potions_floor_usage":[3],"damage_taken":[{"damage":0,"enemies":"Small Slimes","floor":1,"turns":2},{"damage":0,"enemies":"Cultist","floor":3,"turns":1},{"damage":0,"enemies":"3 Sentries","floor":7,"turns":2},{"damage":0,"enemies":"Jaw Worm","floor":8,"turns":1},{"damage":0,"enemies":"Red Slaver","floor":14,"turns":2},{"damage":0,"enemies":"Slime Boss","floor":16,"turns":2},{"damage":6,"enemies":"3 Byrds","floor":18,"turns":2}],"seed_played":"-6634459104529834844","potions_obtained":[{"floor":1,"key":"SteroidPotion"},{"floor":2,"key":"LiquidMemories"},{"floor":2,"key":"ZuzhouPotion:ReiMu"},{"floor":3,"key":"testmod-SpacePotion"},{"floor":7,"key":"bronze:BurnAndBuffPotion"},{"floor":16,"key":"Dexterity Potion"}],"is_trial":false,"path_per_floor":["M","?","M","$","?","R","E","M","T","R","$","?","?","M","R","B",null,"M"],"character_chosen":"Angela","items_purchased":["Discord"],"campfire_rested":0,"item_purchase_floors":[11],"current_hp_per_floor":[70,70,70,70,70,70,56,56,56,56,56,40,40,40,40,40,78,72,72],"gold":122,"neow_bonus":"ONE_RARE_RELIC","is_daily":false,"chose_seed":false,"campfire_upgraded":0,"win_rate":0.0,"timestamp":1613351285,"path_taken":["M","?","?","$","?","R","E","?","T","R","$","?","?","?","R","BOSS","M"],"items_purchased_type":["Card"],"build_version":"2020-12-22","purchased_purges":1,"victory":false,"max_hp_per_floor":[70,70,70,70,70,70,78,78,78,78,78,78,78,78,78,78,78,78,78],"card_choices":[{"not_picked":["VoidDream","QueenOfHatred"],"picked":"MeatLantern","floor":1},{"not_picked":["Regret_ego"],"picked":"Moonlight","floor":1},{"not_picked":["FourthMatchFlame"],"picked":"Tough","floor":1},{"not_picked":["Galaxy"],"picked":"FourthMatchFlame","floor":1},{"not_picked":["SpiderBud","BeautyBeast"],"picked":"OSAHOGD","floor":3},{"not_picked":["CherryBlossom","Lantern","FourthMatchFlame"],"picked":"GoldRush","floor":3},{"not_picked":["LaLuna","SpiderBud"],"picked":"BigBadWolf","floor":7},{"not_picked":["Beak","CENSORED_ego","SomewhereSpear"],"picked":"Justitia","floor":7},{"not_picked":["WallGazer","MHz"],"picked":"Scorched","floor":8},{"not_picked":["GoldRush","Noise","SomewhereSpear"],"picked":"Soda","floor":8},{"not_picked":["OldLady","SpiderBud"],"picked":"Funeral","floor":14},{"not_picked":["Hornet","Beak","Loneliness"],"picked":"Hypocrisy","floor":14},{"not_picked":["Scarecrow","HeroicMonk"],"picked":"Bloodbath","floor":16},{"not_picked":["TheSmile","GoldRush","CENSORED_ego","SoundOfStar"],"picked":"Justitia","floor":16}],"player_experience":282040,"relics_obtained":[{"floor":1,"key":"SynthV:TestCard"},{"floor":1,"key":"Baka"},{"floor":1,"key":"LetterFromLob"},{"floor":1,"key":"AddBug"},{"floor":3,"key":"testmod-Nyarlathotep"},{"floor":7,"key":"CeramicFish"},{"floor":9,"key":"GodSword7"},{"floor":16,"key":"SecretRecord"}],"event_choices":[{"damage_healed":0,"gold_gain":0,"player_choice":"Got Potions","damage_taken":0,"max_hp_gain":0,"max_hp_loss":0,"event_name":"Lab","floor":2,"gold_loss":0},{"damage_healed":0,"gold_gain":0,"player_choice":"Bought 0 Potions","damage_taken":0,"max_hp_gain":0,"max_hp_loss":0,"event_name":"The Woman in Blue","floor":5,"gold_loss":0},{"damage_healed":0,"gold_gain":0,"player_choice":"Entered Light","damage_taken":16,"max_hp_gain":0,"max_hp_loss":0,"event_name":"Shining Light","floor":12,"gold_loss":0,"cards_upgraded":["Discord","FourthMatchFlame"]},{"damage_healed":0,"gold_gain":0,"player_choice":"2 cards matched","damage_taken":0,"max_hp_gain":0,"max_hp_loss":0,"event_name":"Match and Keep!","floor":13,"gold_loss":0,"cards_obtained":["testmod-DeathImprint","BearPaw"]}],"is_beta":false,"boss_relics":[{"not_picked":["testmod-DeterminationOfClimber","energizedSpire:CursedPentagram"],"picked":"reliquary:KinkedSpring"}],"items_purged_floors":[4],"is_endless":false,"potions_floor_spawned":[1,3,7,16],"killed_by":"3 Byrds","ascension_level":0}}