{"host":"cnq91ghfhf6lz0gv","time":1613348766,"event":{"mods":["BaseMod","Clockwork Mod","Colored Map","Colored Powertips","Conspire","Downfall","Googly Eyes","Highlight Path","Minty Spire (QoL Compilation)","Morshu Shopkeeper - ENHANCED","Reliquary","Replay The Spire","StSLib","SuperFastMode","The IronCluck","The Showman","slay the spire mod where everything is the same but ironclad has a cowboy hat"],"gold_per_floor":[110,110,124,124,140,178,178,217,270,314,21,40,40,40,40,165,165,179,200,200,57,76,109,134,134,134,134,134,160,160,188,188,289,289,308,327,377,195,195,251,280,296,296,325,325,352,373,373,373,373,373,373,96,125,125],"floor_reached":56,"language":"ENG","playtime":3909,"items_purged":["downfall:Malfunctioning","conspire:GhostlyStrike","conspire:GhostlyStrike"],"score":1877,"play_id":"2c107793-0d52-4bf4-98be-4ec0177875f8","local_time":"20210214192606","is_ascension_mode":true,"campfire_choices":[{"data":"Eruption","floor":7.0,"key":"SMITH"},{"data":"LikeWater","floor":15.0,"key":"SMITH"},{"data":"FlurryOfBlows","floor":25,"key":"SMITH"},{"data":"TalkToTheHand","floor":28,"key":"SMITH"},{"data":"Adaptation","floor":30,"key":"SMITH"},{"data":"FollowUp","floor":32,"key":"SMITH"},{"floor":45,"key":"RECALL"},{"data":"MasterReality","floor":49,"key":"SMITH"},{"data":"TalkToTheHand","floor":52,"key":"SMITH"}],"circlet_count":0,"master_deck":["conspire:GhostlyStrike","conspire:GhostlyStrike","conspire:GhostlyDefend","conspire:GhostlyDefend","conspire:GhostlyDefend","conspire:GhostlyDefend","Eruption+2","Vigilance+2","LikeWater+1","FlurryOfBlows+1","FollowUp+1","TalkToTheHand+2","CutThroughFate+2","Scrawl+1","ThirdEye+2","LikeWater+1","Adaptation+1","CarveReality+1","Evaluate","Swivel+1","TalkToTheHand+1","LessonLearned+2","Wallop+2","ReplayTheSpireMod:Splinters","Vault+2","ThirdEye+1","FearNoEvil+1","MasterReality+1","ReplayTheSpireMod:Splinters","Madness","Madness"],"relics":["Sozu","Bloody Idol","reliquary:Stiletto","Turnip","FossilizedHelix","ReplayTheSpireMod:CursedCoin","Replay:Baseball","reliquary:RedPaperclip","Du-Vu Doll","ReplayTheSpireMod:Lightbulb","reliquary:Solitaire","Snack Pack","Runic Dome","Ice Cream","Ring of Fury","ReplayTheSpireMod:Ring of Challenge","Guardian:PocketSentry","Molten Egg 2","Replay:WaspNest","conspire:GlowingRock","Orrery","conspire:Dentures"],"acts_visited":["Exordium","TheCity","TheBeyond","TheEnding"],"potions_floor_usage":[],"damage_taken":[{"damage":0.0,"enemies":"Small Slimes","floor":1.0,"turns":2.0},{"damage":0.0,"enemies":"Jaw Worm","floor":3.0,"turns":4.0},{"damage":0.0,"enemies":"2 Louse","floor":5.0,"turns":4.0},{"damage":0.0,"enemies":"3 Sentries","floor":6.0,"turns":14.0},{"damage":14.0,"enemies":"Gremlin Nob","floor":8.0,"turns":4.0},{"damage":0.0,"enemies":"Lagavulin","floor":10.0,"turns":6.0},{"damage":0.0,"enemies":"Lots of Slimes","floor":12.0,"turns":4.0},{"damage":10.0,"enemies":"Fading Forest","floor":16.0,"turns":11.0},{"damage":0.0,"enemies":"2 Thieves","floor":18.0,"turns":3.0},{"damage":0.0,"enemies":"Spheric Guardian","floor":19.0,"turns":3.0},{"damage":6.0,"enemies":"Chosen and Byrds","floor":22.0,"turns":4.0},{"damage":0,"enemies":"Book of Stabbing","floor":23,"turns":5},{"damage":10,"enemies":"Cultist and Chosen","floor":24,"turns":6},{"damage":0,"enemies":"Replay:Snechameleon","floor":29,"turns":4},{"damage":28,"enemies":"Slavers","floor":31,"turns":8},{"damage":4,"enemies":"Pondfish","floor":33,"turns":8},{"damage":0,"enemies":"Orb Walker","floor":35,"turns":6},{"damage":20,"enemies":"3 Darklings","floor":36,"turns":6},{"damage":0,"enemies":"Mind Bloom Boss Battle","floor":37,"turns":7},{"damage":0,"enemies":"Sphere and 2 Shapes","floor":40,"turns":2},{"damage":0,"enemies":"Nemesis","floor":41,"turns":3},{"damage":0,"enemies":"Jaw Worm Horde","floor":42,"turns":3},{"damage":0,"enemies":"Giant Head","floor":44,"turns":5},{"damage":0,"enemies":"R_Hoarder","floor":46,"turns":6},{"damage":4,"enemies":"Time Eater","floor":50,"turns":6},{"damage":0,"enemies":"Shield and Spear","floor":54,"turns":6},{"damage":4,"enemies":"The Heart","floor":55,"turns":8}],"seed_played":"-3715242345766999281","potions_obtained":[],"is_trial":false,"path_per_floor":["M","?","M","?","M","E","R","E","T","E","$","M","$","?","R","B",null,"M","M","?","$","M","E","M","R","T","?","R","E","R","E","R","B",null,"M","M","?","$","?","M","E","M","T","E","R","E","?","?","R","B",null,"R","$","E","B",null],"character_chosen":"WATCHER","items_purchased":["FossilizedHelix","ReplayTheSpireMod:CursedCoin","Replay:Baseball","Adaptation","Wallop","Orrery"],"campfire_rested":0,"item_purchase_floors":[11,11,11,21,38,53],"current_hp_per_floor":[72,54,54,54,54,54,54,40,40,40,40,40,40,40,40,30,72,72,72,72,72,66,66,56,56,56,56,56,61,61,38,38,57,72,72,63,72,72,72,72,72,72,72,72,72,72,72,63,63,71,72,72,72,72,70],"gold":125,"neow_bonus":"BOSS_RELIC","is_daily":false,"chose_seed":false,"campfire_upgraded":8,"win_rate":0.0,"timestamp":1613348766,"path_taken":["M","?","M","?","M","E","R","E","T","E","$","M","?","?","R","BOSS","M","M","?","$","?","E","M","R","T","?","R","E","R","E","R","BOSS","M","M","?","$","?","M","E","M","T","E","R","E","?","?","R","BOSS","R","$","E","BOSS"],"items_purchased_type":["Relic","Relic","Relic","Card","Card","Relic"],"build_version":"2020-12-22","purchased_purges":3,"victory":true,"max_hp_per_floor":[72,72,72,72,72,72,72,72,72,72,72,72,72,72,72,72,72,72,72,72,72,72,72,72,72,72,72,72,72,72,72,72,72,72,72,72,72,72,72,72,72,72,72,72,72,72,72,72,72,72,72,72,72,72,72],"card_choices":[{"not_picked":["JustLucky","CrushJoints"],"picked":"LikeWater","floor":1.0},{"not_picked":["JustLucky","PathToVictory"],"picked":"FlurryOfBlows","floor":3.0},{"not_picked":["FlurryOfBlows","Protect"],"picked":"FollowUp","floor":5.0},{"not_picked":["Replay:ManipulateFuture","MentalFortress"],"picked":"TalkToTheHand","floor":6.0},{"not_picked":["Judgement","Vengeance","WindmillStrike"],"picked":"SKIP","floor":8.0},{"not_picked":["Replay:Cycle","JustLucky"],"picked":"CutThroughFate","floor":10.0},{"not_picked":["EmptyFist","Study","FlyingSleeves"],"picked":"SKIP","floor":12.0},{"not_picked":["Establishment","SpiritShield"],"picked":"Scrawl","floor":16.0},{"not_picked":["Replay:AtTheReady","Consecrate","Sanctity"],"picked":"SKIP","floor":18.0},{"not_picked":["FlurryOfBlows+1","Consecrate"],"picked":"ThirdEye","floor":19.0},{"not_picked":["SashWhip+1","Replay:Anticipation"],"picked":"CarveReality+1","floor":22.0},{"not_picked":["FollowUp","Replay:AtTheReady"],"picked":"Evaluate","floor":23},{"not_picked":["BowlingBash+1","EmptyFist"],"picked":"Swivel+1","floor":24},{"not_picked":["EmptyBody","FearNoEvil"],"picked":"TalkToTheHand","floor":29},{"not_picked":["Replay:ManipulateFuture","Conclude","WreathOfFlame"],"picked":"SKIP","floor":31},{"not_picked":["Replay:ManipulateFuture","Conclude","WreathOfFlame"],"picked":"SKIP","floor":31},{"not_picked":["Wish","SpiritShield"],"picked":"LessonLearned","floor":33},{"not_picked":["Perseverance+1","Replay:BluntJabs","JustLucky"],"picked":"SKIP","floor":35},{"not_picked":["BattleHymn+1","FlurryOfBlows","MentalFortress+1"],"picked":"SKIP","floor":36},{"not_picked":["Replay:AtTheReady","Replay:DivineShield+1"],"picked":"Vault","floor":40},{"not_picked":["CutThroughFate+1","BowlingBash+1"],"picked":"ThirdEye+1","floor":41},{"not_picked":["Evaluate","Protect"],"picked":"FearNoEvil+1","floor":42},{"not_picked":["Brilliance+1","Replay:Hum","Replay:DivineShield+1"],"picked":"SKIP","floor":44},{"not_picked":["Replay:ManipulateFuture","Replay:Vibes"],"picked":"MasterReality","floor":46},{"not_picked":["Consecrate+1","Wireheading+1","PathToVictory"],"picked":"SKIP","floor":54}],"player_experience":238030,"relics_obtained":[{"floor":6.0,"key":"Replay:Accelerometer"},{"floor":8.0,"key":"reliquary:Stiletto"},{"floor":9.0,"key":"PreservedInsect"},{"floor":10.0,"key":"Turnip"},{"floor":23,"key":"Du-Vu Doll"},{"floor":26,"key":"ReplayTheSpireMod:Lightbulb"},{"floor":29,"key":"reliquary:Solitaire"},{"floor":31,"key":"Snack Pack"},{"floor":37,"key":"Ice Cream"},{"floor":39,"key":"Ring of Fury"},{"floor":39,"key":"ReplayTheSpireMod:Ring of Challenge"},{"floor":41,"key":"Guardian:PocketSentry"},{"floor":44,"key":"Molten Egg 2"},{"floor":46,"key":"Replay:WaspNest"},{"floor":47,"key":"conspire:GlowingRock"},{"floor":54,"key":"conspire:Dentures"}],"event_choices":[{"damage_healed":0.0,"max_hp_gain":0.0,"max_hp_loss":0.0,"gold_gain":0.0,"event_name":"Golden Idol","player_choice":"Take Damage","floor":2.0,"gold_loss":0.0,"damage_taken":18.0,"relics_obtained":["Golden Idol"]},{"damage_healed":0.0,"max_hp_gain":0.0,"max_hp_loss":0.0,"gold_gain":0.0,"event_name":"conspire:LoneGhost","player_choice":"Agree","floor":4.0,"gold_loss":0.0,"damage_taken":0.0},{"damage_healed":0.0,"max_hp_gain":0.0,"max_hp_loss":0.0,"gold_gain":0.0,"event_name":"conspire:Investor","player_choice":"Leave","floor":14.0,"gold_loss":0.0,"damage_taken":0.0},{"damage_healed":0.0,"max_hp_gain":0.0,"max_hp_loss":0.0,"gold_gain":0.0,"event_name":"Duplicator","player_choice":"Copied","floor":20.0,"gold_loss":0.0,"damage_taken":0.0,"cards_obtained":["LikeWater"]},{"damage_healed":0,"gold_gain":0,"player_choice":"Gave Idol","damage_taken":0,"relics_obtained":["Bloody Idol"],"max_hp_gain":0,"max_hp_loss":0,"event_name":"Forgotten Altar","floor":27,"relics_lost":["Golden Idol"],"gold_loss":0},{"damage_healed":0,"gold_gain":0,"player_choice":"Fight","damage_taken":0,"max_hp_gain":0,"max_hp_loss":0,"event_name":"MindBloom","floor":37,"gold_loss":0},{"damage_healed":0,"gold_gain":0,"player_choice":"Embrace Madness","damage_taken":9,"max_hp_gain":0,"max_hp_loss":0,"event_name":"Winding Halls","floor":48,"gold_loss":0,"cards_obtained":["Madness","Madness"]}],"is_beta":false,"boss_relics":[{"not_picked":["conspire:SlowCooker","conspire:SpecialSausage"],"picked":"reliquary:RedPaperclip"},{"not_picked":["Velvet Choker","conspire:SeveredTorchhead"],"picked":"Runic Dome"}],"items_purged_floors":[21,38,53],"is_endless":false,"potions_floor_spawned":[1,5,16,18,23,29,33,35,37],"ascension_level":2}}