{"host":"d2gh6suihlstufn7","time":1613419085,"event":{"mods":["AchievementEnabler","BaseMod","Colored Map","Colored Powertips","Minty Spire (QoL Compilation)","Permanent Neow","Quick Restart"],"gold_per_floor":[115,115,133,58,8,8,20,20,20,31,31,31,31,47,47,47,47],"floor_reached":16,"language":"KOR","playtime":499,"items_purged":["Defend_R"],"score":90,"play_id":"b56b5ed1-f432-49d2-98e5-507af8828430","local_time":"20210216045805","is_ascension_mode":false,"campfire_choices":[{"floor":6,"key":"RECALL"},{"data":"Bash","floor":8,"key":"SMITH"},{"data":"Battle Trance","floor":12,"key":"SMITH"},{"data":"Dark Embrace","floor":15,"key":"SMITH"}],"circlet_count":0,"master_deck":["Strike_R","Strike_R","Defend_R","Defend_R","Bash+1","Corruption+1","Offering+1","Rage+1","Battle Trance+1","Dark Embrace+1"],"relics":["Astrolabe","Bag of Preparation","PreservedInsect"],"acts_visited":["Exordium"],"potions_floor_usage":[],"damage_taken":[{"damage":6,"enemies":"Jaw Worm","floor":1,"turns":3},{"damage":2,"enemies":"2 Louse","floor":3,"turns":4},{"damage":6,"enemies":"Cultist","floor":7,"turns":4},{"damage":2,"enemies":"Exordium Wildlife","floor":10,"turns":5},{"damage":6,"enemies":"3 Louse","floor":14,"turns":3},{"damage":48,"enemies":"The Guardian","floor":16,"turns":5}],"seed_played":"-3080168343725618820","potions_obtained":[{"floor":1,"key":"DistilledChaos"},{"floor":10,"key":"PowerPotion"},{"floor":14,"key":"FairyPotion"}],"is_trial":false,"path_per_floor":["M","?","M","$","?","R","M","R","T","M","$","R","T","M","R","B"],"character_chosen":"IRONCLAD","items_purchased":[],"campfire_rested":0,"item_purchase_floors":[],"current_hp_per_floor":[74,67,65,65,65,65,59,59,59,57,57,57,57,51,51,3,3],"gold":47,"neow_bonus":"BOSS_RELIC","is_daily":false,"chose_seed":false,"campfire_upgraded":3,"win_rate":0.0,"timestamp":1613419085,"path_taken":["M","?","M","$","?","R","M","R","T","M","?","R","?","?","R","BOSS"],"items_purchased_type":[],"build_version":"2020-12-22","purchased_purges":1,"victory":false,"max_hp_per_floor":[80,80,80,80,80,80,80,80,80,80,80,80,80,80,80,80,80],"card_choices":[{"not_picked":["Armaments","Ghostly Armor"],"picked":"Battle Trance","floor":1},{"not_picked":["Entrench","Blood for Blood","Thunderclap"],"picked":"SKIP","floor":3},{"not_picked":["Cleave","Warcry","Ghostly Armor"],"picked":"SKIP","floor":7},{"not_picked":["Warcry","Flame Barrier"],"picked":"Dark Embrace","floor":10},{"not_picked":["Inflame","Bloodletting","Wild Strike"],"picked":"SKIP","floor":14}],"player_experience":264650,"relics_obtained":[{"floor":13,"key":"PreservedInsect"}],"event_choices":[{"damage_healed":0,"gold_gain":0,"player_choice":"Success","damage_taken":7,"relics_obtained":["Bag of Preparation"],"max_hp_gain":0,"max_hp_loss":0,"event_name":"Scrap Ooze","floor":2,"gold_loss":0},{"cards_removed":["Defend_R"],"damage_healed":0,"gold_gain":0,"player_choice":"Card Removal","damage_taken":0,"max_hp_gain":0,"max_hp_loss":0,"event_name":"The Cleric","floor":5,"gold_loss":50}],"is_beta":false,"boss_relics":[],"items_purged_floors":[4],"is_endless":false,"potions_floor_spawned":[1,10,14],"killed_by":"The Guardian","ascension_level":0}}