{"host":"5ezk7t18wcb10u1o","time":1613382234,"event":{"mods":["BaseMod","Bestiary","Colored Powertips","Minty Spire (QoL Compilation)","Relic Sorter"],"gold_per_floor":[114,132,132,143,68,94,94,108,108,108,122,138,156,174,174,250,250,267,286,136,153,184,184,184,5,30,43,43,59,59,71,71,144,144,159,159,179,41,41,41,75,90,117,143,143,155,187,212,212,212],"floor_reached":51,"language":"ENG","playtime":3378,"items_purged":["Regret","Shame"],"score":1231,"play_id":"5153ff2f-c641-4123-bc05-54030952335e","local_time":"20210215094354","is_ascension_mode":true,"campfire_choices":[{"floor":7.0,"key":"REST"},{"data":"Whirlwind","floor":10.0,"key":"SMITH"},{"data":"Body Slam","floor":15.0,"key":"SMITH"},{"floor":23.0,"key":"REST"},{"floor":28.0,"key":"REST"},{"floor":32.0,"key":"REST"},{"floor":40.0,"key":"REST"},{"floor":45.0,"key":"REST"},{"floor":49,"key":"REST"}],"circlet_count":0,"master_deck":["AscendersBane","Strike_R","Strike_R","Strike_R","Strike_R","Strike_R","Defend_R","Defend_R","Defend_R","Defend_R","Bash","Whirlwind+1","Body Slam+1","Body Slam","Cleave","Thunderclap","Metallicize","Barricade","Armaments","Iron Wave","Shrug It Off","Apotheosis","Rampage+1","Battle Trance","Flame Barrier","Impervious","Pommel Strike","Perfected Strike","Inflame","Twin Strike+1","Spot Weakness+1","Rage+1","Flame Barrier+1"],"relics":["Burning Blood","Akabeko","Pear","Sozu","Sling","Red Mask","MutagenicStrength","Anchor","Bird Faced Urn","Fusion Hammer","Mummified Hand","Omamori","Toxic Egg 2","Bronze Scales","Ginger"],"acts_visited":["Exordium","TheCity","TheBeyond"],"potions_floor_usage":[],"damage_taken":[{"damage":24.0,"enemies":"Jaw Worm","floor":1.0,"turns":6.0},{"damage":9.0,"enemies":"Cultist","floor":2.0,"turns":4.0},{"damage":6.0,"enemies":"2 Louse","floor":4.0,"turns":2.0},{"damage":35.0,"enemies":"3 Sentries","floor":6.0,"turns":7.0},{"damage":11.0,"enemies":"Looter","floor":8.0,"turns":2.0},{"damage":6.0,"enemies":"Blue Slaver","floor":11.0,"turns":3.0},{"damage":5.0,"enemies":"Exordium Thugs","floor":12.0,"turns":5.0},{"damage":5.0,"enemies":"Large Slime","floor":13.0,"turns":5.0},{"damage":0.0,"enemies":"Exordium Wildlife","floor":14.0,"turns":1.0},{"damage":56.0,"enemies":"Slime Boss","floor":16.0,"turns":12.0},{"damage":42.0,"enemies":"Shell Parasite","floor":18.0,"turns":8.0},{"damage":0.0,"enemies":"Spheric Guardian","floor":19.0,"turns":1.0},{"damage":22.0,"enemies":"Snecko","floor":21.0,"turns":5.0},{"damage":45.0,"enemies":"Masked Bandits","floor":22.0,"turns":5.0},{"damage":28.0,"enemies":"Snake Plant","floor":27.0,"turns":5.0},{"damage":24.0,"enemies":"Chosen and Byrds","floor":29.0,"turns":7.0},{"damage":6.0,"enemies":"Centurion and Healer","floor":31.0,"turns":3.0},{"damage":55.0,"enemies":"Automaton","floor":33.0,"turns":10.0},{"damage":47.0,"enemies":"3 Shapes","floor":35.0,"turns":5.0},{"damage":0.0,"enemies":"Orb Walker","floor":37.0,"turns":3.0},{"damage":30.0,"enemies":"Reptomancer","floor":41.0,"turns":7.0},{"damage":0.0,"enemies":"Sphere and 2 Shapes","floor":42.0,"turns":1.0},{"damage":5.0,"enemies":"Nemesis","floor":44.0,"turns":7.0},{"damage":28.0,"enemies":"4 Shapes","floor":46.0,"turns":4.0},{"damage":0,"enemies":"Reptomancer","floor":47,"turns":3},{"damage":0,"enemies":"Mind Bloom Boss Battle","floor":48,"turns":4},{"damage":80,"enemies":"Time Eater","floor":50,"turns":11}],"seed_played":"-286300587774310206","potions_obtained":[{"floor":2.0,"key":"Dexterity Potion"},{"floor":3.0,"key":"Fire Potion"},{"floor":8.0,"key":"SteroidPotion"},{"floor":11.0,"key":"Fire Potion"},{"floor":13.0,"key":"Fruit Juice"},{"floor":16.0,"key":"Dexterity Potion"}],"is_trial":false,"path_per_floor":["M","M","?","M","$","E","R","M","T","R","M","M","M","M","R","B",null,"M","M","$","M","?","R","?","$","T","M","R","M","?","M","R","B",null,"M","?","M","$","$","R","E","M","T","E","R","M","E","?","R","B",null],"character_chosen":"IRONCLAD","items_purchased":["Sling","Apotheosis","Inflame"],"campfire_rested":7,"item_purchase_floors":[20,25,38],"current_hp_per_floor":[70,67,67,67,67,38,66,61,71,71,71,72,78,84,84,34,92,56,62,62,46,7,40,40,40,40,18,51,33,33,35,68,23,89,52,52,60,60,60,91,73,79,79,86,105,85,93,101,105,37],"gold":212,"neow_bonus":"TWENTY_PERCENT_HP_BONUS","is_daily":false,"chose_seed":false,"campfire_upgraded":2,"win_rate":0.0,"timestamp":1613382234,"path_taken":["M","M","?","?","$","E","R","M","T","R","M","M","M","?","R","BOSS","M","M","?","M","?","R","?","$","T","M","R","M","?","M","R","BOSS","M","?","M","?","$","R","E","M","T","E","R","M","E","?","R","BOSS"],"items_purchased_type":["Relic","Card","Card"],"build_version":"2020-12-22","purchased_purges":2,"victory":true,"max_hp_per_floor":[96,96,96,96,96,96,96,96,106,106,106,106,111,111,111,111,111,111,111,111,111,111,111,111,111,111,111,111,111,111,111,111,111,111,111,105,105,105,105,105,105,105,105,105,105,105,105,105,105,105],"card_choices":[{"not_picked":["Havoc","Intimidate"],"picked":"Whirlwind","floor":1.0},{"not_picked":["Fire Breathing","Power Through"],"picked":"Body Slam","floor":2.0},{"not_picked":["Clothesline","Evolve"],"picked":"Body Slam","floor":4.0},{"not_picked":["Havoc","Second Wind"],"picked":"Cleave","floor":6.0},{"not_picked":["Perfected Strike","Uppercut","Corruption"],"picked":"SKIP","floor":8.0},{"not_picked":["Wild Strike","Flex","Body Slam"],"picked":"SKIP","floor":11.0},{"not_picked":["Cleave","Body Slam"],"picked":"Thunderclap","floor":12.0},{"not_picked":["Carnage","Clash"],"picked":"Metallicize","floor":13.0},{"not_picked":["Sword Boomerang","Thunderclap","Sentinel"],"picked":"SKIP","floor":14.0},{"not_picked":["Offering","Immolate"],"picked":"Barricade","floor":16.0},{"not_picked":["Clothesline","Warcry"],"picked":"Armaments","floor":18.0},{"not_picked":["Headbutt","Seeing Red"],"picked":"Iron Wave","floor":19.0},{"not_picked":["Clothesline","Burning Pact"],"picked":"Shrug It Off","floor":21.0},{"not_picked":["Havoc","Feel No Pain"],"picked":"Rampage+1","floor":27.0},{"not_picked":["Sever Soul","Whirlwind"],"picked":"Battle Trance","floor":29.0},{"not_picked":["Sever Soul","Sword Boomerang+1"],"picked":"Flame Barrier","floor":31.0},{"not_picked":["Exhume","Juggernaut"],"picked":"Impervious","floor":33.0},{"not_picked":["Flex+1","True Grit"],"picked":"Pommel Strike","floor":35.0},{"not_picked":["Carnage","Havoc"],"picked":"Perfected Strike","floor":37.0},{"not_picked":["Dual Wield","Reckless Charge","Wild Strike+1"],"picked":"SKIP","floor":41.0},{"not_picked":["Ghostly Armor","Havoc"],"picked":"Twin Strike+1","floor":42.0},{"not_picked":["Heavy Blade","Warcry+1"],"picked":"Spot Weakness+1","floor":44.0},{"not_picked":["Dual Wield+1","Iron Wave"],"picked":"Rage+1","floor":46.0},{"not_picked":["Infernal Blade+1","Havoc+1","Flex+1"],"picked":"SKIP","floor":47},{"not_picked":["Infernal Blade+1","Havoc+1","Flex+1"],"picked":"SKIP","floor":47},{"not_picked":["Rampage","Wild Strike"],"picked":"Flame Barrier+1","floor":48}],"player_experience":1217697,"relics_obtained":[{"floor":6.0,"key":"Akabeko"},{"floor":9.0,"key":"Pear"},{"floor":22.0,"key":"Red Mask"},{"floor":26.0,"key":"Anchor"},{"floor":41.0,"key":"Mummified Hand"},{"floor":43.0,"key":"Omamori"},{"floor":44.0,"key":"Toxic Egg 2"},{"floor":47,"key":"Bronze Scales"},{"floor":48,"key":"Ginger"}],"event_choices":[{"damage_healed":0.0,"max_hp_gain":0.0,"max_hp_loss":0.0,"gold_gain":0.0,"event_name":"Lab","player_choice":"Got Potions","floor":3.0,"gold_loss":0.0,"damage_taken":0.0},{"damage_healed":0.0,"max_hp_gain":0.0,"max_hp_loss":0.0,"gold_gain":0.0,"event_name":"Masked Bandits","player_choice":"Fought Bandits","floor":22.0,"gold_loss":0.0,"damage_taken":0.0},{"damage_healed":0.0,"max_hp_gain":0.0,"max_hp_loss":0.0,"gold_gain":0.0,"event_name":"Drug Dealer","player_choice":"Inject Mutagens","floor":24.0,"gold_loss":0.0,"damage_taken":0.0,"relics_obtained":["MutagenicStrength"]},{"damage_healed":0.0,"max_hp_gain":0.0,"max_hp_loss":0.0,"gold_gain":0.0,"event_name":"Addict","player_choice":"Stole Relic","floor":30.0,"gold_loss":0.0,"damage_taken":0.0,"relics_obtained":["Bird Faced Urn"],"cards_obtained":["Shame"]},{"damage_healed":0.0,"max_hp_gain":0.0,"max_hp_loss":6.0,"gold_gain":0.0,"event_name":"Winding Halls","player_choice":"Max HP","floor":36.0,"gold_loss":0.0,"damage_taken":0.0},{"damage_healed":0,"gold_gain":0,"player_choice":"Fight","damage_taken":0,"max_hp_gain":0,"max_hp_loss":0,"event_name":"MindBloom","floor":48,"gold_loss":0}],"is_beta":false,"boss_relics":[{"not_picked":["Empty Cage","Coffee Dripper"],"picked":"Sozu"},{"not_picked":["SlaversCollar","Black Blood"],"picked":"Fusion Hammer"}],"items_purged_floors":[5,38],"is_endless":false,"potions_floor_spawned":[2,8,11,13,16,18,29,31,33,35,41,42,46],"ascension_level":13}}