{"host":"mvz90ilxx8epviq1","time":1613354423,"event":{"mods":["2.2 Compatiblity","AchievementEnabler","Act Like it!","Bartender","BaseMod","Better Note","Better Third Choice","Better Vampires","Clockwork Mod","Colored Map","Colored Powertips","Downfall","Gensokyo","Hallownest","Hermit","Hubris","Koishi","Marisa????????","Minty Spire (QoL Compilation)","Shop Mod","Spicy Shops","StSLib","The Alterego","The Blackbeard","The Bug Knight","The Construct","The Cursed","The Mystic","The Senshi","The Servant 0.9.4","The Wild Card","slay the spire mod where everything is the same but ironclad has a cowboy hat"],"gold_per_floor":[114,114,114,0,0,0,30,30,108,108,128,145,174,186,186,285,285,285,235,235,235,235,235,235,235,235,235,235,235,235,235,235,235,235,235,2,2,2,2,2,2,2,2,2,2,2,2,2,2,2,2,2,2,2,2,2],"floor_reached":55,"language":"ENG","playtime":6160,"items_purged":[],"score":776,"play_id":"3cf7c094-1407-42af-bf7e-51f63c4eb72a","local_time":"20210214210023","is_ascension_mode":false,"campfire_choices":[{"data":"Enlightenment","floor":6,"key":"SMITH"},{"data":"Well_Drinks","floor":8,"key":"SMITH"},{"data":"Wall_of_Ice","floor":10,"key":"SMITH"},{"data":"Waterkick","floor":15,"key":"SMITH"},{"data":"Momentum","floor":23,"key":"SMITH"},{"data":"Breathe_Deep","floor":25,"key":"SMITH"},{"data":"theWildCard:PaleRider","floor":27,"key":"SMITH"},{"data":"Power_Up_Punch","floor":29,"key":"SMITH"},{"floor":32,"key":"REST"},{"floor":41,"key":"REST"},{"floor":49,"key":"RECALL"},{"data":"Blizzard_Spikes","floor":52,"key":"SMITH"}],"circlet_count":0,"master_deck":["Strike_Bartender","Strike_Bartender","Strike_Bartender","Strike_Bartender","Defend_Bartender+1","Defend_Bartender","Defend_Bartender+1","Somersault","Power_Up_Punch+1","Wall_of_Ice+1","Mirage+1","RockBreaker","Bicycle_Kick","Phantom_Blow","Enlightenment+1","theWildCard:PaleRider+1","Well_Drinks+1","Elbow_Slash","Waterkick+1","Snap_Punch","Snap_Punch","Breathe_Deep+1","Momentum+1","hubris:Insight","Liquid_Armor","Phantom_Blow+1","Slimebound:CheckThePlaybook","Form_Shift","Blizzard_Spikes+1","Blizzard_Spikes+1","Parasite"],"relics":["Sneakers","NeowsBlessing","Bag of Marbles","Singing Bowl","PreservedInsect","Ectoplasm","HollowMod:PaleOreRelic","Regal Pillow","hubris:GrandSneckoEye","Lantern","Bag of Preparation","hubris:Towel","Piano_Music","hubris:Icosahedron","War Paint"],"acts_visited":["Exordium","TheCity","TheBeyond","TheEnding"],"potions_floor_usage":[13,14,30,33,46,50],"damage_taken":[{"damage":0,"enemies":"Small Slimes","floor":1,"turns":1},{"damage":0,"enemies":"Lagavulin","floor":7,"turns":1},{"damage":0,"enemies":"2 Louse","floor":11,"turns":1},{"damage":0,"enemies":"Cultist","floor":12,"turns":3},{"damage":9,"enemies":"3 Sentries","floor":13,"turns":5},{"damage":13,"enemies":"Exordium Wildlife","floor":14,"turns":3},{"damage":28,"enemies":"Hexaghost","floor":16,"turns":6},{"damage":0,"enemies":"Shell Parasite","floor":18,"turns":3},{"damage":0,"enemies":"3 Byrds","floor":22,"turns":6},{"damage":8,"enemies":"Cultist and Chosen","floor":24,"turns":5},{"damage":1,"enemies":"Book of Stabbing","floor":28,"turns":3},{"damage":0,"enemies":"3 Cultists","floor":30,"turns":4},{"damage":15,"enemies":"Collector","floor":33,"turns":5},{"damage":39,"enemies":"3 Shapes","floor":35,"turns":4},{"damage":0,"enemies":"Orb Walker","floor":39,"turns":2},{"damage":11,"enemies":"Nemesis","floor":40,"turns":3},{"damage":17,"enemies":"Writhing Mass","floor":44,"turns":4},{"damage":7,"enemies":"3 Darklings","floor":45,"turns":6},{"damage":0,"enemies":"Giant Head","floor":46,"turns":5},{"damage":28,"enemies":"Jaw Worm Horde","floor":48,"turns":3},{"damage":39,"enemies":"Awakened One","floor":50,"turns":10},{"damage":35,"enemies":"Shield and Spear","floor":54,"turns":3},{"damage":55,"enemies":"The Heart","floor":55,"turns":2}],"seed_played":"7594915410975538315","potions_obtained":[{"floor":7,"key":"Regen Potion"},{"floor":12,"key":"SteroidPotion"},{"floor":14,"key":"Swift Potion"},{"floor":16,"key":"BlessingOfTheForge"},{"floor":22,"key":"CultistPotion"},{"floor":40,"key":"SneckoOil"},{"floor":44,"key":"Block Potion"},{"floor":48,"key":"SmokeBomb"}],"is_trial":false,"path_per_floor":["M","?","?","?","?","R","E","R","T","R","M","M","E","M","R","B",null,"M","?","?","?","M","R","M","R","T","R","E","R","M","?","R","B",null,"M","$","?","?","M","E","R","?","T","M","M","E","?","M","R","B",null,"R","$","E","B"],"character_chosen":"BARTENDER","items_purchased":["Lantern","Blizzard_Spikes","Energy Potion"],"campfire_rested":2,"item_purchase_floors":[36,36,36],"current_hp_per_floor":[70,70,70,76,76,76,76,76,76,76,76,76,67,63,63,35,76,76,76,76,64,66,66,58,58,58,58,57,57,59,31,70,55,80,43,43,43,43,43,34,73,73,73,58,53,55,55,29,29,49,88,88,88,55,0,0],"gold":2,"neow_bonus":"THREE_ENEMY_KILL","is_daily":false,"chose_seed":false,"campfire_upgraded":9,"win_rate":0.0,"timestamp":1613354423,"path_taken":["M","?","?","?","?","R","E","R","T","R","M","M","E","M","R","BOSS","M","?","?","?","?","R","M","R","T","R","E","R","M","?","R","BOSS","M","$","?","?","?","E","R","?","T","M","M","E","?","M","R","BOSS","R","$","E","BOSS"],"items_purchased_type":["Relic","Card","Potion"],"build_version":"2020-12-22","purchased_purges":0,"victory":false,"max_hp_per_floor":[70,70,70,76,76,76,76,76,76,76,76,76,76,76,76,76,76,76,76,76,76,78,78,78,78,78,78,78,78,80,80,80,80,80,82,82,78,78,78,80,80,80,80,82,84,86,86,88,88,88,88,88,88,90,90,90],"card_choices":[{"not_picked":["Ball_Of_Ice","Scoop"],"picked":"Power_Up_Punch","floor":1},{"not_picked":["Greased_Lightning","On_The_Rocks"],"picked":"Well_Drinks","floor":7},{"not_picked":["Greased_Lightning","With_A_Twist"],"picked":"Elbow_Slash","floor":11},{"not_picked":["Fight_Dirty","Mirage"],"picked":"Waterkick","floor":12},{"not_picked":["Step_Of_The_Wind","On_The_Rocks"],"picked":"Snap_Punch","floor":13},{"not_picked":["Coeurl_Form","Stick_and_Move"],"picked":"Snap_Punch","floor":14},{"not_picked":["Beat_Rush","Cold_Blooded"],"picked":"Breathe_Deep","floor":16},{"not_picked":["Ripple+1","Torment"],"picked":"Momentum","floor":18},{"not_picked":["Scoop","Wall_of_Ice","Hook+1"],"picked":"Singing Bowl","floor":22},{"not_picked":["Greased_Lightning","Dancing_Jab"],"picked":"Liquid_Armor","floor":24},{"not_picked":["Insight_B","Snap_Punch+1"],"picked":"Phantom_Blow+1","floor":28},{"not_picked":["Dancing_Jab","Waterkick","Dragonkick"],"picked":"Singing Bowl","floor":30},{"not_picked":["Breathe_Deep","High_Tide"],"picked":"Form_Shift","floor":33},{"not_picked":["With_A_Twist","Feint+1","Glare+1"],"picked":"Singing Bowl","floor":35},{"not_picked":["Ball_Of_Ice+1","Foot_Thrust"],"picked":"Blizzard_Spikes+1","floor":39},{"not_picked":["Snap_Punch","Feint+1","Greased_Lightning"],"picked":"Singing Bowl","floor":40},{"not_picked":["On_The_Rocks","Glare","Alacrity"],"picked":"Singing Bowl","floor":44},{"not_picked":["Dragonkick","Ripple+1","Hook+1"],"picked":"Singing Bowl","floor":45},{"not_picked":["Greased_Lightning+1","Storage","Bloodbath_Bartender"],"picked":"Singing Bowl","floor":46},{"not_picked":["Step_Of_The_Wind+1","Dragonkick","Foot_Thrust"],"picked":"Singing Bowl","floor":48},{"not_picked":["Ball_Of_Ice","Combo_Master","With_A_Twist+1"],"picked":"Singing Bowl","floor":54}],"player_experience":503047,"relics_obtained":[{"floor":7,"key":"Bag of Marbles"},{"floor":9,"key":"Singing Bowl"},{"floor":13,"key":"PreservedInsect"},{"floor":26,"key":"HollowMod:PaleOreRelic"},{"floor":28,"key":"Regal Pillow"},{"floor":40,"key":"Bag of Preparation"},{"floor":46,"key":"Piano_Music"},{"floor":54,"key":"War Paint"}],"event_choices":[{"damage_healed":0,"gold_gain":0,"player_choice":"Grow","damage_taken":0,"max_hp_gain":0,"max_hp_loss":0,"event_name":"Living Wall","floor":3,"gold_loss":0,"cards_upgraded":["Mirage"]},{"damage_healed":0,"gold_gain":0,"player_choice":"RENOUNCE","damage_taken":114,"max_hp_gain":0,"max_hp_loss":0,"event_name":"betterThird:BetterSerpent","floor":4,"gold_loss":114,"cards_obtained":["Enlightenment"]},{"damage_healed":0,"gold_gain":100,"player_choice":"Bet on Murderer","damage_taken":0,"max_hp_gain":0,"max_hp_loss":0,"event_name":"The Joust","floor":19,"gold_loss":50},{"damage_healed":0,"gold_gain":0,"player_choice":"Full Heal","damage_taken":0,"max_hp_gain":0,"max_hp_loss":0,"event_name":"Wheel of Change","floor":20,"gold_loss":0},{"damage_healed":0,"gold_gain":0,"player_choice":"CARD ","damage_taken":12,"max_hp_gain":0,"max_hp_loss":0,"event_name":"Knowing Skull","floor":21,"potions_obtained":[],"gold_loss":0,"cards_obtained":["hubris:Insight"]},{"damage_healed":0,"gold_gain":0,"player_choice":"Max HP","damage_taken":0,"max_hp_gain":0,"max_hp_loss":4,"event_name":"Winding Halls","floor":37,"gold_loss":0},{"cards_removed":["Defend_Bartender"],"damage_healed":0,"gold_gain":0,"player_choice":"Purged","damage_taken":0,"max_hp_gain":0,"max_hp_loss":0,"event_name":"Purifier","floor":38,"gold_loss":0}],"is_beta":false,"boss_relics":[{"not_picked":["theSenshi:MoonKaleidoScopeRelic","Silver_Glasses"],"picked":"Ectoplasm"},{"not_picked":["Runic Pyramid","Calling Bell"],"picked":"hubris:GrandSneckoEye"}],"items_purged_floors":[],"is_endless":false,"potions_floor_spawned":[7,12,14,16,22,24,40,44,45,48],"killed_by":"The Heart","ascension_level":0}}