{"host":"ln8zowmpyx5bxamj","time":1613361499,"event":{"mods":["Act Like it!","BaseMod","CapriCore","Colored Map","Conspire","Gensokyo","GifTheSpireLib","Hallownest","Hubris","Koishi","KomeijiMod","Marisa????????","Minty Spire (QoL Compilation)","Permanent Neow","Prisma Mod","Replay The Spire","StSLib","The Immortal","Uncapped","Yuyuko"],"gold_per_floor":[113,113,132,10,10,39,56,86,86,86,86],"floor_reached":10,"language":"ENG","playtime":6052,"items_purged":["Koishi:BasicStrike"],"score":79,"play_id":"7b94d693-3c39-4224-ae1e-a6d7b40854f2","local_time":"20210214215819","is_ascension_mode":true,"campfire_choices":[],"circlet_count":0,"master_deck":["Koishi:BasicStrike+1","Koishi:BasicDefend","Koishi:BasicDefend+1","Koishi:BasicDefend","Koishi:BasicDefend","Koishi:Provoke","Koishi:HauntingSlash","Koishi:Vanish","Koishi:UnconsciousUrges","Koishi:ApparitionsStalkTheNight","Koishi:DreadfulBlow","Koishi:ReflexRadar","Koishi:JumpScare","Koishi:VengefulSpirit","Koishi:PhantomStrike"],"relics":["Koishi:ImaginaryFriend","Hallownest:DreamNailRelic","Shuriken","hubris:GlazedTorus","Simple Rune"],"acts_visited":["Exordium"],"potions_floor_usage":[8,8,10],"damage_taken":[{"damage":8,"enemies":"2_ Uuma","floor":1,"turns":5},{"damage":0,"enemies":"Hallownest:monsterHuskGuard","floor":3,"turns":7},{"damage":43,"enemies":"Hallownest:eliteCrystalGuardian","floor":6,"turns":10},{"damage":0,"enemies":"Hallownest:monsterHuskWarrior","floor":7,"turns":6},{"damage":24,"enemies":"Hallownest:eliteVengeflyKing","floor":8,"turns":11},{"damage":14,"enemies":"Hallownest:eliteMossKnight","floor":10,"turns":4}],"seed_played":"4177480335400816187","potions_obtained":[{"floor":3,"key":"SpeedPotion"},{"floor":7,"key":"Languid Potion"},{"floor":8,"key":"Toxic Potion"}],"is_trial":false,"path_per_floor":["M","?","M","$","?","E","M","E","T","E"],"character_chosen":"KOISHI","items_purchased":["Koishi:DreadfulBlow"],"campfire_rested":0,"item_purchase_floors":[4],"current_hp_per_floor":[48,48,52,52,52,17,25,10,10,0,0],"gold":86,"neow_bonus":"TRANSFORM_TWO_CARDS","is_daily":false,"chose_seed":false,"campfire_upgraded":0,"win_rate":0.0,"timestamp":1613361499,"path_taken":["M","?","M","?","?","E","M","E","T","E"],"items_purchased_type":["Card"],"build_version":"2020-12-22","purchased_purges":1,"victory":false,"max_hp_per_floor":[54,54,54,54,54,54,54,54,54,54,54],"card_choices":[{"not_picked":["Koishi:CatchAndRose","Koishi:SpiritedAway"],"picked":"Koishi:UnconsciousUrges","floor":1},{"not_picked":["Koishi:SpiritedAway","Koishi:PredatoryInstincts"],"picked":"Koishi:ApparitionsStalkTheNight","floor":3},{"not_picked":["Koishi:ReflexRadar","Koishi:UnansweredLove"],"picked":"Koishi:JumpScare","floor":6},{"not_picked":["Koishi:FidgetySnatcher","Koishi:FleetingPhantom"],"picked":"Koishi:VengefulSpirit","floor":7},{"not_picked":["Koishi:BramblyRoseGarden","Koishi:Bloodlust"],"picked":"Koishi:PhantomStrike","floor":8}],"player_experience":731898,"relics_obtained":[{"floor":6,"key":"Shuriken"},{"floor":8,"key":"hubris:GlazedTorus"},{"floor":9,"key":"Simple Rune"}],"event_choices":[],"is_beta":false,"boss_relics":[],"items_purged_floors":[4],"is_endless":false,"potions_floor_spawned":[3,7,8],"killed_by":"Hallownest:eliteMossKnight","ascension_level":1}}