{"host":"91blwi3hgehj6ch9","time":1613417251,"event":{"mods":["2.2 Compatiblity","AchievementEnabler","BaseMod","Colored Map","DeckTracker","Keyboard Shortcuts","Minty Spire (QoL Compilation)","Permanent Neow","StSLib","SuperFastMode","everything is the same but u backflip on backflip"],"gold_per_floor":[109,34,47,147,158,186,186,218,264,264,282,296,315,350,350,447,447,461,481,580,595,495,495,78,78,78,90,90,90],"floor_reached":28,"language":"KOR","playtime":727,"items_purged":["Strike_R","Strike_R","Strike_R"],"score":372,"play_id":"70987745-4a60-4918-959c-e4cd303b382d","local_time":"20210216042731","is_ascension_mode":true,"campfire_choices":[{"floor":7,"key":"REST"},{"floor":10,"key":"REST"},{"floor":15,"key":"REST"},{"data":"Power Through","floor":23,"key":"SMITH"},{"floor":25,"key":"REST"}],"circlet_count":0,"master_deck":["AscendersBane","Defend_R","Defend_R","Defend_R","Defend_R","Bash","Wild Strike","Reckless Charge","Power Through+1","Sever Soul","Fire Breathing","Rampage","Rage","Fiend Fire","Battle Trance","Second Wind+1","Feel No Pain","Flame Barrier"],"relics":["Burning Blood","Paper Frog","Vajra","Blood Vial","Tiny Chest","Empty Cage","Meat on the Bone","Bag of Preparation"],"acts_visited":["Exordium","TheCity"],"potions_floor_usage":[8,14,16],"damage_taken":[{"damage":0,"enemies":"Cultist","floor":1,"turns":4},{"damage":7,"enemies":"2 Louse","floor":3,"turns":4},{"damage":3,"enemies":"Jaw Worm","floor":5,"turns":4},{"damage":42,"enemies":"Gremlin Nob","floor":6,"turns":5},{"damage":35,"enemies":"3 Sentries","floor":8,"turns":12},{"damage":15,"enemies":"Lots of Slimes","floor":11,"turns":5},{"damage":9,"enemies":"Red Slaver","floor":12,"turns":3},{"damage":0,"enemies":"Large Slime","floor":13,"turns":5},{"damage":44,"enemies":"Lagavulin","floor":14,"turns":6},{"damage":21,"enemies":"Slime Boss","floor":16,"turns":8},{"damage":25,"enemies":"Chosen","floor":18,"turns":5},{"damage":14,"enemies":"Spheric Guardian","floor":19,"turns":4},{"damage":39,"enemies":"Shelled Parasite and Fungi","floor":21,"turns":6},{"damage":12,"enemies":"Snecko","floor":27,"turns":7},{"damage":58,"enemies":"Gremlin Leader","floor":28,"turns":6}],"seed_played":"3653938737965290603","potions_obtained":[{"floor":3,"key":"ColorlessPotion"},{"floor":6,"key":"PowerPotion"},{"floor":11,"key":"SkillPotion"},{"floor":13,"key":"Explosive Potion"},{"floor":27,"key":"EntropicBrew"}],"is_trial":false,"path_per_floor":["M","$","M","?","M","E","R","E","T","R","M","M","M","E","R","B",null,"M","M","?","M","$","R","$","R","T","M","E"],"character_chosen":"IRONCLAD","items_purchased":["Feel No Pain","Meat on the Bone"],"campfire_rested":4,"item_purchase_floors":[24,24],"current_hp_per_floor":[78,78,77,77,80,44,68,39,39,63,56,55,63,27,51,38,70,53,47,47,16,16,16,16,40,40,48,0,0],"gold":90,"neow_bonus":"THREE_CARDS","is_daily":false,"chose_seed":false,"campfire_upgraded":1,"win_rate":0.0,"timestamp":1613417251,"path_taken":["M","$","M","?","M","E","R","E","T","R","?","M","M","E","R","BOSS","M","M","?","M","$","R","$","R","T","M","E"],"items_purchased_type":["Card","Relic"],"build_version":"2020-12-22","purchased_purges":3,"victory":false,"max_hp_per_floor":[80,80,80,80,80,80,80,80,80,80,80,80,80,80,80,80,80,80,80,80,80,80,80,80,80,80,80,80,80],"card_choices":[{"not_picked":["Metallicize","Rampage"],"picked":"Wild Strike","floor":0},{"not_picked":["Thunderclap","Iron Wave","Anger"],"picked":"SKIP","floor":1},{"not_picked":["Dual Wield","Thunderclap","Headbutt"],"picked":"SKIP","floor":3},{"not_picked":["Headbutt","Armaments"],"picked":"Reckless Charge","floor":5},{"not_picked":["Pummel","Body Slam"],"picked":"Power Through","floor":6},{"not_picked":["Intimidate","Twin Strike"],"picked":"Sever Soul","floor":8},{"not_picked":["Warcry","Clash","Armaments"],"picked":"SKIP","floor":11},{"not_picked":["Sword Boomerang","True Grit"],"picked":"Fire Breathing","floor":12},{"not_picked":["Headbutt","Perfected Strike"],"picked":"Rampage","floor":13},{"not_picked":["Clothesline","Wild Strike"],"picked":"Rage","floor":14},{"not_picked":["Berserk","Demon Form"],"picked":"Fiend Fire","floor":16},{"not_picked":["Whirlwind+1","Clothesline+1"],"picked":"Battle Trance","floor":18},{"not_picked":["Intimidate+1","Heavy Blade+1"],"picked":"Second Wind+1","floor":19},{"not_picked":["Sword Boomerang","Combust","Body Slam"],"picked":"SKIP","floor":21},{"not_picked":["Clash+1","Anger+1"],"picked":"Flame Barrier","floor":27}],"player_experience":267356,"relics_obtained":[{"floor":6,"key":"Paper Frog"},{"floor":8,"key":"Vajra"},{"floor":9,"key":"Blood Vial"},{"floor":14,"key":"Tiny Chest"},{"floor":26,"key":"Bag of Preparation"}],"event_choices":[{"damage_healed":0,"gold_gain":100,"player_choice":"Pray","damage_taken":0,"max_hp_gain":0,"max_hp_loss":0,"event_name":"Golden Shrine","floor":4,"gold_loss":0},{"damage_healed":0,"gold_gain":99,"player_choice":"Stole From Cult","damage_taken":0,"max_hp_gain":0,"max_hp_loss":0,"event_name":"Nest","floor":20,"gold_loss":0}],"is_beta":false,"boss_relics":[{"not_picked":["SacredBark","Mark of Pain"],"picked":"Empty Cage"}],"items_purged_floors":[2,22,24],"is_endless":false,"potions_floor_spawned":[3,6,11,12,13,27],"killed_by":"Gremlin Leader","ascension_level":11}}