{"host":"0utx1lcxgx5vu4k0","time":1613366154,"event":{"mods":["BaseMod","Colored Powertips","Minty Spire (QoL Compilation)","Relic Stats","StSLib"],"gold_per_floor":[109,122,140,120,120,120,150,169,169,169,22,38,38,67,67,170,170,247,259,6,6,22,53,53,84,84,84,84,84,100,117,117,213,213,283,283,114,114,114,140,140,203,277,663,663,663],"floor_reached":45,"language":"ENG","playtime":1962,"items_purged":["Strike_P"],"score":684,"play_id":"91d3542d-ef63-4b21-b550-496588299b6d","local_time":"20210215001554","is_ascension_mode":true,"campfire_choices":[{"data":"EmptyFist","floor":6.0,"key":"SMITH"},{"data":"TalkToTheHand","floor":10.0,"key":"SMITH"},{"data":"Eruption","floor":13.0,"key":"SMITH"},{"data":"Wish","floor":15.0,"key":"SMITH"},{"data":"Omniscience","floor":24,"key":"SMITH"},{"data":"Omniscience","floor":27,"key":"SMITH"},{"data":"TalkToTheHand","floor":32,"key":"SMITH"}],"circlet_count":0,"master_deck":["Strike_P","Strike_P","Strike_P","Defend_P","Defend_P","Defend_P","Defend_P","Eruption+1","Vigilance","EmptyFist+1","TalkToTheHand+1","Weave","CutThroughFate","Wish+1","Omniscience+1","Weave+1","Crescendo+1","FlurryOfBlows","Tantrum","Omniscience+1","BowlingBash+1","TalkToTheHand+1","MentalFortress+1","Wireheading","Devotion","Wallop+1","ThirdEye","InnerPeace+1","Worship","CutThroughFate+1"],"relics":["VioletLotus","Tiny Chest","Eternal Feather","Bronze Scales","Question Card","SacredBark","Toy Ornithopter","Strawberry","Pantograph","Runic Dome","GoldenEye","Damaru","Ice Cream","Kunai","Dream Catcher","Ornamental Fan","Old Coin"],"acts_visited":["Exordium","TheCity","TheBeyond"],"potions_floor_usage":[16,18,18,23,31,33,33,45],"damage_taken":[{"damage":30.0,"enemies":"Cultist","floor":1.0,"turns":8.0},{"damage":7.0,"enemies":"2 Louse","floor":2.0,"turns":2.0},{"damage":3.0,"enemies":"Small Slimes","floor":3.0,"turns":3.0},{"damage":0.0,"enemies":"Exordium Thugs","floor":5.0,"turns":1.0},{"damage":27.0,"enemies":"Lagavulin","floor":7.0,"turns":9.0},{"damage":1.0,"enemies":"Looter","floor":8.0,"turns":3.0},{"damage":0.0,"enemies":"Exordium Wildlife","floor":12.0,"turns":2.0},{"damage":0.0,"enemies":"Gremlin Nob","floor":14.0,"turns":2.0},{"damage":25,"enemies":"The Guardian","floor":16,"turns":11},{"damage":44,"enemies":"2 Thieves","floor":18,"turns":2},{"damage":4,"enemies":"Shell Parasite","floor":19,"turns":5},{"damage":22,"enemies":"3 Cultists","floor":22,"turns":5},{"damage":71,"enemies":"Book of Stabbing","floor":23,"turns":5},{"damage":22,"enemies":"Gremlin Leader","floor":25,"turns":4},{"damage":16,"enemies":"Snake Plant","floor":30,"turns":3},{"damage":0,"enemies":"Shelled Parasite and Fungi","floor":31,"turns":1},{"damage":43,"enemies":"Automaton","floor":33,"turns":8},{"damage":20,"enemies":"3 Shapes","floor":35,"turns":9},{"damage":21,"enemies":"Reptomancer","floor":40,"turns":6},{"damage":0,"enemies":"Giant Head","floor":42,"turns":5},{"damage":47,"enemies":"Nemesis","floor":44,"turns":9},{"damage":6,"enemies":"3 Darklings","floor":45,"turns":2}],"seed_played":"3659960056394222658","potions_obtained":[{"floor":2.0,"key":"PowerPotion"},{"floor":4.0,"key":"SmokeBomb"},{"floor":7.0,"key":"Explosive Potion"},{"floor":8.0,"key":"EssenceOfSteel"},{"floor":14.0,"key":"StancePotion"},{"floor":18,"key":"Ambrosia"},{"floor":22,"key":"Regen Potion"},{"floor":25,"key":"SteroidPotion"},{"floor":33,"key":"Weak Potion"},{"floor":42,"key":"PowerPotion"}],"is_trial":false,"path_per_floor":["M","M","M","?","M","R","E","M","T","R","$","M","R","E","R","B",null,"M","M","$","?","M","E","R","E","T","R","$","T","M","M","R","B",null,"M","?","$","?","T","E","?","E","T","E","M"],"character_chosen":"WATCHER","items_purchased":["Bronze Scales","FlurryOfBlows","Tantrum","SteroidPotion","Damaru","ThirdEye"],"campfire_rested":0,"item_purchase_floors":[11,20,20,20,37,37],"current_hp_per_floor":[42,35,32,32,32,32,5,4,4,10,10,10,19,19,28,3,72,28,24,24,82,60,29,41,26,26,38,38,38,22,27,39,31,89,69,69,69,69,69,48,48,48,48,1,0,0],"gold":663,"neow_bonus":"BOSS_RELIC","is_daily":false,"chose_seed":false,"campfire_upgraded":7,"win_rate":0.0,"timestamp":1613366154,"path_taken":["M","M","?","?","M","R","E","M","T","R","$","M","R","E","R","BOSS","M","M","$","?","?","E","R","E","T","R","?","?","M","M","R","BOSS","M","?","?","?","?","E","?","E","T","E","M"],"items_purchased_type":["Relic","Card","Card","Potion","Relic","Card"],"build_version":"2020-12-22","purchased_purges":1,"victory":false,"max_hp_per_floor":[72,72,72,72,72,72,72,72,72,72,72,72,72,72,72,72,72,72,72,72,82,82,82,82,89,89,89,89,89,89,89,89,89,89,89,89,89,85,85,85,85,85,85,85,85,85],"relic_stats":{"counters":[22,105],"Eternal Feather":60,"Question Card":13,"GoldenEye":[34],"Dream Catcher":0,"Ornamental Fan":[40],"Bronze Scales":[238],"Pantograph":25,"Tiny Chest":2,"VioletLotus":[22],"Kunai":[15],"obtain_stats":[{"Ice Cream":39,"SacredBark":17,"Damaru":37,"Eternal Feather":9,"Question Card":14,"GoldenEye":36,"Old Coin":44,"Runic Dome":34,"Dream Catcher":42,"Ornamental Fan":43,"Bronze Scales":11,"Strawberry":25,"Pantograph":26,"Tiny Chest":7,"VioletLotus":0,"Kunai":40,"PureWater":0,"Toy Ornithopter":23},{"Ice Cream":18,"SacredBark":9,"Damaru":18,"Eternal Feather":6,"Question Card":8,"GoldenEye":18,"Old Coin":21,"Runic Dome":17,"Dream Catcher":20,"Ornamental Fan":20,"Bronze Scales":6,"Strawberry":14,"Pantograph":14,"Tiny Chest":5,"VioletLotus":0,"Kunai":19,"PureWater":0,"Toy Ornithopter":13},{"Ice Cream":83,"SacredBark":41,"Damaru":83,"Eternal Feather":26,"Question Card":30,"GoldenEye":83,"Old Coin":103,"Runic Dome":74,"Dream Catcher":94,"Ornamental Fan":94,"Bronze Scales":26,"Strawberry":62,"Pantograph":62,"Tiny Chest":23,"VioletLotus":0,"Kunai":89,"PureWater":0,"Toy Ornithopter":58}],"Toy Ornithopter":20},"card_choices":[{"not_picked":["ThirdEye","CutThroughFate"],"picked":"EmptyFist","floor":1.0},{"not_picked":["FlyingSleeves","Tantrum"],"picked":"TalkToTheHand","floor":2.0},{"not_picked":["Crescendo","Evaluate","PathToVictory"],"picked":"SKIP","floor":3.0},{"not_picked":["Study","Worship"],"picked":"Weave","floor":7.0},{"not_picked":["Collect","WindmillStrike"],"picked":"CutThroughFate","floor":8.0},{"not_picked":["Consecrate","CrushJoints"],"picked":"Alpha","floor":12.0},{"not_picked":["EmptyMind","EmptyBody"],"picked":"Wish","floor":14.0},{"not_picked":["ConjureBlade","Devotion","DeusExMachina"],"picked":"Omniscience","floor":16},{"not_picked":["CarveReality","PathToVictory","ThirdEye"],"picked":"Weave+1","floor":18},{"not_picked":["WheelKick","DeceiveReality","BowlingBash"],"picked":"Crescendo+1","floor":19},{"not_picked":["Wallop","Vengeance","ReachHeaven"],"picked":"Omniscience","floor":22},{"not_picked":["SpiritShield","Perseverance","Protect+1"],"picked":"BowlingBash+1","floor":23},{"not_picked":["Protect","FollowUp","Tantrum"],"picked":"TalkToTheHand","floor":25},{"not_picked":["EmptyBody","Meditate","Worship"],"picked":"MentalFortress+1","floor":30},{"not_picked":["Tantrum","FlyingSleeves","ConjureBlade"],"picked":"Wireheading","floor":31},{"not_picked":["SpiritShield","Judgement","MasterReality"],"picked":"Devotion","floor":33},{"not_picked":["Worship","FlyingSleeves","CutThroughFate+1"],"picked":"Wallop+1","floor":35},{"not_picked":["Crescendo+1","Fasting2","FearNoEvil+1"],"picked":"InnerPeace+1","floor":40},{"not_picked":["WreathOfFlame","Evaluate","Halt"],"picked":"Worship","floor":42},{"not_picked":["WreathOfFlame","Indignation+1","ConjureBlade"],"picked":"CutThroughFate+1","floor":44}],"player_experience":38976,"relics_obtained":[{"floor":7.0,"key":"Tiny Chest"},{"floor":9.0,"key":"Eternal Feather"},{"floor":14.0,"key":"Question Card"},{"floor":23,"key":"Toy Ornithopter"},{"floor":25,"key":"Strawberry"},{"floor":26,"key":"Pantograph"},{"floor":39,"key":"Ice Cream"},{"floor":40,"key":"Kunai"},{"floor":42,"key":"Dream Catcher"},{"floor":43,"key":"Ornamental Fan"},{"floor":44,"key":"Old Coin"}],"event_choices":[{"damage_healed":0.0,"max_hp_gain":0.0,"max_hp_loss":0.0,"gold_gain":0.0,"event_name":"The Woman in Blue","player_choice":"Bought 1 Potion","floor":4.0,"gold_loss":0.0,"damage_taken":0.0},{"cards_removed":["Alpha"],"damage_healed":48,"gold_gain":0,"player_choice":"Offered Rare","damage_taken":0,"max_hp_gain":10,"max_hp_loss":0,"event_name":"Bonfire Elementals","floor":21,"gold_loss":0},{"damage_healed":0,"gold_gain":0,"player_choice":"Gave Potion","damage_taken":0,"relics_obtained":["GoldenEye"],"max_hp_gain":0,"max_hp_loss":0,"event_name":"WeMeetAgain","floor":36,"gold_loss":0},{"damage_healed":0,"gold_gain":0,"player_choice":"Max HP","damage_taken":0,"max_hp_gain":0,"max_hp_loss":4,"event_name":"Winding Halls","floor":38,"gold_loss":0},{"damage_healed":0,"gold_gain":0,"player_choice":"Ignored","damage_taken":0,"max_hp_gain":0,"max_hp_loss":0,"event_name":"Tomb of Lord Red Mask","floor":41,"gold_loss":0}],"is_beta":false,"boss_relics":[{"not_picked":["Empty Cage","Runic Pyramid"],"picked":"SacredBark"},{"not_picked":["Snecko Eye","Tiny House"],"picked":"Runic Dome"}],"items_purged_floors":[20],"is_endless":false,"potions_floor_spawned":[2,7,8,14,18,22,25,33,42],"killed_by":"3 Darklings","ascension_level":2}}