{"host":"nlbr7nnijupf3yfg","time":1613363556,"event":{"mods":["AchievementEnabler","BaseMod","BetterRewards","Colored Powertips","DeckTracker","Downfall","Hermit","Hubris","Infinite Spire","Minty Spire (QoL Compilation)","Quick Restart","Replay The Spire","StSLib","SuperFastMode","The Saiyan","The Servant 0.9.4"],"gold_per_floor":[113,113,113,132,149,149,183,131,131,43,43,56,75,45,45,45,45],"floor_reached":16,"language":"ENG","playtime":264,"items_purged":[],"score":98,"play_id":"bfd7709b-7ea1-4114-ae9b-7c5fb9d31e1f","local_time":"20210214233236","is_ascension_mode":false,"campfire_choices":[{"data":"Snipe","floor":11,"key":"SMITH"},{"floor":15,"key":"REST"}],"circlet_count":0,"master_deck":["Strike_S","Strike_S","Strike_S","Strike_S","Defend_S","Defend_S","KidneyShot","Exchange","Potential","MoonPhase","Collapse","Reset","StarChef","Snipe+1","Snipe","Ricochet","SurpressingFire","DoubleEdge","Rearm","Sabotage"],"relics":["Uniform","NeowsBlessing","hubris:Towel","Omamori","infinitespire:Joker Card"],"acts_visited":["Exordium"],"potions_floor_usage":[16,16],"damage_taken":[{"damage":0,"enemies":"Cultist","floor":1,"turns":1},{"damage":0,"enemies":"Jaw Worm","floor":5,"turns":1},{"damage":8,"enemies":"Replay:BlueRogue","floor":7,"turns":2},{"damage":17,"enemies":"2 Louse","floor":12,"turns":3},{"damage":10,"enemies":"Exordium Wildlife","floor":13,"turns":6},{"damage":10,"enemies":"Looter","floor":14,"turns":4},{"damage":49,"enemies":"The Guardian","floor":16,"turns":8}],"seed_played":"-122152138237873943","potions_obtained":[{"floor":1,"key":"Adrenaline Potion"},{"floor":4,"key":"Ancient Potion"},{"floor":4,"key":"Ancient Potion"},{"floor":4,"key":"Regen Potion"}],"is_trial":false,"path_per_floor":["M","?","?","?","M","?","E","$","T","$","R","M","M","M","R","B"],"character_chosen":"THE_SERVANT","items_purchased":["Snipe","Ricochet","SurpressingFire"],"campfire_rested":1,"item_purchase_floors":[8,10,10],"current_hp_per_floor":[65,58,58,58,58,58,50,50,50,50,50,33,23,13,32,0,0],"gold":45,"neow_bonus":"THREE_ENEMY_KILL","is_daily":false,"chose_seed":false,"campfire_upgraded":1,"win_rate":0.0,"timestamp":1613363556,"path_taken":["M","?","?","?","M","?","E","$","T","$","R","M","?","M","R","BOSS"],"items_purchased_type":["Card","Card","Card"],"build_version":"2020-12-22","purchased_purges":0,"victory":false,"max_hp_per_floor":[65,65,65,65,65,65,65,65,65,65,65,65,65,65,65,65,65],"card_choices":[{"not_picked":["BottledTime","FastForward"],"picked":"Potential","floor":1},{"not_picked":["Read","Unruled"],"picked":"MoonPhase","floor":4},{"not_picked":["DoubleEdge","BottledTime"],"picked":"Collapse","floor":5},{"not_picked":["Alleviate","Potential"],"picked":"StarChef","floor":7},{"not_picked":["FastForward","TimeWarp"],"picked":"DoubleEdge","floor":12},{"not_picked":["Potential","Replace"],"picked":"Rearm","floor":13},{"not_picked":["Defy","FlawlessForm"],"picked":"Sabotage","floor":14}],"player_experience":65082,"relics_obtained":[{"floor":7,"key":"Omamori"},{"floor":9,"key":"infinitespire:Joker Card"}],"event_choices":[{"cards_removed":["Defend_S"],"damage_healed":0,"gold_gain":0,"player_choice":"Card Removal","damage_taken":7,"max_hp_gain":0,"max_hp_loss":0,"event_name":"Golden Wing","floor":2,"gold_loss":0},{"damage_healed":0,"gold_gain":0,"cards_transformed":["Defend_S"],"player_choice":"Transformed","damage_taken":0,"max_hp_gain":0,"max_hp_loss":0,"event_name":"Transmorgrifier","floor":6,"gold_loss":0,"cards_obtained":["Reset"]}],"is_beta":false,"boss_relics":[],"items_purged_floors":[],"is_endless":false,"potions_floor_spawned":[1,12],"killed_by":"The Guardian","ascension_level":0}}