{"host":"ubyp1yuphwcqvn8x","time":1613365198,"event":{"mods":["BaseMod","Colored Map","Minty Spire (QoL Compilation)","Permanent Neow","Replay The Spire","StSLib","SuperFastMode","The Construct"],"gold_per_floor":[114,128,128,147,227,227,260,273,273,31,31,61,61,25,25,127,127,146,165,165,175,186,211,211,238,261,261,261,261],"floor_reached":28,"language":"ENG","playtime":4260,"items_purged":[],"score":293,"play_id":"1377c21f-fbde-4977-8521-210eed7e0110","local_time":"20210214235958","is_ascension_mode":true,"campfire_choices":[{"data":"Entrench","floor":6.0,"key":"SMITH"},{"data":"Dark Embrace","floor":11.0,"key":"SMITH"},{"data":"Demon Form","floor":13.0,"key":"SMITH"},{"floor":15.0,"key":"DIG"},{"data":"Demonic Infusion","floor":24.0,"key":"SMITH"},{"floor":27.0,"key":"REST"}],"circlet_count":0,"master_deck":["Strike_R","Strike_R","Strike_R","Strike_R","Strike_R","Defend_R","Defend_R","Defend_R","Bash","Dark Embrace+1","ReplayTheSpireMod:Stacked","Ghostly Armor","Entrench+1","Metallicize","Demon Form+1","Warcry+1","Demonic Infusion+1","Heavy Blade","Intimidate+1","Burning Pact+1"],"relics":["Black Blood","Calipers","ReplayTheSpireMod:Ninjato","Mummified Hand","Letter Opener","Strawberry","Kunai","Bottled Lightning","Ancient Tea Set","MealTicket"],"acts_visited":["Exordium","TheCity"],"potions_floor_usage":[28],"damage_taken":[{"damage":4.0,"enemies":"Jaw Worm","floor":1.0,"turns":4.0},{"damage":6.0,"enemies":"Cultist","floor":2.0,"turns":3.0},{"damage":1.0,"enemies":"2 Louse","floor":4.0,"turns":3.0},{"damage":8.0,"enemies":"Gremlin Nob","floor":7.0,"turns":6.0},{"damage":11.0,"enemies":"Looter","floor":8.0,"turns":3.0},{"damage":7.0,"enemies":"3 Sentries","floor":12.0,"turns":14.0},{"damage":19.0,"enemies":"The Guardian","floor":16.0,"turns":11.0},{"damage":23.0,"enemies":"Chosen","floor":18.0,"turns":8.0},{"damage":37.0,"enemies":"3 Byrds","floor":19.0,"turns":7.0},{"damage":40.0,"enemies":"3 Cultists","floor":21.0,"turns":7.0},{"damage":7.0,"enemies":"Snecko","floor":22.0,"turns":4.0},{"damage":10.0,"enemies":"Replay:Snechameleon","floor":23.0,"turns":10.0},{"damage":21.0,"enemies":"Gremlin Leader","floor":25.0,"turns":8.0},{"damage":0,"enemies":"Slavers","floor":28,"turns":1}],"seed_played":"-1841490955494696311","potions_obtained":[{"floor":1.0,"key":"Adrenaline Potion"},{"floor":4.0,"key":"BlessingOfTheForge"},{"floor":5.0,"key":"HeartOfIron"},{"floor":5.0,"key":"DuplicationPotion"},{"floor":7.0,"key":"LiquidMemories"},{"floor":16.0,"key":"GamblersBrew"},{"floor":18.0,"key":"Venom Potion"},{"floor":23.0,"key":"AttackPotion"}],"is_trial":false,"path_per_floor":["M","M","?","M","?","R","E","M","T","$","R","E","R","$","R_BF","B",null,"M","M","T","M","M","E","R","E","T","R","E"],"character_chosen":"IRONCLAD","items_purchased":["Mummified Hand","Warcry+1"],"campfire_rested":1,"item_purchase_floors":[10,14],"current_hp_per_floor":[58,58,58,63,63,63,61,56,56,56,56,55,55,55,62,49,87,76,51,51,23,28,30,30,21,21,47,47,47],"gold":261,"neow_bonus":"ONE_RARE_RELIC","is_daily":false,"chose_seed":false,"campfire_upgraded":4,"win_rate":0.0,"timestamp":1613365198,"path_taken":["M","M","?","?","?","R","E","M","T","?","R","E","R","$","R_BF","BOSS","M","M","?","M","M","E","R","E","T","R","E"],"items_purchased_type":["Relic","Card"],"build_version":"2020-12-22","purchased_purges":0,"victory":false,"max_hp_per_floor":[80,80,80,80,80,80,80,80,80,80,80,80,80,80,87,87,87,87,87,87,87,87,87,87,87,87,87,87,87],"card_choices":[{"not_picked":["Feel No Pain","Sentinel"],"picked":"Dark Embrace","floor":1.0},{"not_picked":["True Grit","Combust"],"picked":"ReplayTheSpireMod:Stacked","floor":2.0},{"not_picked":["Shrug It Off","Warcry"],"picked":"Ghostly Armor","floor":4.0},{"not_picked":["Heavy Blade","Shrug It Off"],"picked":"Entrench","floor":5.0},{"not_picked":["Shrug It Off","Clash","Searing Blow"],"picked":"SKIP","floor":7.0},{"not_picked":["Replay:Undeath\u0027s Touch","Havoc"],"picked":"Metallicize","floor":8.0},{"not_picked":["Pommel Strike","Combust"],"picked":"Demon Form","floor":12.0},{"not_picked":["Bludgeon","Demon Form"],"picked":"Demonic Infusion","floor":16.0},{"not_picked":["Warcry","Thunderclap+1"],"picked":"Heavy Blade","floor":18.0},{"not_picked":["Shrug It Off+1","Carnage","Rupture"],"picked":"SKIP","floor":19.0},{"not_picked":["ReplayTheSpireMod:Muscle Training","Shrug It Off","Fire Breathing"],"picked":"SKIP","floor":21.0},{"not_picked":["Whirlwind","Iron Wave"],"picked":"Intimidate+1","floor":22.0},{"not_picked":["Hemokinesis","Intimidate","Havoc"],"picked":"SKIP","floor":23.0},{"not_picked":["Reckless Charge+1","Flex"],"picked":"Burning Pact+1","floor":25.0}],"player_experience":1114319,"relics_obtained":[{"floor":7.0,"key":"ReplayTheSpireMod:Ninjato"},{"floor":12.0,"key":"Letter Opener"},{"floor":15.0,"key":"Strawberry"},{"floor":20.0,"key":"Kunai"},{"floor":23.0,"key":"Bottled Lightning"},{"floor":25.0,"key":"Ancient Tea Set"},{"floor":26.0,"key":"MealTicket"}],"event_choices":[{"cards_removed":["Defend_R"],"damage_healed":0.0,"max_hp_gain":0.0,"max_hp_loss":0.0,"gold_gain":0.0,"event_name":"Bonfire Elementals","player_choice":"Offered Basic","floor":3.0,"gold_loss":0.0,"damage_taken":0.0}],"is_beta":false,"boss_relics":[{"not_picked":["SlaversCollar","Fusion Hammer"],"picked":"Black Blood"}],"items_purged_floors":[],"is_endless":false,"potions_floor_spawned":[1,4,7,16,18,23],"killed_by":"Slavers","ascension_level":2}}