{"host":"yy1cu9q9bsxhflzi","time":1613415584,"event":{"mods":["BaseMod","DeckTracker","Minty Spire (QoL Compilation)","Quick Restart","StSLib","SuperFastMode","everything is the same but u backflip on backflip"],"gold_per_floor":[117,117,137,151,163,163,178,192,216,236,246,321,321,321],"floor_reached":13,"language":"KOR","playtime":271,"items_purged":[],"score":150,"play_id":"8a5ab47f-4fb0-43f8-bda5-3e015b05bae5","local_time":"20210216035944","is_ascension_mode":true,"campfire_choices":[{"data":"Die Die Die","floor":6,"key":"SMITH"}],"circlet_count":0,"master_deck":["AscendersBane","Strike_G","Strike_G","Strike_G","Strike_G","Strike_G","Defend_G","Defend_G","Defend_G","Defend_G","Defend_G","Survivor","Neutralize","Die Die Die+1","Well Laid Plans","Backflip","Escape Plan","Deadly Poison","Acrobatics","Envenom","Blade Dance","Finisher"],"relics":["Ring of the Snake","Nunchaku"],"acts_visited":["Exordium"],"potions_floor_usage":[13,13],"damage_taken":[{"damage":0,"enemies":"2 Louse","floor":1,"turns":2},{"damage":0,"enemies":"Cultist","floor":3,"turns":4},{"damage":12,"enemies":"Jaw Worm","floor":4,"turns":8},{"damage":11,"enemies":"Exordium Wildlife","floor":5,"turns":3},{"damage":6,"enemies":"Blue Slaver","floor":7,"turns":4},{"damage":0,"enemies":"Gremlin Gang","floor":8,"turns":3},{"damage":14,"enemies":"Looter","floor":10,"turns":4},{"damage":0,"enemies":"Red Slaver","floor":11,"turns":3},{"damage":2,"enemies":"Lagavulin","floor":13,"turns":3}],"seed_played":"-406279417568909834","potions_obtained":[{"floor":3,"key":"DuplicationPotion"},{"floor":4,"key":"GamblersBrew"}],"is_trial":false,"path_per_floor":["M","?","M","M","M","R","M","M","T","M","M","?","E"],"character_chosen":"THE_SILENT","items_purchased":[],"campfire_rested":0,"item_purchase_floors":[],"current_hp_per_floor":[59,59,59,47,36,36,30,30,30,16,16,5,3,3],"gold":321,"neow_bonus":"THREE_RARE_CARDS","is_daily":false,"chose_seed":false,"campfire_upgraded":1,"win_rate":0.0,"timestamp":1613415584,"path_taken":["M","?","M","M","M","R","M","M","T","?","M","?","E"],"items_purchased_type":[],"build_version":"2020-12-22","purchased_purges":0,"victory":false,"max_hp_per_floor":[60,60,60,60,60,60,60,60,60,60,60,60,60,60],"card_choices":[{"not_picked":["Doppelganger","Envenom"],"picked":"Die Die Die","floor":0},{"not_picked":["Deflect","Slice"],"picked":"Well Laid Plans","floor":1},{"not_picked":["Dodge and Roll","Quick Slash"],"picked":"Escape Plan","floor":3},{"not_picked":["PiercingWail","Outmaneuver"],"picked":"Deadly Poison","floor":4},{"not_picked":["Bane","Finisher"],"picked":"Acrobatics","floor":5},{"not_picked":["Quick Slash","Cloak And Dagger"],"picked":"Envenom","floor":7},{"not_picked":["Bane","Dodge and Roll","Accuracy"],"picked":"SKIP","floor":8},{"not_picked":["Leg Sweep","Acrobatics"],"picked":"Blade Dance","floor":10},{"not_picked":["Setup","Dodge and Roll"],"picked":"Finisher","floor":11}],"player_experience":3915923,"relics_obtained":[{"floor":9,"key":"Nunchaku"}],"event_choices":[{"damage_healed":0,"gold_gain":0,"player_choice":"1 cards matched","damage_taken":0,"max_hp_gain":0,"max_hp_loss":0,"event_name":"Match and Keep!","floor":2,"gold_loss":0,"cards_obtained":["Backflip"]},{"damage_healed":0,"gold_gain":75,"player_choice":"Gather Gold","damage_taken":11,"max_hp_gain":0,"max_hp_loss":0,"event_name":"World of Goop","floor":12,"gold_loss":0}],"is_beta":false,"boss_relics":[],"items_purged_floors":[],"is_endless":false,"potions_floor_spawned":[3,4,8,10],"killed_by":"Lagavulin","ascension_level":17}}