{"host":"dn6kke80v5f7isus","time":1613413481,"event":{"mods":["AchievementEnabler","Act Like it!","BaseMod","Colored Powertips","Custom Start","Defuse TimeMaze Blight","Energized Spire","Gremlin Skip","Highlight Path","Hubris","Infinite Spire","Marisa????????","Minty Spire (QoL Compilation)","Quick Restart","Rare Cards Sparkle","Reliquary","Replay The Spire","StSLib","The Hierophant","The Servant 0.9.4","Uncapped","Unceasing Turn Reminder"],"gold_per_floor":[116,116,291,321,4,37,37,37,108,108,136,136,151,187,187,167,167],"floor_reached":16,"language":"ENG","playtime":429,"items_purged":["Doubt"],"score":130,"play_id":"9bc41e60-6f3f-4ca3-930f-9e6af21804a6","local_time":"20210215132441","is_ascension_mode":true,"campfire_choices":[{"floor":8,"key":"REST"},{"data":"infinitespire:FutureSight","floor":10,"key":"SMITH"},{"data":"hierophant:ChurchCoffers","floor":12,"key":"SMITH"},{"data":"hierophant:RustyCrate","floor":15,"key":"PURGE"}],"circlet_count":0,"master_deck":["hierophant:Strike_Hierophant","hierophant:Strike_Hierophant","hierophant:Strike_Hierophant","hierophant:Strike_Hierophant","hierophant:Punish","hierophant:Defend_Hierophant","hierophant:Defend_Hierophant","hierophant:Defend_Hierophant","hierophant:Defend_Hierophant","hierophant:ChurchCoffers+1","hierophant:RustyCrate","hierophant:Doubloon","hierophant:Doubloon","infinitespire:FutureSight+1","hierophant:Doubloon","hierophant:Doubloon","hierophant:Doubloon"],"relics":["hierophant:PropheticMaskRelic","infinitespire:CheckeredPen","Letter Opener","ReplayTheSpireMod:Ninjato"],"acts_visited":["Exordium"],"potions_floor_usage":[6,16,16],"damage_taken":[{"damage":1,"enemies":"Jaw Worm","floor":1,"turns":4},{"damage":0,"enemies":"2 Louse","floor":4,"turns":2},{"damage":22,"enemies":"3 Sentries","floor":6,"turns":6},{"damage":2,"enemies":"Small Slimes","floor":11,"turns":3},{"damage":6,"enemies":"Exordium Wildlife","floor":13,"turns":3},{"damage":2,"enemies":"Blue Slaver","floor":14,"turns":2},{"damage":52,"enemies":"Slime Boss","floor":16,"turns":8}],"seed_played":"865973127508981900","potions_obtained":[{"floor":4,"key":"Strength Potion"},{"floor":13,"key":"EssenceOfSteel"},{"floor":14,"key":"LiquidMemories"}],"is_trial":false,"path_per_floor":["M","?","?","M","$","E","?","R","T","R","M","R","M","M","R","B"],"character_chosen":"HIEROPHANT","items_purchased":["infinitespire:CheckeredPen"],"campfire_rested":1,"item_purchase_floors":[5],"current_hp_per_floor":[81,81,81,81,81,59,40,64,64,64,62,62,56,54,54,2,2],"gold":167,"neow_bonus":"TEN_PERCENT_HP_BONUS","is_daily":false,"chose_seed":false,"campfire_upgraded":2,"win_rate":0.0,"timestamp":1613413481,"path_taken":["M","?","?","M","$","E","?","R","T","R","?","R","M","M","R","BOSS"],"items_purchased_type":["Relic"],"build_version":"2020-12-22","purchased_purges":1,"victory":false,"max_hp_per_floor":[82,82,82,82,82,82,82,82,82,82,82,82,82,82,82,82,82],"card_choices":[{"not_picked":["hierophant:Shelter","hierophant:ArchangelShield"],"picked":"hierophant:RustyCrate","floor":1},{"not_picked":["hierophant:Encroach","hierophant:AuricShield","hierophant:HammerAndAnvil"],"picked":"SKIP","floor":4},{"not_picked":["hierophant:HolyVerse","hierophant:CoinFling","hierophant:OrnateBuckler"],"picked":"SKIP","floor":6},{"not_picked":["infinitespire:FinalStrike","infinitespire:Punishment"],"picked":"infinitespire:FutureSight","floor":7},{"not_picked":["hierophant:FieryStrike","hierophant:SealAway","hierophant:MorningPrayer"],"picked":"SKIP","floor":11},{"not_picked":["hierophant:DisplayOfPower","hierophant:SealAway"],"picked":"hierophant:Doubloon","floor":13},{"not_picked":["hierophant:SealAway","hierophant:FieryStrike"],"picked":"hierophant:RustyCrate","floor":14}],"player_experience":460161,"relics_obtained":[{"floor":6,"key":"Letter Opener"},{"floor":9,"key":"ReplayTheSpireMod:Ninjato"}],"event_choices":[{"damage_healed":0,"gold_gain":175,"player_choice":"AGREE","damage_taken":0,"max_hp_gain":0,"max_hp_loss":0,"event_name":"Liars Game","floor":3,"gold_loss":0,"cards_obtained":["Doubt"]}],"is_beta":false,"boss_relics":[],"items_purged_floors":[5],"is_endless":false,"potions_floor_spawned":[4,13,14],"killed_by":"Slime Boss","ascension_level":1}}