{"host":"psh83vqabmtchp5z","time":1613365303,"event":{"mods":["AchievementEnabler","Aspiration","BaseMod","Better Altar","Better Match","Better Skull","Better Third Choice","Better Vampires","BetterRewards","Challenge The Spire","Conspire","Downfall","Gold Saver","Lobotomy","LobotomyExtend","Minty Spire (QoL Compilation)","Quick Restart","Relic Filter","Replay The Spire","Shop Mod","Spicy Shops","StSLib","óô»ðÖ¸ÄÏ"],"gold_per_floor":[113,124,124,124,124,124,160,160,160,185,185,228,259,271,283,418,430,455,487,499,511,523,127,157,96,108,120,32,44,74,106,118,255,267,303,357,393,455,16,16,64,100,100,120,145,145,188,202,202,202],"floor_reached":51,"language":"ZHS","playtime":6039,"items_purged":["downfall:Bewildered","SingingMachine","conspire:GhostlyDefend+1"],"score":911,"play_id":"59154258-fae0-45e4-b3bf-3d7632a56e29","local_time":"20210215130143","is_ascension_mode":false,"campfire_choices":[{"data":"Distraction","floor":6.0,"key":"SMITH"},{"data":"Cloak And Dagger","floor":8.0,"key":"SMITH"},{"data":"ReplayTheSpireMod:Shiv Toss","floor":11.0,"key":"SMITH"},{"floor":15.0,"key":"REST"},{"data":"Adrenaline","floor":32.0,"key":"SMITH"},{"data":"Prepared","floor":46.0,"key":"SMITH"},{"data":"Prepared","floor":49,"key":"SMITH"}],"circlet_count":0,"master_deck":["BodiesMountain","Funeral","conspire:GhostlyStrike+1","conspire:GhostlyStrike+1","conspire:GhostlyStrike+1","conspire:GhostlyStrike+1","conspire:GhostlyDefend+1","conspire:GhostlyDefend+1","conspire:GhostlyDefend+1","Survivor+1","Neutralize","ReplayTheSpireMod:Shiv Toss+1","Distraction+1","VoidDream","Cloak And Dagger+1","Cloak And Dagger","Acrobatics","MHz","Adrenaline+1","UniverseFragment","Dagger Spray","Die Die Die","Panache","Dagger Throw+1","Terror","Terror+1","RedShoes","After Image","Prepared+1","ShyLook","Prepared+1","OSAHOGD","Infinite Blades","Blade Dance","Draining Mist+1","Blind","Clumsy","SnowQueen","Acrobatics","Prepared+1","Prepared+1","Doubt","betterMatch:CurseCard"],"relics":["Ring of the Snake","CogitoBucket","LetterFromLob","StrikeDummy","Golden Idol","Regal Pillow","InkBottle","hexamod:BolsterEngine","MawBank","War Paint","Happy Flower","Empty Cage","Theresia","sneckomod:BabySnecko","aspiration:Lifesprig","Bottled Lightning","WristBlade","TreeSap","Matryoshka","ReplayTheSpireMod:Ring of Collecting","Ring of Greed","Replay:Wax Seal","The Courier","BargainBundle","aspiration:FetidBarrel","ReplayTheSpireMod:Lightbulb","Ring of Fangs","PreservedInsect","Ancient Tea Set","sneckomod:BlankCard","ReplayTheSpireMod:Ring of Exchange","Molten Egg 2","SolemnVow_r","AtMidnight","ChangeAnything","Orichalcum","TheSmile_r"],"acts_visited":["Exordium","TheCity","TheBeyond"],"potions_floor_usage":[50],"damage_taken":[{"damage":1.0,"enemies":"Cultist","floor":1.0,"turns":4.0},{"damage":0.0,"enemies":"2 Louse","floor":2.0,"turns":2.0},{"damage":18.0,"enemies":"3 Sentries","floor":7.0,"turns":25.0},{"damage":23.0,"enemies":"Gremlin Nob","floor":12.0,"turns":6.0},{"damage":0.0,"enemies":"Small Slimes","floor":13.0,"turns":1.0},{"damage":2.0,"enemies":"Hexaghost","floor":16.0,"turns":10.0},{"damage":0.0,"enemies":"Spheric Guardian","floor":18.0,"turns":5.0},{"damage":2.0,"enemies":"3 Byrds","floor":19.0,"turns":5.0},{"damage":8.0,"enemies":"Shelled Parasite and Fungi","floor":24.0,"turns":2.0},{"damage":0.0,"enemies":"Centurion and Healer","floor":30.0,"turns":2.0},{"damage":0.0,"enemies":"Snecko","floor":31.0,"turns":2.0},{"damage":11.0,"enemies":"Automaton","floor":33.0,"turns":6.0},{"damage":5.0,"enemies":"Orb Walker","floor":35.0,"turns":3.0},{"damage":14.0,"enemies":"conspire:MimicChest","floor":36.0,"turns":5.0},{"damage":2.0,"enemies":"3 Shapes","floor":37.0,"turns":2.0},{"damage":2.0,"enemies":"Reptomancer","floor":42.0,"turns":3.0},{"damage":2.0,"enemies":"Jaw Worm Horde","floor":44.0,"turns":3.0},{"damage":8.0,"enemies":"Spire Growth","floor":45.0,"turns":3.0},{"damage":1,"enemies":"Giant Head","floor":47,"turns":3},{"damage":8,"enemies":"Transient","floor":48,"turns":5},{"damage":129,"enemies":"Time Eater","floor":50,"turns":7}],"seed_played":"966989901138697048","potions_obtained":[{"floor":2.0,"key":"champ:CounterPotion"},{"floor":12.0,"key":"Fruit Juice"},{"floor":16.0,"key":"Energy Potion"},{"floor":24.0,"key":"SteroidPotion"},{"floor":30.0,"key":"Explosive Potion"},{"floor":37.0,"key":"DuplicationPotion"},{"floor":42.0,"key":"SteroidPotion"}],"is_trial":false,"path_per_floor":["M","M","T","?","?","R","E","R","T","T","R","E","M","?","R","B",null,"M","M","?","?","$","R","M","R","T","M","R","?","M","M","R","B",null,"M","?","M","?","$","?","T","E","T","M","M","R","E","M","R","B",null],"character_chosen":"THE_SILENT","items_purchased":["Panache","aspiration:Lifesprig","Terror","BargainBundle","aspiration:FetidBarrel","Infinite Blades","Blade Dance","Draining Mist+1","Blind"],"campfire_rested":1,"item_purchase_floors":[23,23,25,39,39,39,39,39,39],"current_hp_per_floor":[69,69,69,52,52,52,34,34,34,34,34,16,58,9,46,44,75,75,73,73,73,73,73,65,65,65,65,65,65,65,65,65,54,75,70,56,54,54,54,54,54,75,75,75,75,75,75,69,69,34],"gold":202,"neow_bonus":"","is_daily":false,"chose_seed":false,"campfire_upgraded":6,"win_rate":0.0,"timestamp":1613365303,"path_taken":["M","?","?","?","?","R","E","R","T","?","R","E","?","?","R","BOSS","M","M","?","?","$","R","M","R","T","M","R","?","?","M","R","BOSS","M","?","M","?","$","?","?","E","T","M","M","R","E","M","R","BOSS"],"items_purchased_type":["Card","Relic","Card","Relic","Relic","Card","Card","Card","Card"],"build_version":"2020-12-22","purchased_purges":3,"victory":true,"max_hp_per_floor":[70,70,70,70,70,70,70,70,70,70,70,75,75,75,75,75,75,75,75,75,75,75,75,75,75,75,75,75,75,75,75,75,75,75,75,75,75,75,75,75,75,75,75,75,75,75,75,75,75,75],"card_choices":[{"not_picked":["Poisoned Stab","Well Laid Plans"],"picked":"ReplayTheSpireMod:Shiv Toss","floor":1.0},{"not_picked":["PiercingWail","Quick Slash"],"picked":"Distraction","floor":2.0},{"not_picked":["LittleHelper","BeautyBeast"],"picked":"VoidDream","floor":2.0},{"not_picked":["Dagger Throw","Underhanded Strike"],"picked":"Cloak And Dagger","floor":7.0},{"not_picked":["HeroicMonk","OldLady"],"picked":"Yin","floor":7.0},{"not_picked":["Poisoned Stab","Choke"],"picked":"Cloak And Dagger","floor":12.0},{"not_picked":["Deflect","Tactician"],"picked":"Acrobatics","floor":13.0},{"not_picked":["Bloodbath","SpiderBud"],"picked":"MHz","floor":16.0},{"not_picked":["Grand Finale","Glass Knife"],"picked":"Adrenaline","floor":16.0},{"not_picked":["Scarecrow","CherryBlossoms"],"picked":"UniverseFragment","floor":18.0},{"not_picked":["Acrobatics+1","Cloak And Dagger"],"picked":"Dagger Spray","floor":18.0},{"not_picked":["Porccubus","Variant"],"picked":"SingingMachine","floor":19.0},{"not_picked":["Quick Slash","Sneak Up+1"],"picked":"Die Die Die","floor":19.0},{"not_picked":["Quick Slash","Endless Agony"],"picked":"Dagger Throw+1","floor":24.0},{"not_picked":["Heel Hook","Deflect"],"picked":"Terror+1","floor":30.0},{"not_picked":["FairyFestival","CherryBlossoms"],"picked":"RedShoes","floor":31.0},{"not_picked":["Dodge and Roll","Corpse Explosion","Dagger Throw"],"picked":"SKIP","floor":31.0},{"not_picked":["BeautyBeast","GalaxyChild"],"picked":"Woodsman","floor":33.0},{"not_picked":["Wraith Form v2","Malaise"],"picked":"After Image","floor":33.0},{"not_picked":["Sneak Up+1","Riddle With Holes"],"picked":"Prepared","floor":35.0},{"not_picked":["BlackSwan","MeltingLove"],"picked":"ShyLook","floor":36.0},{"not_picked":["Deadly Poison","Hidden Blade"],"picked":"Prepared+1","floor":36.0},{"not_picked":["GalaxyChild","BeautyBeast"],"picked":"OSAHOGD","floor":37.0},{"not_picked":["Underhanded Strike","Poisoned Stab","Quick Slash+1"],"picked":"SKIP","floor":37.0},{"not_picked":["QueenOfHatred","BlueStar"],"picked":"SnowQueen","floor":42.0},{"not_picked":["Dagger Spray","Draining Mist+1"],"picked":"Acrobatics","floor":42.0},{"not_picked":["SilentOrchestra","NothingThere"],"picked":"Funeral","floor":44.0},{"not_picked":["Dagger Throw+1","Skewer+1"],"picked":"Prepared+1","floor":44.0},{"not_picked":["Freischutz","BlueStar"],"picked":"BodiesMountain","floor":45.0},{"not_picked":["Deadly Poison+1","Skewer+1"],"picked":"Prepared","floor":45.0},{"not_picked":["Alriune","GreedKing"],"picked":"BlueStar","floor":47},{"not_picked":["Setup","Dodge and Roll+1","All Out Attack+1"],"picked":"SKIP","floor":47},{"not_picked":["Setup","Dodge and Roll+1","All Out Attack+1"],"picked":"SKIP","floor":47},{"not_picked":["Setup","Dodge and Roll+1","All Out Attack+1"],"picked":"SKIP","floor":47},{"not_picked":["Quick Slash+1","Slice+1","Blade Dance"],"picked":"SKIP","floor":48}],"player_experience":748150,"relics_obtained":[{"floor":1.0,"key":"LetterFromLob"},{"floor":3.0,"key":"StrikeDummy"},{"floor":7.0,"key":"Regal Pillow"},{"floor":9.0,"key":"InkBottle"},{"floor":10.0,"key":"hexamod:BolsterEngine"},{"floor":12.0,"key":"MawBank"},{"floor":26.0,"key":"Bottled Lightning"},{"floor":36.0,"key":"Matryoshka"},{"floor":38.0,"key":"ReplayTheSpireMod:Ring of Collecting"},{"floor":38.0,"key":"Ring of Greed"},{"floor":38.0,"key":"Replay:Wax Seal"},{"floor":38.0,"key":"The Courier"},{"floor":41.0,"key":"ReplayTheSpireMod:Lightbulb"},{"floor":41.0,"key":"Ring of Fangs"},{"floor":41.0,"key":"PreservedInsect"},{"floor":42.0,"key":"Ancient Tea Set"},{"floor":43.0,"key":"sneckomod:BlankCard"},{"floor":43.0,"key":"ReplayTheSpireMod:Ring of Exchange"},{"floor":43.0,"key":"Molten Egg 2"},{"floor":45.0,"key":"AtMidnight"},{"floor":47,"key":"Orichalcum"}],"event_choices":[{"damage_healed":0.0,"max_hp_gain":0.0,"max_hp_loss":0.0,"gold_gain":0.0,"event_name":"Golden Idol","player_choice":"Take Damage","floor":4.0,"gold_loss":0.0,"damage_taken":17.0,"relics_obtained":["Golden Idol"]},{"damage_healed":0.0,"max_hp_gain":0.0,"max_hp_loss":0.0,"gold_gain":0.0,"event_name":"conspire:LoneGhost","player_choice":"Agree","floor":5.0,"gold_loss":0.0,"damage_taken":0.0},{"damage_healed":0.0,"max_hp_gain":0.0,"max_hp_loss":0.0,"gold_gain":0.0,"event_name":"betterSkull:BetterSkull","player_choice":"RE RE UP ","floor":14.0,"gold_loss":0.0,"damage_taken":55.0,"cards_upgraded":["conspire:GhostlyDefend"],"relics_obtained":["War Paint","Happy Flower"]},{"damage_healed":0.0,"max_hp_gain":0.0,"max_hp_loss":0.0,"gold_gain":0.0,"event_name":"Ghosts","player_choice":"Ignored","floor":20.0,"gold_loss":0.0,"damage_taken":0.0},{"damage_healed":0.0,"max_hp_gain":0.0,"max_hp_loss":6.0,"gold_gain":0.0,"event_name":"betterThird:BetterWriting","player_choice":"Simplicity","floor":29.0,"gold_loss":0.0,"damage_taken":0.0}],"is_beta":false,"boss_relics":[{"not_picked":["Velvet Choker","Kintsugi"],"picked":"Empty Cage"},{"not_picked":["Runic Dome","aspiration:RunicSpoon"],"picked":"WristBlade"}],"items_purged_floors":[23,28,39],"is_endless":false,"potions_floor_spawned":[2,12,16,24,30,31,35,37,42,45],"ascension_level":0}}