{"host":"rsal8t78l1a5jz1a","time":1613374898,"event":{"mods":["Act Like it!","BaseMod","Marisa£®ÏF”Í°°ƒß¿Ì…≥£©","Marked Mod","Minty Spire (QoL Compilation)","StSLib"],"gold_per_floor":[111,127,127,146,1110330,1110355,1110365,1110384,1110407,1109961,1109985,1109480,1109480,1109490,1109490,1109594,1109594,1109611,1109379,1109388,1109416,1109416,1109416,1109453,1109453,1109500,1109415,1109354,1109373,1109393,1109436,1109445,1109550,1109550,1109573,1109620,1109059,1109087,1109087,1109123,1109145,1109145,1109145,1109168,1109168,1108884,1108912,1108941,1108950,1108950],"floor_reached":51,"language":"ZHS","playtime":4283,"items_purged":["Defend_MRS"],"score":917,"play_id":"d5b9e1c9-1a9e-47b7-a756-b84c024de943","local_time":"20210215154138","is_ascension_mode":false,"campfire_choices":[{"data":"BinaryStars","floor":13,"key":"SMITH"},{"data":"OpenUniverse","floor":15,"key":"SMITH"},{"data":"MeteoricShower","floor":23,"key":"SMITH"},{"data":"UltimateShortwave","floor":25,"key":"SMITH"},{"floor":32,"key":"REST"},{"floor":49,"key":"REST"}],"circlet_count":0,"master_deck":["Strike_MRS+1","Strike_MRS+1","Strike_MRS+1","Strike_MRS+1","Defend_MRS+1","Defend_MRS+1","Defend_MRS+1","MasterSpark+1","UpSweep+1","ShootTheMoon+1","ShootingEcho+1","EnergyFlow+1","GasGiant+1","RefractionSpark+1","PowerUp+1","GravityBeat+1","BinaryStars+1","IllusionStar+1","GalacticHalo+1","PowerUp+1","Acceleration+1","MachineGunSpark+1","GrandCross+1","NonDirectionalLaser+1","LuminesStrike+1","SporeBomb+1","OrrerysSun+1","Acceleration+1","OpenUniverse+1","UltimateShortwave+1","MeteoricShower+1","EnergyRecoil+1","MagicChant+1","StarlightTyphoon+1","DarkMatter+1","OortCloud+1","EscapeVelocity+1","SprinkleStarSeal+1","MilkyWay+1","EnergyRecoil+1","BigCrunch+1","DragonMeteor+1","DC+1","BlazingStar+1","DeepEcoloBomb+1","SatelliteIllusion+1","EarthLightRay+1","BinaryStars+1","MysteriousBeam+1","PowerUp+1","FairyDestructionRay+1","StarlightTyphoon+1","Enlightenment+1","ChargingUp+1","Acceleration+1","ManaConvection+1","LuminesStrike+1","PropBag+1"],"relics":["MiniHakkero","NeowsBlessing","Peace Pipe","Orichalcum","Membership Card","Gambling Chip","Dream Catcher","Turnip","HandmadeGrimoire","Chemical X","Anchor","Happy Flower","Ginger","Medical Kit","RampagingMagicTools","CeramicFish","Toxic Egg 2","Orrery","Nilry\u0027s Codex","Vajra","MealTicket","Bag of Preparation","Lizard Tail","Lantern","ExperimentalFamiliar","Torii","Sundial","Bird Faced Urn","SimpleLauncher","MagicBroom","PreservedInsect","Mark of the Bloom","Letter Opener","Blood Vial","Bottled Lightning"],"acts_visited":["Exordium","TheCity","TheBeyond"],"potions_floor_usage":[6,6,8,16,16,24,31,33,38,48,50],"damage_taken":[{"damage":0,"enemies":"2 Louse","floor":1,"turns":1},{"damage":0,"enemies":"Cultist","floor":2,"turns":1},{"damage":0,"enemies":"Jaw Worm","floor":4,"turns":1},{"damage":17,"enemies":"Gremlin Nob","floor":6,"turns":4},{"damage":0,"enemies":"3 Louse","floor":7,"turns":3},{"damage":0,"enemies":"Blue Slaver","floor":8,"turns":2},{"damage":0,"enemies":"Looter","floor":14,"turns":1},{"damage":0,"enemies":"Slime Boss","floor":16,"turns":3},{"damage":0,"enemies":"Chosen","floor":18,"turns":3},{"damage":0,"enemies":"3 Byrds","floor":21,"turns":3},{"damage":38,"enemies":"Book of Stabbing","floor":24,"turns":4},{"damage":0,"enemies":"Shelled Parasite and Fungi","floor":29,"turns":2},{"damage":0,"enemies":"Cultist and Chosen","floor":30,"turns":3},{"damage":15,"enemies":"Slavers","floor":31,"turns":2},{"damage":28,"enemies":"Automaton","floor":33,"turns":5},{"damage":0,"enemies":"3 Darklings","floor":35,"turns":1},{"damage":0,"enemies":"2 Orb Walkers","floor":36,"turns":2},{"damage":7,"enemies":"3 Shapes","floor":38,"turns":3},{"damage":0,"enemies":"Reptomancer","floor":40,"turns":1},{"damage":0,"enemies":"Jaw Worm Horde","floor":41,"turns":1},{"damage":0,"enemies":"Writhing Mass","floor":44,"turns":1},{"damage":0,"enemies":"Sphere and 2 Shapes","floor":47,"turns":1},{"damage":0,"enemies":"3 Darklings","floor":48,"turns":2},{"damage":22,"enemies":"Donu and Deca","floor":50,"turns":4}],"seed_played":"4981276880003154442","potions_obtained":[{"floor":1,"key":"AttackPotion"},{"floor":3,"key":"DistilledChaos"},{"floor":3,"key":"AttackPotion"},{"floor":4,"key":"StarNLove"},{"floor":7,"key":"SneckoOil"},{"floor":16,"key":"Energy Potion"},{"floor":24,"key":"SpeedPotion"},{"floor":29,"key":"ColorlessPotion"},{"floor":35,"key":"ColorlessPotion"},{"floor":38,"key":"SpeedPotion"}],"is_trial":false,"path_per_floor":["M","M","?","M","$","E","M","M","T","$","T","$","R","M","R","B",null,"M","$","?","M","?","R","E","R","T","?","?","M","M","E","R","B",null,"M","?","$","M","T","E","M","?","T","M","?","$","M","M","R","B",null],"character_chosen":"MARISA","items_purchased":["Peace Pipe","Orichalcum","Membership Card","EnergyFlow","GasGiant","RefractionSpark","PowerUp","GravityBeat","Turnip","HandmadeGrimoire","Chemical X","PowerUp","Acceleration","MachineGunSpark","GrandCross","Happy Flower","Ginger","Medical Kit","NonDirectionalLaser","LuminesStrike","SporeBomb","OrrerysSun","DistilledChaos","LiquidBronze","Acceleration","CeramicFish","Toxic Egg 2","Orrery","Sundial","Bird Faced Urn","SimpleLauncher","SatelliteIllusion","EarthLightRay+1","BottledSpark","BinaryStars+1","Blood Vial","Bottled Lightning","Enlightenment+1","ChargingUp+1","Acceleration+1"],"campfire_rested":2,"item_purchase_floors":[5,5,5,5,5,5,5,5,10,10,10,10,10,10,10,12,12,12,12,12,12,12,12,12,12,19,19,19,37,37,37,37,37,37,37,46,46,46,46,46],"current_hp_per_floor":[75,75,75,75,75,58,58,58,58,58,58,58,58,58,58,58,75,75,75,75,75,59,59,21,21,21,21,21,21,21,6,28,37,75,75,75,75,68,68,70,70,70,70,70,70,70,70,70,70,48],"gold":1108950,"neow_bonus":"THREE_ENEMY_KILL","is_daily":false,"chose_seed":false,"campfire_upgraded":4,"win_rate":0.0,"timestamp":1613374898,"path_taken":["M","M","?","M","$","E","M","M","T","$","?","?","R","M","R","BOSS","M","$","?","M","?","R","E","R","T","?","?","?","?","E","R","BOSS","M","?","$","M","?","E","?","?","T","M","?","?","M","M","R","BOSS"],"items_purchased_type":["Relic","Relic","Relic","Card","Card","Card","Card","Card","Relic","Relic","Relic","Card","Card","Card","Card","Relic","Relic","Relic","Card","Card","Card","Card","Potion","Potion","Card","Relic","Relic","Relic","Relic","Relic","Relic","Card","Card","Potion","Card","Relic","Relic","Card","Card","Card"],"build_version":"2020-12-22","purchased_purges":1,"victory":true,"max_hp_per_floor":[75,75,75,75,75,75,75,75,75,75,75,75,75,75,75,75,75,75,75,75,75,75,75,75,75,75,75,75,75,75,75,75,75,75,75,75,75,75,75,75,75,75,75,75,75,75,75,75,75,75],"card_choices":[{"not_picked":["OortCloud","MysteriousBeam"],"picked":"ShootTheMoon","floor":1},{"not_picked":["WitchOfGreed","6A"],"picked":"ShootingEcho","floor":2},{"not_picked":["UnstableBomb","GrandCross"],"picked":"GalacticHalo","floor":4},{"not_picked":["Orbital","Occultation"],"picked":"BinaryStars","floor":6},{"not_picked":["AsteroidBelt","DragonMeteor"],"picked":"IllusionStar","floor":7},{"not_picked":["Robbery","Occultation"],"picked":"GalacticHalo","floor":8},{"not_picked":["DoubleSpark","MeteoricShower"],"picked":"OpenUniverse","floor":14},{"not_picked":["CasketOfStar","CollectingQuirk"],"picked":"UltimateShortwave","floor":16},{"not_picked":["GravityBeat+1","LuminesStrike"],"picked":"MeteoricShower","floor":18},{"not_picked":["GasGiant+1","AsteroidBelt+1"],"picked":"EnergyRecoil+1","floor":19},{"not_picked":["BlazeAway+1","6A"],"picked":"MagicChant+1","floor":19},{"not_picked":["SporeBomb+1","AsteroidBelt+1"],"picked":"StarlightTyphoon+1","floor":19},{"not_picked":["UnstableBomb","AlicesGift"],"picked":"DarkMatter+1","floor":19},{"not_picked":["Singularity","RefractionSpark+1"],"picked":"OortCloud+1","floor":19},{"not_picked":["LuminesStrike+1","AsteroidBelt+1"],"picked":"SprinkleStarSeal+1","floor":21},{"not_picked":["LuminesStrike","IllusionStar+1"],"picked":"MilkyWay+1","floor":24},{"not_picked":["LuminesStrike","Occultation+1"],"picked":"EnergyRecoil+1","floor":29},{"not_picked":["NonDirectionalLaser","DarkMatter+1"],"picked":"BigCrunch+1","floor":30},{"not_picked":["EnergyRecoil+1","Orbital+1"],"picked":"DragonMeteor+1","floor":31},{"not_picked":["AlicesGift","AsteroidBelt+1"],"picked":"DC+1","floor":32},{"not_picked":["AbsoluteMagnitude","EscapeVelocity"],"picked":"BlazingStar","floor":33},{"not_picked":["IllusionStar+1","SporeBomb+1"],"picked":"DeepEcoloBomb+1","floor":35},{"not_picked":["6A","DarkMatter+1"],"picked":"MysteriousBeam","floor":38},{"not_picked":["MysteriousBeam+1","Acceleration+1"],"picked":"PowerUp+1","floor":40},{"not_picked":["MagicChant+1","NonDirectionalLaser"],"picked":"FairyDestructionRay","floor":41},{"not_picked":["UnstableBomb+1","CasketOfStar"],"picked":"StarlightTyphoon+1","floor":44},{"not_picked":["IllusionStar+1","GasGiant+1"],"picked":"ManaConvection+1","floor":47},{"not_picked":["GasGiant+1","StarlightTyphoon+1"],"picked":"LuminesStrike+1","floor":48},{"not_picked":["IllusionStar+1","StarBarrage+1"],"picked":"PropBag+1","floor":49}],"player_experience":79075,"relics_obtained":[{"floor":6,"key":"Gambling Chip"},{"floor":9,"key":"Dream Catcher"},{"floor":11,"key":"Anchor"},{"floor":22,"key":"Nilry\u0027s Codex"},{"floor":24,"key":"Vajra"},{"floor":26,"key":"MealTicket"},{"floor":31,"key":"Lantern"},{"floor":36,"key":"Torii"},{"floor":39,"key":"MagicBroom"},{"floor":40,"key":"PreservedInsect"},{"floor":43,"key":"Letter Opener"}],"event_choices":[{"damage_healed":0,"gold_gain":0,"player_choice":"Got Potions","damage_taken":0,"max_hp_gain":0,"max_hp_loss":0,"event_name":"Lab","floor":3,"gold_loss":0},{"damage_healed":0,"gold_gain":0,"player_choice":"Read","damage_taken":0,"max_hp_gain":0,"max_hp_loss":0,"event_name":"The Library","floor":20,"gold_loss":0,"cards_obtained":["EscapeVelocity"]},{"damage_healed":0,"gold_gain":0,"player_choice":"Obtained Book","damage_taken":16,"max_hp_gain":0,"max_hp_loss":0,"event_name":"Cursed Tome","floor":22,"gold_loss":0},{"damage_healed":0,"gold_gain":0,"player_choice":"Obtained Relic","damage_taken":0,"relics_obtained":["Bag of Preparation"],"max_hp_gain":0,"max_hp_loss":0,"event_name":"Addict","floor":27,"gold_loss":85},{"damage_healed":0,"gold_gain":0,"player_choice":"Paid Gold","damage_taken":0,"relics_obtained":["Lizard Tail"],"max_hp_gain":0,"max_hp_loss":0,"event_name":"WeMeetAgain","floor":28,"gold_loss":61},{"damage_healed":0,"gold_gain":0,"player_choice":"Fight","damage_taken":0,"max_hp_gain":0,"max_hp_loss":0,"event_name":"Mysterious Sphere","floor":36,"gold_loss":0},{"damage_healed":0,"gold_gain":0,"player_choice":"Upgrade","damage_taken":0,"relics_obtained":["Mark of the Bloom"],"max_hp_gain":0,"max_hp_loss":0,"event_name":"MindBloom","floor":42,"gold_loss":0,"cards_upgraded":["Strike_MRS","Strike_MRS","Strike_MRS","Strike_MRS","Defend_MRS","Defend_MRS","Defend_MRS","MasterSpark","UpSweep","ShootTheMoon","ShootingEcho","GalacticHalo","EnergyFlow","GasGiant","RefractionSpark","PowerUp","GravityBeat","IllusionStar","GalacticHalo","PowerUp","Acceleration","MachineGunSpark","GrandCross","NonDirectionalLaser","LuminesStrike","SporeBomb","OrrerysSun","Acceleration","EscapeVelocity","BlazingStar","SatelliteIllusion","MysteriousBeam","FairyDestructionRay"]},{"cards_removed":["GalacticHalo"],"damage_healed":0,"gold_gain":0,"player_choice":"Removed Skill","damage_taken":0,"max_hp_gain":0,"max_hp_loss":0,"event_name":"Falling","floor":45,"gold_loss":0}],"is_beta":false,"boss_relics":[{"not_picked":["Snecko Eye","Tiny House"],"picked":"RampagingMagicTools"},{"not_picked":["Cursed Key","SacredBark"],"picked":"ExperimentalFamiliar"}],"items_purged_floors":[5],"is_endless":false,"potions_floor_spawned":[1,4,7,16,24,29,30,35,38,40,47],"ascension_level":0}}