{"host":"c59zqhrgluvxuu0k","time":1613377245,"event":{"mods":["100% Spire Juice","BaseMod","Better Altar","Better Third Choice","BetterRewards","Colored Map","Colored Powertips","Curses Come First","Downfall","Friendly Minions","Hermit","Minty Spire (QoL Compilation)","Replay The Spire","Shop Mod","Spicy Shops","StSLib","The Blackbeard","The Cursed","The Death Knight","The Druid","The Jungle","The Necromancer","The Runesmith","The Wild Card"],"gold_per_floor":[99,111,130,143,243,243,243,243,253,102,102,130,130,83,110,245,245,45,89,89,127,327,227,251,224,272,348,348,348,348,381,450,577,577,577,627,673,673,132,132,132,176,176,242,187,187,118,118,179,205,205,205],"floor_reached":50,"language":"ENG","playtime":4815,"items_purged":["downfall:Malfunctioning"],"score":615,"play_id":"e7db202c-f123-452b-84fa-186a44b9412b","local_time":"20210215012045","is_ascension_mode":false,"campfire_choices":[{"data":"bronze:Goto","floor":1,"key":"SMITH"},{"data":"bronze:MaxOutput","floor":8,"key":"SMITH"},{"data":"bronze:Constructor","floor":11,"key":"SMITH"},{"data":"bronze:Optimize","floor":13,"key":"SMITH"},{"floor":18,"key":"RECALL"},{"data":"bronze:Mutator","floor":23,"key":"SMITH"},{"data":"bronze:Overload","floor":29,"key":"SMITH"},{"data":"Replay:Hysterical Blindness","floor":43,"key":"PURGE"},{"data":"Injury","floor":46,"key":"PURGE"}],"circlet_count":0,"master_deck":["bronze:Strike","bronze:Strike","bronze:Defend+1","bronze:Defend+1","bronze:Defend+1","bronze:Defend+1","bronze:Replicate","bronze:Goto+1","bronze:DigitalCarnage","bronze:MaxOutput+1","bronze:Optimize+1","bronze:FineTuning","bronze:Constructor+1","bronze:Flail","bronze:RecursiveStrike","bronze:WhirlingStrike","bronze:Overload+1","bronze:Mutator+1","bronze:Repair+1","bronze:Branch+1","bronze:Iterate","bronze:ClassDefault","bronze:ClassDefault","bronze:DelayedGuard+1","bronze:Flail+1","bronze:Branch+1","bronze:WhirlingStrike","bronze:InfiniteLoop","bronze:MaxOutput","bronze:Branch+1","bronze:ItsAFeature+1","bronze:FineTuning+1","bronze:Constructor","bronze:BronzeOrb+1","Overencumbered","bronze:FollowUp"],"relics":["bronze:BronzeCore","Divine Protection","Omamori","Tiny Chest","Replay:Bandana","Cursed Key","downfall:HeartBlessingGreen","downfall:HeartBlessingBlue","HornCleat","downfall:HeartBlessingRed","Blue Doll","Replay:Bottled Eggs","Quantum Egg","ReplayFunnel","Fusion Hammer","Pet Ghost","Matryoshka","Peace Pipe","Bag of Marbles","Question Card","Pocketwatch","Gremlin Food","The Courier"],"acts_visited":["Exordium","TheCity","TheBeyond"],"potions_floor_usage":[12,27,33,33,50,50],"damage_taken":[{"damage":0,"enemies":"Cultist","floor":2,"turns":2},{"damage":0,"enemies":"2 Louse","floor":3,"turns":2},{"damage":1,"enemies":"Jaw Worm","floor":4,"turns":4},{"damage":0,"enemies":"Red Slaver","floor":9,"turns":3},{"damage":0,"enemies":"downfall:FleeingMerchant","floor":10,"turns":4},{"damage":0,"enemies":"Gremlin Nob","floor":12,"turns":3},{"damage":0,"enemies":"downfall:FleeingMerchant","floor":14,"turns":4},{"damage":0,"enemies":"Blue Slaver","floor":15,"turns":3},{"damage":18,"enemies":"DF_ARCHETYPE_STREAMLINE","floor":16,"turns":6},{"damage":8,"enemies":"Shell Parasite","floor":19,"turns":4},{"damage":0,"enemies":"Chosen","floor":21,"turns":3},{"damage":0,"enemies":"downfall:FleeingMerchant","floor":25,"turns":4},{"damage":0,"enemies":"Snake Plant","floor":26,"turns":4},{"damage":0,"enemies":"Gremlin Leader","floor":27,"turns":5},{"damage":0,"enemies":"Snecko","floor":31,"turns":5},{"damage":0,"enemies":"3 Cultists","floor":32,"turns":4},{"damage":28,"enemies":"SI_MIRROR_ARCHETYPE","floor":33,"turns":8},{"damage":0,"enemies":"3 Shapes","floor":36,"turns":3},{"damage":0,"enemies":"Orb Walker","floor":37,"turns":2},{"damage":18,"enemies":"Spire Growth","floor":42,"turns":4},{"damage":0,"enemies":"Nemesis","floor":44,"turns":5},{"damage":0,"enemies":"Maw","floor":45,"turns":7},{"damage":0,"enemies":"3 Darklings","floor":49,"turns":2},{"damage":95,"enemies":"WA_ARCHETYPE_DIVINITY","floor":50,"turns":5}],"seed_played":"-7879463718152277267","potions_obtained":[{"floor":2,"key":"Adrenaline Potion"},{"floor":9,"key":"bronze:FreeFunctionsPotion"},{"floor":15,"key":"PowerPotion"},{"floor":26,"key":"SteroidPotion"},{"floor":27,"key":"Weak Potion"},{"floor":33,"key":"SteroidPotion"},{"floor":37,"key":"Elixir"},{"floor":42,"key":"Fire Potion"},{"floor":44,"key":"Dexterity Potion"},{"floor":49,"key":"EssenceOfSteel"}],"is_trial":false,"path_per_floor":["R","M","M","M","?","T","T","R","M","$","R","E","R","$","M","B",null,"R","M","?","M","?","R","T","$","M","E","?","R","T","M","M","B",null,"R_BF","M","M","T","$","?","T","M","R","E","M","R","$","T","M","B"],"character_chosen":"THE_AUTOMATON","items_purchased":["Omamori","Tiny Chest","bronze:Overload","Replay:Bottled Eggs","bronze:ClassDefault","Matryoshka","Peace Pipe","bronze:Constructor","bronze:BronzeOrb+1"],"campfire_rested":0,"item_purchase_floors":[10,10,14,25,25,39,39,47,47],"current_hp_per_floor":[70,70,70,69,69,69,69,69,69,69,69,69,69,69,69,51,70,80,72,64,74,74,74,74,74,80,80,80,80,80,80,80,52,80,80,80,80,80,80,80,80,62,62,72,80,80,80,80,80,0,0,0],"gold":205,"neow_bonus":"TRANSFORM_CARD","is_daily":false,"chose_seed":false,"campfire_upgraded":6,"win_rate":0.0,"timestamp":1613377245,"path_taken":["R","?","?","M","?","?","T","R","M","$","R","E","R","$","M","BOSS","R","M","?","M","?","R","T","$","M","E","?","R","?","M","M","BOSS","R_BF","M","M","?","$","?","T","M","R","E","M","R","?","?","M","BOSS"],"items_purchased_type":["Relic","Relic","Card","Relic","Card","Relic","Relic","Card","Card"],"build_version":"2020-12-22","purchased_purges":1,"victory":false,"max_hp_per_floor":[70,70,70,70,70,70,70,70,70,70,70,70,70,70,70,70,70,80,80,80,80,80,80,80,80,80,80,80,80,80,80,80,80,80,80,80,80,80,80,80,80,80,80,80,80,80,80,80,80,80,80,80],"card_choices":[{"not_picked":["bronze:Separator","bronze:Invalidate"],"picked":"bronze:MaxOutput","floor":2},{"not_picked":["bronze:BitShift","bronze:DelayedSlice"],"picked":"bronze:Optimize","floor":3},{"not_picked":["bronze:Turbo","bronze:CloningBeam"],"picked":"bronze:FineTuning","floor":4},{"not_picked":["bronze:DelayedGuard","bronze:OilSpill"],"picked":"bronze:Constructor","floor":9},{"not_picked":["bronze:Return","bronze:Iterate"],"picked":"bronze:Flail","floor":10},{"not_picked":["bronze:Iterate","bronze:Deprecate"],"picked":"bronze:RecursiveStrike","floor":12},{"not_picked":["bronze:Separator","bronze:FineTuning"],"picked":"bronze:WhirlingStrike","floor":14},{"not_picked":["bronze:WildBeam","bronze:Turbo","bronze:ForLoop"],"picked":"SKIP","floor":15},{"not_picked":["bronze:Format","bronze:SpaghettiCode"],"picked":"bronze:Mutator","floor":16},{"not_picked":["bronze:CutThrough","bronze:BronzeArmor"],"picked":"bronze:Repair+1","floor":19},{"not_picked":["bronze:Safeguard+1","bronze:BuggyMess+1"],"picked":"bronze:Branch+1","floor":21},{"not_picked":["bronze:DigitalCarnage","bronze:BitShift"],"picked":"bronze:Iterate","floor":25},{"not_picked":["bronze:CutThrough","bronze:FineTuning"],"picked":"bronze:DelayedGuard+1","floor":26},{"not_picked":["bronze:Overheat","bronze:Separator"],"picked":"bronze:Flail+1","floor":27},{"not_picked":["bronze:Overheat","bronze:BronzeArmor+1","bronze:BugBarrage"],"picked":"SKIP","floor":31},{"not_picked":["bronze:Invalidate","bronze:BitShift"],"picked":"bronze:WhirlingStrike","floor":32},{"not_picked":["bronze:BurnOut","bronze:HyperBeam"],"picked":"bronze:InfiniteLoop","floor":33},{"not_picked":["bronze:CutThrough+1","bronze:InfiniteBeams+1","bronze:Constructor+1"],"picked":"SKIP","floor":36},{"not_picked":["bronze:Shield","bronze:WildBeam+1","bronze:Allocate+1"],"picked":"SKIP","floor":37},{"not_picked":["bronze:Separator+1","bronze:DarkDash+1","bronze:Safeguard"],"picked":"bronze:Branch+1","floor":42},{"not_picked":["bronze:RecursiveStrike","bronze:InfiniteBeams","bronze:Iterate"],"picked":"bronze:ItsAFeature+1","floor":44},{"not_picked":["bronze:CloningBeam+1","bronze:CutThrough+1","bronze:BronzeArmor"],"picked":"bronze:FineTuning+1","floor":45},{"not_picked":["bronze:Flail","bronze:Constructor+1","bronze:Branch"],"picked":"bronze:FollowUp","floor":49}],"player_experience":2234142,"relics_obtained":[{"floor":6,"key":"Divine Protection"},{"floor":12,"key":"Replay:Bandana"},{"floor":24,"key":"Blue Doll"},{"floor":27,"key":"Quantum Egg"},{"floor":30,"key":"ReplayFunnel"},{"floor":38,"key":"Pet Ghost"},{"floor":41,"key":"Bag of Marbles"},{"floor":41,"key":"Question Card"},{"floor":44,"key":"Pocketwatch"},{"floor":48,"key":"Gremlin Food"},{"floor":48,"key":"The Courier"}],"event_choices":[{"damage_healed":0,"gold_gain":0,"player_choice":"HornCleat","damage_taken":0,"relics_obtained":["HornCleat"],"max_hp_gain":0,"max_hp_loss":0,"event_name":"blackbeard:ShipwreckEvent","floor":20,"gold_loss":0}],"is_beta":false,"boss_relics":[{"not_picked":["Replay:Wanted Poster","Abe\u0027s Treasure"],"picked":"Cursed Key"},{"not_picked":["Sozu","Painkiller Herb"],"picked":"Fusion Hammer"}],"items_purged_floors":[25],"is_endless":false,"potions_floor_spawned":[2,9,15,26,27,31,33,37,42,44,49],"killed_by":"WA_ARCHETYPE_DIVINITY","ascension_level":0}}