{"host":"gtoa8h4im74f14p0","time":1613358095,"event":{"mods":["AchievementEnabler","BaseMod","Better Silent Start","Block Reminder","Colored Powertips","Custom Start","Downfall","Hermit","Minty Spire (QoL Compilation)","Reliquary","Shop Mod","StSLib","Swap Starting Deck Mod","The Cursed","The Marked"],"gold_per_floor":[114,127,127,139,155,155,169,169,242,253,253,253,271,34,34,158,158,144,59,59,78,78,78,102,102,102,102,117,136,147,161,161,161,161],"floor_reached":33,"language":"ENG","playtime":2388,"items_purged":[],"score":243,"play_id":"d6c4db3e-05f2-43ca-8085-9e7df9cc9239","local_time":"20210214220135","is_ascension_mode":false,"campfire_choices":[{"floor":6.0,"key":"REST"},{"data":"Eviscerate","floor":8.0,"key":"SMITH"},{"floor":12.0,"key":"REST"},{"data":"After Image","floor":15.0,"key":"SMITH"},{"data":"A Thousand Cuts","floor":23.0,"key":"SMITH"},{"floor":32.0,"key":"REST"}],"circlet_count":0,"master_deck":["Strike_G","Strike_G","Strike_G","Strike_G","Defend_G","Defend_G","Defend_G","Defend_G","Survivor","Neutralize","Flying Knee","Eviscerate+1","Dagger Spray","PiercingWail","Deflect","After Image+1","Prepared","Caltrops","Dagger Spray","A Thousand Cuts+1","Footwork","Bouncing Flask+1","Expertise","A Thousand Cuts+1","Infinite Blades","Dodge and Roll+1","PiercingWail+1","Bane"],"relics":["Ring of the Snake","reliquary:PrincelyHelmet","Bloody Idol","TwistedFunnel","reliquary:KinkedSpring","Peace Pipe","MutagenicStrength","HornCleat"],"acts_visited":["Exordium","TheCity"],"potions_floor_usage":[],"damage_taken":[{"damage":1.0,"enemies":"Cultist","floor":1.0,"turns":4.0},{"damage":11.0,"enemies":"2 Louse","floor":2.0,"turns":3.0},{"damage":5.0,"enemies":"Small Slimes","floor":4.0,"turns":3.0},{"damage":7.0,"enemies":"Blue Slaver","floor":5.0,"turns":3.0},{"damage":5.0,"enemies":"Looter","floor":7.0,"turns":4.0},{"damage":13.0,"enemies":"2 Fungi Beasts","floor":10.0,"turns":4.0},{"damage":0.0,"enemies":"Exordium Wildlife","floor":13.0,"turns":4.0},{"damage":47.0,"enemies":"Hexaghost","floor":16.0,"turns":12.0},{"damage":13.0,"enemies":"2 Thieves","floor":18.0,"turns":4.0},{"damage":5.0,"enemies":"Spheric Guardian","floor":21.0,"turns":7.0},{"damage":0.0,"enemies":"Snecko","floor":24.0,"turns":5.0},{"damage":27.0,"enemies":"Shelled Parasite and Fungi","floor":28.0,"turns":6.0},{"damage":0.0,"enemies":"Cultist and Chosen","floor":29.0,"turns":4.0},{"damage":0.0,"enemies":"Snake Plant","floor":30.0,"turns":4.0},{"damage":21.0,"enemies":"Snecko","floor":31.0,"turns":7.0},{"damage":55,"enemies":"Collector","floor":33,"turns":8}],"seed_played":"6834990162267712791","potions_obtained":[{"floor":5.0,"key":"DistilledChaos"},{"floor":10.0,"key":"Explosive Potion"},{"floor":13.0,"key":"champ:CounterPotion"},{"floor":16.0,"key":"BlessingOfTheForge"},{"floor":21.0,"key":"Dexterity Potion"},{"floor":28.0,"key":"PowerPotion"},{"floor":29.0,"key":"AttackPotion"},{"floor":31.0,"key":"SmokeBomb"}],"is_trial":false,"path_per_floor":["M","M","?","M","M","R","M","R","T","M","?","R","M","$","R","B",null,"M","?","?","M","?","R","M","?","T","?","M","M","M","M","R","B"],"character_chosen":"THE_SILENT","items_purchased":["Caltrops","TwistedFunnel","Dagger Spray"],"campfire_rested":3,"item_purchase_floors":[14,14,14],"current_hp_per_floor":[76,65,65,60,53,76,71,71,71,58,39,62,62,62,62,15,77,64,64,64,59,59,59,59,59,59,59,37,42,47,31,54,0,0],"gold":161,"neow_bonus":"TEN_PERCENT_HP_BONUS","is_daily":false,"chose_seed":false,"campfire_upgraded":3,"win_rate":0.0,"timestamp":1613358095,"path_taken":["M","?","?","M","M","R","M","R","T","?","?","R","M","$","R","BOSS","M","?","?","M","?","R","?","?","T","?","M","M","M","M","R","BOSS"],"items_purchased_type":["Card","Relic","Card"],"build_version":"2020-12-22","purchased_purges":0,"victory":false,"max_hp_per_floor":[77,77,77,77,77,77,77,77,77,77,77,77,77,77,77,77,77,77,77,77,77,77,77,77,77,77,77,77,77,77,77,77,77,77],"card_choices":[{"not_picked":["Acrobatics","Quick Slash"],"picked":"Flying Knee","floor":1.0},{"not_picked":["Finisher","Distraction"],"picked":"Eviscerate","floor":2.0},{"not_picked":["Flying Knee","Outmaneuver"],"picked":"Dagger Spray","floor":4.0},{"not_picked":["Dagger Throw","Prepared"],"picked":"PiercingWail","floor":5.0},{"not_picked":["Heel Hook","Underhanded Strike"],"picked":"Deflect","floor":7.0},{"not_picked":["Riddle With Holes","Choke"],"picked":"After Image","floor":10.0},{"not_picked":["Heel Hook","Riddle With Holes"],"picked":"Prepared","floor":13.0},{"not_picked":["Corpse Explosion","Night Terror"],"picked":"A Thousand Cuts","floor":16.0},{"not_picked":["Acrobatics","PiercingWail"],"picked":"Footwork","floor":18.0},{"not_picked":["Dagger Throw","Slice+1"],"picked":"Bouncing Flask+1","floor":21.0},{"not_picked":["Deflect","Dodge and Roll"],"picked":"Expertise","floor":24.0},{"not_picked":["Deadly Poison","Backstab"],"picked":"Infinite Blades","floor":28.0},{"not_picked":["All Out Attack","Tactician"],"picked":"Dodge and Roll+1","floor":29.0},{"not_picked":["Deflect","Prepared"],"picked":"PiercingWail+1","floor":30.0},{"not_picked":["Calculated Gamble","Acrobatics+1"],"picked":"Bane","floor":31.0}],"player_experience":35834,"relics_obtained":[{"floor":9.0,"key":"reliquary:PrincelyHelmet"},{"floor":26.0,"key":"HornCleat"}],"event_choices":[{"damage_healed":0.0,"max_hp_gain":0.0,"max_hp_loss":0.0,"gold_gain":0.0,"event_name":"Purifier","player_choice":"Ignored","floor":3.0,"gold_loss":0.0,"damage_taken":0.0},{"damage_healed":0.0,"max_hp_gain":0.0,"max_hp_loss":0.0,"gold_gain":0.0,"event_name":"Golden Idol","player_choice":"Take Damage","floor":11.0,"gold_loss":0.0,"damage_taken":19.0,"relics_obtained":["Golden Idol"]},{"damage_healed":0.0,"max_hp_gain":0.0,"max_hp_loss":0.0,"gold_gain":0.0,"event_name":"Addict","player_choice":"Obtained Relic","floor":19.0,"gold_loss":85.0,"damage_taken":0.0,"relics_obtained":["Peace Pipe"]},{"damage_healed":0.0,"max_hp_gain":0.0,"max_hp_loss":0.0,"gold_gain":0.0,"event_name":"Ghosts","player_choice":"Ignored","floor":20.0,"gold_loss":0.0,"damage_taken":0.0},{"damage_healed":0.0,"max_hp_gain":0.0,"max_hp_loss":0.0,"gold_gain":0.0,"event_name":"Drug Dealer","player_choice":"Inject Mutagens","floor":22.0,"gold_loss":0.0,"damage_taken":0.0,"relics_obtained":["MutagenicStrength"]},{"damage_healed":0.0,"max_hp_gain":0.0,"max_hp_loss":0.0,"gold_gain":0.0,"event_name":"Forgotten Altar","player_choice":"Gave Idol","floor":25.0,"relics_lost":["Golden Idol"],"gold_loss":0.0,"damage_taken":0.0,"relics_obtained":["Bloody Idol"]},{"damage_healed":0.0,"max_hp_gain":0.0,"max_hp_loss":0.0,"gold_gain":0.0,"event_name":"Duplicator","player_choice":"Copied","floor":27.0,"gold_loss":0.0,"damage_taken":0.0,"cards_obtained":["A Thousand Cuts"]}],"is_beta":false,"boss_relics":[{"not_picked":["Cursed Key","Tiny House"],"picked":"reliquary:KinkedSpring"}],"items_purged_floors":[],"is_endless":false,"potions_floor_spawned":[5,10,13,16,21,28,29,31],"killed_by":"Collector","ascension_level":0}}