{"host":"08xvxt5w1s7zc7e5","time":1613370967,"event":{"mods":["AchievementEnabler","BaseMod","DeckTracker","Minty Spire (QoL Compilation)","Quick Restart","StSLib","SuperFastMode"],"gold_per_floor":[112,112,126,90,90,123,123,140,140,158,188,203,213,227,227,329,329,339,359,199,199,215,241,241,59,86,115,131,146,78,110,110,214,214,227,237,237,161,161,496,546,579,579,427,427,458,478,496,496,496],"floor_reached":51,"language":"KOR","playtime":7201,"items_purged":["Strike_G","Slice"],"score":1459,"play_id":"c38b1667-75bc-421f-a7d7-0ee4d1b55f10","local_time":"20210215153607","is_ascension_mode":true,"campfire_choices":[{"data":"Footwork","floor":7.0,"key":"SMITH"},{"data":"Neutralize","floor":15.0,"key":"SMITH"},{"data":"Well Laid Plans","floor":32.0,"key":"SMITH"},{"data":"Footwork","floor":45,"key":"SMITH"},{"data":"Caltrops","floor":49,"key":"SMITH"}],"circlet_count":0,"master_deck":["Survivor","Neutralize+1","Blur","Backflip","Footwork+1","Prepared+1","Calculated Gamble+1","Expertise+1","Malaise+1","Underhanded Strike","PiercingWail+1","Tactician+1","Venomology+1","Finisher+1","Well Laid Plans+1","Acrobatics+1","Ghostly+1","Ghostly+1","Ghostly+1","Ghostly+1","Ghostly+1","Blur+1","Calculated Gamble+1","Flechettes","Adrenaline+1","Calculated Gamble+1","Predator+1","Acrobatics+1","Footwork+1","Backflip+1","A Thousand Cuts","Expertise+1","Caltrops+1","Night Terror+1","Unload","Dodge and Roll+1","Doppelganger+1"],"relics":["Ring of the Snake","NeowsBlessing","Toxic Egg 2","Sundial","Ninja Scroll","Coffee Dripper","Calipers","Chemical X","Ancient Tea Set","Smiling Mask","Pandora\u0027s Box","Old Coin","Peace Pipe","Lantern","Mummified Hand","Orrery","Bottled Tornado"],"acts_visited":["Exordium","TheCity","TheBeyond"],"potions_floor_usage":[40,41,41,41,42,48,50],"damage_taken":[{"damage":0.0,"enemies":"Small Slimes","floor":1.0,"turns":1.0},{"damage":0.0,"enemies":"Cultist","floor":3.0,"turns":1.0},{"damage":0.0,"enemies":"Gremlin Nob","floor":6.0,"turns":1.0},{"damage":0.0,"enemies":"2 Louse","floor":8.0,"turns":5.0},{"damage":0.0,"enemies":"Exordium Wildlife","floor":10.0,"turns":7.0},{"damage":4.0,"enemies":"3 Sentries","floor":11.0,"turns":16.0},{"damage":0.0,"enemies":"Blue Slaver","floor":12.0,"turns":6.0},{"damage":0.0,"enemies":"3 Louse","floor":13.0,"turns":4.0},{"damage":10.0,"enemies":"Large Slime","floor":14.0,"turns":5.0},{"damage":0.0,"enemies":"Hexaghost","floor":16.0,"turns":14.0},{"damage":2.0,"enemies":"Spheric Guardian","floor":18.0,"turns":10.0},{"damage":0.0,"enemies":"Shell Parasite","floor":19.0,"turns":5.0},{"damage":2.0,"enemies":"Cultist and Chosen","floor":22.0,"turns":9.0},{"damage":4.0,"enemies":"Gremlin Leader","floor":23.0,"turns":14.0},{"damage":0.0,"enemies":"Book of Stabbing","floor":27.0,"turns":7.0},{"damage":0.0,"enemies":"Sentry and Sphere","floor":28.0,"turns":9.0},{"damage":0.0,"enemies":"Shelled Parasite and Fungi","floor":29.0,"turns":6.0},{"damage":0.0,"enemies":"Slavers","floor":31.0,"turns":4.0},{"damage":0.0,"enemies":"Champ","floor":33.0,"turns":10.0},{"damage":2.0,"enemies":"3 Darklings","floor":35.0,"turns":5.0},{"damage":0.0,"enemies":"Orb Walker","floor":36.0,"turns":4.0},{"damage":0,"enemies":"Reptomancer","floor":40,"turns":7},{"damage":0,"enemies":"Mind Bloom Boss Battle","floor":41,"turns":6},{"damage":4,"enemies":"Nemesis","floor":42,"turns":7},{"damage":0,"enemies":"Giant Head","floor":46,"turns":6},{"damage":0,"enemies":"Spire Growth","floor":47,"turns":4},{"damage":2,"enemies":"Jaw Worm Horde","floor":48,"turns":3},{"damage":0,"enemies":"Donu and Deca","floor":50,"turns":7}],"seed_played":"6164608558521916073","potions_obtained":[{"floor":3.0,"key":"Fire Potion"},{"floor":6.0,"key":"Dexterity Potion"},{"floor":11.0,"key":"PowerPotion"},{"floor":12.0,"key":"CunningPotion"},{"floor":14.0,"key":"LiquidMemories"},{"floor":16.0,"key":"AttackPotion"},{"floor":18.0,"key":"Ancient Potion"},{"floor":31.0,"key":"Strength Potion"},{"floor":33.0,"key":"Block Potion"},{"floor":41,"key":"ColorlessPotion"},{"floor":47,"key":"SteroidPotion"}],"is_trial":false,"path_per_floor":["M","?","M","$","$","E","R","M","T","M","E","M","M","M","R","B",null,"M","M","$","?","M","E","?","$","T","E","M","M","$","E","R","B",null,"M","M","?","$","?","E","?","E","T","$","R","E","M","M","R","B",null],"character_chosen":"THE_SILENT","items_purchased":["Footwork","Well Laid Plans","Acrobatics+1","Calculated Gamble+1","Chemical X","Footwork","Dodge and Roll+1","Orrery"],"campfire_rested":0,"item_purchase_floors":[4,20,20,25,25,30,38,44],"current_hp_per_floor":[70,70,70,70,70,70,70,70,70,70,66,66,66,56,56,56,67,65,65,65,35,33,35,35,35,35,35,35,35,35,35,35,35,35,33,33,33,33,33,33,33,29,29,29,29,29,29,27,27,27],"gold":496,"neow_bonus":"THREE_ENEMY_KILL","is_daily":false,"chose_seed":false,"campfire_upgraded":5,"win_rate":0.0,"timestamp":1613370967,"path_taken":["M","?","M","?","$","E","R","M","T","M","E","M","M","M","R","BOSS","M","M","$","?","M","E","?","?","T","E","M","M","?","E","R","BOSS","M","M","?","$","?","E","?","E","T","?","R","E","M","M","R","BOSS"],"items_purchased_type":["Card","Card","Card","Card","Relic","Card","Card","Relic"],"build_version":"2020-12-22","purchased_purges":2,"victory":true,"max_hp_per_floor":[70,70,70,70,70,70,70,70,70,70,70,70,70,70,70,70,70,70,70,70,35,35,35,35,35,35,35,35,35,35,35,35,35,35,35,35,35,35,35,35,35,35,35,35,35,35,35,35,35,35],"card_choices":[{"not_picked":["Quick Slash","Flying Knee"],"picked":"Blur","floor":1.0},{"not_picked":["Well Laid Plans","Eviscerate"],"picked":"Backflip","floor":3.0},{"not_picked":["Terror+1","Outmaneuver+1"],"picked":"Prepared+1","floor":6.0},{"not_picked":["Sucker Punch","Outmaneuver+1"],"picked":"Calculated Gamble+1","floor":8.0},{"not_picked":["Slice","Riddle With Holes"],"picked":"Expertise+1","floor":10.0},{"not_picked":["Dagger Throw","Predator"],"picked":"Malaise+1","floor":11.0},{"not_picked":["Quick Slash","Predator"],"picked":"Underhanded Strike","floor":12.0},{"not_picked":["Deadly Poison+1","Heel Hook"],"picked":"PiercingWail+1","floor":13.0},{"not_picked":["Poisoned Stab","Terror+1"],"picked":"Tactician+1","floor":14.0},{"not_picked":["Storm of Steel+1","Die Die Die"],"picked":"Venomology+1","floor":16.0},{"not_picked":["Predator","Sucker Punch"],"picked":"Finisher+1","floor":18.0},{"not_picked":["Underhanded Strike","Endless Agony","Expertise+1"],"picked":"SKIP","floor":19.0},{"not_picked":["Slice","Dagger Throw+1"],"picked":"Blur+1","floor":22.0},{"not_picked":["Sucker Punch","Deflect+1"],"picked":"Calculated Gamble+1","floor":23.0},{"not_picked":["Bane","Die Die Die","Slice"],"picked":"SKIP","floor":27.0},{"not_picked":["Bane+1","Leg Sweep+1"],"picked":"Predator+1","floor":28.0},{"not_picked":["Deadly Poison+1","Caltrops+1"],"picked":"Acrobatics+1","floor":29.0},{"not_picked":["All Out Attack","Backstab"],"picked":"Backflip+1","floor":31.0},{"not_picked":["Envenom","Wraith Form v2"],"picked":"A Thousand Cuts","floor":33.0},{"not_picked":["Setup+1","Calculated Gamble+1","Flying Knee"],"picked":"SKIP","floor":35.0},{"not_picked":["Acrobatics+1","Well Laid Plans","Quick Slash"],"picked":"SKIP","floor":36.0},{"not_picked":["Calculated Gamble+1","Leg Sweep+1","Backflip+1"],"picked":"SKIP","floor":40},{"not_picked":["Blur+1","Heel Hook","Envenom"],"picked":"SKIP","floor":42},{"not_picked":["Flying Knee+1","Dagger Spray"],"picked":"Doppelganger+1","floor":44},{"not_picked":["Terror+1","Flying Knee","Bane"],"picked":"SKIP","floor":46},{"not_picked":["Prepared+1","Poisoned Stab","Flying Knee"],"picked":"SKIP","floor":47},{"not_picked":["Predator","Backflip+1","Bullet Time+1"],"picked":"SKIP","floor":48}],"player_experience":373394,"relics_obtained":[{"floor":6.0,"key":"Toxic Egg 2"},{"floor":9.0,"key":"Sundial"},{"floor":11.0,"key":"Ninja Scroll"},{"floor":23.0,"key":"Calipers"},{"floor":27.0,"key":"Ancient Tea Set"},{"floor":31.0,"key":"Smiling Mask"},{"floor":40,"key":"Old Coin"},{"floor":41,"key":"Peace Pipe"},{"floor":42,"key":"Lantern"},{"floor":43,"key":"Mummified Hand"},{"floor":46,"key":"Bottled Tornado"}],"event_choices":[{"cards_removed":["Strike_G"],"damage_healed":0.0,"max_hp_gain":0.0,"max_hp_loss":0.0,"gold_gain":0.0,"event_name":"Bonfire Elementals","player_choice":"Offered Basic","floor":2.0,"gold_loss":0.0,"damage_taken":0.0},{"damage_healed":0.0,"max_hp_gain":0.0,"max_hp_loss":35.0,"gold_gain":0.0,"event_name":"Ghosts","player_choice":"Became a Ghost","floor":21.0,"gold_loss":0.0,"damage_taken":0.0,"cards_obtained":["Ghostly","Ghostly","Ghostly","Ghostly","Ghostly"]},{"damage_healed":0.0,"max_hp_gain":0.0,"max_hp_loss":0.0,"gold_gain":0.0,"cards_transformed":["Strike_G","Strike_G"],"event_name":"Drug Dealer","player_choice":"Became Test Subject","floor":24.0,"gold_loss":0.0,"damage_taken":0.0,"cards_obtained":["Flechettes","Adrenaline"]},{"cards_removed":["Noxious Fumes"],"damage_healed":0.0,"max_hp_gain":0.0,"max_hp_loss":0.0,"gold_gain":0.0,"event_name":"Falling","player_choice":"Removed Power","floor":37.0,"gold_loss":0.0,"damage_taken":0.0},{"damage_healed":0.0,"max_hp_gain":0.0,"max_hp_loss":0.0,"gold_gain":0.0,"event_name":"Tomb of Lord Red Mask","player_choice":"Ignored","floor":39.0,"gold_loss":0.0,"damage_taken":0.0},{"damage_healed":0,"gold_gain":0,"player_choice":"Fight","damage_taken":0,"max_hp_gain":0,"max_hp_loss":0,"event_name":"MindBloom","floor":41,"gold_loss":0}],"is_beta":false,"boss_relics":[{"not_picked":["Sozu","Runic Dome"],"picked":"Coffee Dripper"},{"not_picked":["Empty Cage","SacredBark"],"picked":"Pandora\u0027s Box"}],"items_purged_floors":[20,38],"is_endless":false,"potions_floor_spawned":[3,6,11,12,14,16,18,28,31,33,36,41,47],"ascension_level":5}}