{"host":"btkbr53c3gip0r7d","time":1613359676,"event":{"mods":["BaseMod","Better Altar","Better Match","Better Note","Better Sensory Stone","Better Skull","Better Third Choice","Colored Map","Curses Come First","Downfall","Minty Spire (QoL Compilation)","StSLib","The Cursed","The Marked"],"gold_per_floor":[99,99,99,99,99,99,122,32,49,67,84,119,119,119,136,237,237,237,255,267,296,296,326,326,326,348,383,396,438,458,499,518,622,622,622,649,672,688,127,170,170,179,11,55,55,70,16,60,89,89],"floor_reached":51,"language":"ENG","playtime":13530,"items_purged":["downfall:Malfunctioning","downfall:Malfunctioning","Normality"],"score":930,"play_id":"b92d826f-17e2-4dc0-87e8-1d454264ef86","local_time":"20210214202756","is_ascension_mode":true,"campfire_choices":[{"data":"Slimebound:Split","floor":1,"key":"SMITH"},{"data":"Slimebound:FirmFortitude","floor":13,"key":"SMITH"},{"data":"Slimebound:Overexert","floor":18,"key":"SMITH"},{"data":"Slimebound:Repurpose","floor":25,"key":"SMITH"},{"data":"Slimebound:MassRepurpose","floor":35,"key":"SMITH"},{"data":"Slimebound:CheckThePlaybook","floor":45,"key":"SMITH"}],"circlet_count":0,"master_deck":["Slimebound:Tackle","Slimebound:Defend_Slimebound","Slimebound:Split+1","Slimebound:DisruptingSlam","Slimebound:Nibble","Slimebound:LevelUp","Slimebound:FirmFortitude+1","Slimebound:LevelUp","Slimebound:LeadByExample+1","Slimebound:SplitLeeching","Slimebound:Recollect","Slimebound:Repurpose+1","Slimebound:HauntingLick","Slimebound:GoopSpray","Slimebound:LeechEnergy","Slimebound:Overexert+1","Slimebound:GoopSpray+1","Slimebound:SlimeBarrage+1","Slimebound:SlimeTap+1","Slimebound:Chomp+1","Slimebound:DivideAndConquer+1","Slimebound:SamplingLick+1","Slimebound:Grow","Slimebound:LevelUp","Slimebound:SamplingLick+1","Slimebound:SplitAcid","Slimebound:MassRepurpose+1","Slimebound:SlimeBarrage+1","Slimebound:LeechEnergy+1","Slimebound:WasteNot","Slimebound:CheckThePlaybook+1","Slimebound:Dissolve","Slimebound:SlimeBrawl+1","Slimebound:FinishingTackle+1","expansioncontent:QuickStudy","Slimebound:HauntingLick+1","expansioncontent:Chronoboost","Slimebound:SplitMire","Slimebound:SplitMire","Slimebound:GoopTackle","Slimebound:Teamwork","Slimebound:Chomp+1"],"relics":["Slimebound:AbsorbEndCombat","downfall:HeartsMalice","Eternal Feather","Bag of Preparation","Shuriken","bronze:MakeshiftBattery","Red Mask","Thread and Needle","CeramicFish","Mercury Hourglass","The Courier","Meat on the Bone","SacredBark","Sling","Letter Opener","Art of War","InkBottle","Membership Card","Ornamental Fan","Kunai","Oddly Smooth Stone","Bottled Tornado","Sundial"],"acts_visited":["Exordium","TheCity","TheBeyond"],"potions_floor_usage":[15,16,21,21,27,31,33,36,50],"damage_taken":[{"damage":0,"enemies":"Jaw Worm","floor":2,"turns":1},{"damage":0,"enemies":"2 Louse","floor":3,"turns":1},{"damage":0,"enemies":"Cultist","floor":4,"turns":1},{"damage":0,"enemies":"downfall:FleeingMerchant","floor":8,"turns":4},{"damage":6,"enemies":"downfall:LooterAlt","floor":9,"turns":4},{"damage":6,"enemies":"Exordium Thugs","floor":10,"turns":5},{"damage":22,"enemies":"Red Slaver","floor":11,"turns":5},{"damage":10,"enemies":"Lagavulin","floor":12,"turns":6},{"damage":3,"enemies":"Exordium Wildlife","floor":15,"turns":4},{"damage":29,"enemies":"DF_ARCHETYPE_STREAMLINE","floor":16,"turns":6},{"damage":7,"enemies":"Chosen","floor":19,"turns":3},{"damage":0,"enemies":"3 Byrds","floor":20,"turns":3},{"damage":27,"enemies":"Masked Bandits","floor":21,"turns":3},{"damage":10,"enemies":"Gremlin Leader","floor":23,"turns":4},{"damage":3,"enemies":"3 Cultists","floor":26,"turns":3},{"damage":16,"enemies":"Slavers","floor":27,"turns":4},{"damage":0,"enemies":"Snake Plant","floor":28,"turns":3},{"damage":4,"enemies":"Gremlin Leader","floor":29,"turns":6},{"damage":0,"enemies":"Centurion and Healer","floor":30,"turns":2},{"damage":19,"enemies":"Slavers","floor":31,"turns":2},{"damage":0,"enemies":"Snecko","floor":32,"turns":3},{"damage":17,"enemies":"SI_MIRROR_ARCHETYPE","floor":33,"turns":7},{"damage":28,"enemies":"3 Darklings","floor":36,"turns":4},{"damage":3,"enemies":"3 Shapes","floor":37,"turns":3},{"damage":36,"enemies":"Sphere and 2 Shapes","floor":38,"turns":4},{"damage":5,"enemies":"downfall:FleeingMerchant","floor":39,"turns":4},{"damage":11,"enemies":"Nemesis","floor":40,"turns":5},{"damage":7,"enemies":"downfall:FleeingMerchant","floor":43,"turns":3},{"damage":27,"enemies":"Reptomancer","floor":44,"turns":6},{"damage":0,"enemies":"Maw","floor":46,"turns":4},{"damage":14,"enemies":"Nemesis","floor":48,"turns":4},{"damage":7,"enemies":"Writhing Mass","floor":49,"turns":3},{"damage":27,"enemies":"IC_BLOCK_ARCHETYPE","floor":50,"turns":5}],"seed_played":"-768310495569589169","potions_obtained":[{"floor":9,"key":"SkillPotion"},{"floor":11,"key":"FearPotion"},{"floor":12,"key":"GamblersBrew"},{"floor":16,"key":"Weak Potion"},{"floor":19,"key":"Weak Potion"},{"floor":21,"key":"AttackPotion"},{"floor":29,"key":"SpeedPotion"},{"floor":30,"key":"SkillPotion"},{"floor":32,"key":"GamblersBrew"},{"floor":33,"key":"Slimebound:SlimedPotion"},{"floor":38,"key":"FearPotion"},{"floor":46,"key":"LiquidMemories"},{"floor":48,"key":"Guardian:BlockOnCardUsePotion"},{"floor":49,"key":"DistilledChaos"}],"is_trial":false,"path_per_floor":["R","M","M","M","?","?","T","$","M","M","M","E","R","?","M","B",null,"R","M","M","?","?","E","T","R","M","E","M","E","M","E","M","B",null,"R","M","M","M","?","E","T","?","$","E","R","M","$","E","M","B",null],"character_chosen":"SLIMEBOUND","items_purchased":["Sling","Letter Opener","Slimebound:CheckThePlaybook","Slimebound:Dissolve","Membership Card","expansioncontent:QuickStudy","Ornamental Fan","Kunai","Oddly Smooth Stone","expansioncontent:Chronoboost","Slimebound:SplitMire","Slimebound:SplitMire","Slimebound:GoopTackle"],"campfire_rested":0,"item_purchase_floors":[39,39,39,39,43,43,43,43,43,47,47,47,47],"current_hp_per_floor":[65,65,65,65,65,65,65,65,61,61,43,39,48,48,51,28,65,65,60,65,42,42,38,38,50,49,41,45,49,55,42,44,35,65,65,39,44,20,35,44,44,44,41,34,55,63,63,54,53,34],"gold":89,"neow_bonus":"THREE_ENEMY_KILL","is_daily":false,"chose_seed":false,"campfire_upgraded":6,"win_rate":0.0,"timestamp":1613359676,"path_taken":["R","M","M","M","?","?","T","$","M","?","M","E","R","?","M","BOSS","R","M","M","?","?","E","T","R","?","E","M","E","M","E","M","BOSS","R","M","M","M","?","E","T","?","$","E","R","M","$","E","M","BOSS"],"items_purchased_type":["Relic","Relic","Card","Card","Relic","Card","Relic","Relic","Relic","Card","Card","Card","Card"],"build_version":"2020-12-22","purchased_purges":3,"victory":true,"max_hp_per_floor":[65,65,65,65,65,65,65,65,65,65,65,65,65,65,65,65,65,65,65,65,65,65,65,65,65,65,65,65,65,65,65,65,65,65,65,65,65,65,65,65,65,65,65,65,65,65,65,65,65,65],"card_choices":[{"not_picked":["Slimebound:Recollect","Slimebound:Chomp"],"picked":"Slimebound:DisruptingSlam","floor":2},{"not_picked":["Slimebound:LivingWall","Slimebound:ComboTackle"],"picked":"Slimebound:Nibble","floor":3},{"not_picked":["Slimebound:Schlurp","Slimebound:SplitBruiser"],"picked":"Slimebound:LevelUp","floor":4},{"not_picked":["Slimebound:Equalize","Slimebound:SlimeBarrage"],"picked":"Slimebound:FirmFortitude","floor":8},{"not_picked":["Slimebound:Chomp","Slimebound:Dissolve"],"picked":"Slimebound:LevelUp","floor":9},{"not_picked":["Slimebound:ItLooksTasty","Slimebound:SpikyOuterGoop"],"picked":"Slimebound:LeadByExample","floor":10},{"not_picked":["Slimebound:SlimeSpikes","Slimebound:Schlurp"],"picked":"Slimebound:SplitLeeching","floor":11},{"not_picked":["Slimebound:RollThrough","Slimebound:FinishingTackle"],"picked":"Slimebound:Recollect","floor":12},{"not_picked":["Slimebound:PressTheAttack","Slimebound:SplitAcid"],"picked":"Slimebound:LeechEnergy","floor":15},{"not_picked":["Slimebound:SlimeSlap","Slimebound:MassRepurpose"],"picked":"Slimebound:Overexert","floor":16},{"not_picked":["Slimebound:GoopTackle","Slimebound:SplitLeeching"],"picked":"Slimebound:GoopSpray+1","floor":19},{"not_picked":["Slimebound:SplitLeeching","Slimebound:ComboTackle"],"picked":"Slimebound:SlimeBarrage","floor":20},{"not_picked":["Slimebound:FormOfPuddle+1","Slimebound:GoopSpray"],"picked":"Slimebound:SlimeTap+1","floor":21},{"not_picked":["Slimebound:ItLooksTasty","Slimebound:ViciousTackle+1"],"picked":"Slimebound:Chomp+1","floor":23},{"not_picked":["Slimebound:GoopSpray","Slimebound:SlimeSpikes"],"picked":"Slimebound:DivideAndConquer+1","floor":26},{"not_picked":["Slimebound:FinishingTackle","Slimebound:ComboTackle"],"picked":"Slimebound:SamplingLick+1","floor":27},{"not_picked":["Slimebound:LivingWall","Slimebound:MegaLick","Slimebound:GoopSpray"],"picked":"SKIP","floor":28},{"not_picked":["Slimebound:AcidTongue","Slimebound:FinishingTackle+1"],"picked":"Slimebound:Grow","floor":29},{"not_picked":["Slimebound:ComboTackle","Slimebound:LivingWall+1"],"picked":"Slimebound:LevelUp","floor":30},{"not_picked":["Slimebound:DouseInSlime","Slimebound:DisruptingSlam"],"picked":"Slimebound:SamplingLick+1","floor":31},{"not_picked":["Slimebound:HauntingLick","Slimebound:SlimeSpikes"],"picked":"Slimebound:SplitAcid","floor":32},{"not_picked":["Slimebound:OozeBath","Slimebound:MassFeed"],"picked":"Slimebound:MassRepurpose","floor":33},{"not_picked":["Slimebound:SamplingLick+1","Slimebound:ComboTackle"],"picked":"Slimebound:SlimeBarrage+1","floor":36},{"not_picked":["Slimebound:HauntingLick","Slimebound:Gluttony"],"picked":"Slimebound:LeechEnergy+1","floor":37},{"not_picked":["Slimebound:SlimeBarrage+1","Slimebound:Schlurp+1","Slimebound:PressTheAttack+1"],"picked":"SKIP","floor":38},{"not_picked":["Slimebound:SplitAcid+1","Slimebound:Gluttony"],"picked":"Slimebound:WasteNot","floor":39},{"not_picked":["Slimebound:SpikyOuterGoop","Slimebound:PressTheAttack+1"],"picked":"Slimebound:SlimeBrawl+1","floor":40},{"not_picked":["Slimebound:PressTheAttack","Slimebound:Grow"],"picked":"Slimebound:FinishingTackle+1","floor":43},{"not_picked":["Slimebound:SamplingLick","Slimebound:GoopTackle"],"picked":"Slimebound:HauntingLick+1","floor":44},{"not_picked":["Slimebound:Schlurp+1","Slimebound:GoopSpray","Slimebound:PressTheAttack"],"picked":"SKIP","floor":46},{"not_picked":["Slimebound:HungryTackle","Slimebound:Replication"],"picked":"Slimebound:Teamwork","floor":48},{"not_picked":["Slimebound:LivingWall","Slimebound:GoopTackle"],"picked":"Slimebound:Chomp+1","floor":49}],"player_experience":1434247,"relics_obtained":[{"floor":7,"key":"Bag of Preparation"},{"floor":12,"key":"Shuriken"},{"floor":21,"key":"Red Mask"},{"floor":23,"key":"Thread and Needle"},{"floor":24,"key":"CeramicFish"},{"floor":27,"key":"Mercury Hourglass"},{"floor":29,"key":"The Courier"},{"floor":31,"key":"Meat on the Bone"},{"floor":40,"key":"Art of War"},{"floor":41,"key":"InkBottle"},{"floor":44,"key":"Bottled Tornado"},{"floor":48,"key":"Sundial"}],"event_choices":[{"damage_healed":0,"gold_gain":0,"player_choice":"Box","damage_taken":0,"relics_obtained":["Eternal Feather"],"max_hp_gain":0,"max_hp_loss":0,"event_name":"Big Fish","floor":5,"gold_loss":0,"cards_obtained":["Regret"]},{"damage_healed":0,"gold_gain":0,"player_choice":"Fought Bandits","damage_taken":0,"max_hp_gain":0,"max_hp_loss":0,"event_name":"Masked Bandits","floor":21,"gold_loss":0}],"is_beta":false,"boss_relics":[{"not_picked":["sneckomod:SneckoTalon","Pandora\u0027s Box"],"picked":"bronze:MakeshiftBattery"},{"not_picked":["Sozu","Velvet Choker"],"picked":"SacredBark"}],"items_purged_floors":[8,39,43],"is_endless":false,"potions_floor_spawned":[9,11,12,16,19,21,29,30,32,33,38,46,48,49],"ascension_level":3}}