{"host":"psh83vqabmtchp5z","time":1613380604,"event":{"mods":["AchievementEnabler","Aspiration","BaseMod","Better Altar","Better Match","Better Skull","Better Third Choice","Better Vampires","BetterRewards","Challenge The Spire","Conspire","Downfall","Gold Saver","Lobotomy","LobotomyExtend","Minty Spire (QoL Compilation)","Quick Restart","Relic Filter","Replay The Spire","Shop Mod","Spicy Shops","StSLib","óô»ðÖ¸ÄÏ"],"gold_per_floor":[842,446,446,459,459,488,488,218,218,218,231,246,246,262,262,362,362,380,408,467,486,500,529,529,554,607,607,624,644,47,47,47],"floor_reached":31,"language":"ZHS","playtime":4971,"items_purged":["Scarecrow"],"score":400,"play_id":"15065efd-d251-42a1-8f1b-f965284c678d","local_time":"20210215171644","is_ascension_mode":false,"campfire_choices":[{"data":"Mayhem","floor":7.0,"key":"SMITH"},{"data":"Infinite Blades","floor":10.0,"key":"SMITH"},{"data":"Skewer","floor":24.0,"key":"SMITH"}],"circlet_count":0,"master_deck":["conspire:GhostlyStrike+1","conspire:GhostlyStrike","conspire:GhostlyStrike","conspire:GhostlyStrike","conspire:GhostlyDefend","conspire:GhostlyDefend","conspire:GhostlyDefend","conspire:GhostlyDefend","Survivor","Neutralize+1","Mayhem+1","Tools of the Trade","OSAHOGD","Cloak And Dagger+1","VoidDream","Adrenaline+1","SnowQueen","Backflip+1","Venomology+1","Wellcheers","Skewer+1","BlackSwan","Adrenaline+1","ShyLook","Hologram+1","FairyFestival","Blade Dance+1","Prepared+1","GreedKing","MeatLantern","Porccubus","ReplayTheSpireMod:From All Sides","Acrobatics+1","PunishingBird","Slimebound:CheckThePlaybook+1","DespairKnight","Alriune","Catalyst+1","Underhanded Strike","Noxious Fumes"],"relics":["Ring of the Snake","CogitoBucket","LetterFromLob","Toxic Egg 2","Dream Catcher","Ornamental Fan","Chemical X","Lantern","BehaviorAdjustment","aspiration:DefectSkillbook","Red Mask","Vajra","TreeSap","MealTicket","conspire:Flyswatter","Whetstone","aspiration:SeaSaltIceCream","Membership Card"],"acts_visited":["Exordium","TheCity"],"potions_floor_usage":[31,31,31],"damage_taken":[{"damage":0.0,"enemies":"2 Louse","floor":1.0,"turns":3.0},{"damage":1.0,"enemies":"Small Slimes","floor":4.0,"turns":4.0},{"damage":19.0,"enemies":"Lagavulin","floor":6.0,"turns":11.0},{"damage":0.0,"enemies":"Jaw Worm","floor":11.0,"turns":3.0},{"damage":0.0,"enemies":"Exordium Thugs","floor":12.0,"turns":5.0},{"damage":5.0,"enemies":"3 Louse","floor":14.0,"turns":5.0},{"damage":5.0,"enemies":"Hexaghost","floor":16.0,"turns":6.0},{"damage":0.0,"enemies":"Chosen","floor":18.0,"turns":3.0},{"damage":19.0,"enemies":"Masked Bandits","floor":19.0,"turns":5.0},{"damage":0.0,"enemies":"Shell Parasite","floor":21.0,"turns":1.0},{"damage":4.0,"enemies":"Sentry and Sphere","floor":22.0,"turns":4.0},{"damage":7.0,"enemies":"Book of Stabbing","floor":23.0,"turns":4.0},{"damage":20.0,"enemies":"Slavers","floor":25.0,"turns":5.0},{"damage":13.0,"enemies":"Snake Plant","floor":28.0,"turns":3.0},{"damage":5.0,"enemies":"Chosen and Byrds","floor":29.0,"turns":4.0},{"damage":92,"enemies":"Sentry and Sphere","floor":31,"turns":4}],"seed_played":"5500513465764415564","potions_obtained":[{"floor":1.0,"key":"Dexterity Potion"},{"floor":6.0,"key":"Swift Potion"},{"floor":16.0,"key":"EssenceOfSteel"},{"floor":28.0,"key":"Dexterity Potion"}],"is_trial":false,"path_per_floor":["M","$","?","M","?","E","R","$","T","R","M","M","?","M","R","B",null,"M","?","?","M","M","E","R","E","T","?","M","M","$","M"],"character_chosen":"THE_SILENT","items_purchased":["Mayhem","Tools of the Trade","Ornamental Fan","Chemical X","aspiration:SeaSaltIceCream","Underhanded Strike","Noxious Fumes"],"campfire_rested":0,"item_purchase_floors":[2,2,8,8,30,30,30],"current_hp_per_floor":[70,70,70,69,69,51,51,51,51,51,59,67,67,70,70,70,70,70,58,58,62,62,61,61,47,47,23,44,59,70,0,0],"gold":47,"neow_bonus":"","is_daily":false,"chose_seed":false,"campfire_upgraded":3,"win_rate":0.0,"timestamp":1613380604,"path_taken":["M","$","?","M","?","E","R","$","T","R","M","M","?","M","R","BOSS","M","?","?","?","M","E","R","E","T","?","M","M","$","M"],"items_purchased_type":["Card","Card","Relic","Relic","Relic","Card","Card"],"build_version":"2020-12-22","purchased_purges":1,"victory":false,"max_hp_per_floor":[70,70,70,70,70,70,70,70,70,70,70,70,70,70,70,70,70,70,70,70,70,70,70,70,70,70,70,70,70,70,70,70],"card_choices":[{"not_picked":["Funeral","CherryBlossoms"],"picked":"Scarecrow","floor":1.0},{"not_picked":["Setup","Poisoned Stab"],"picked":"Infinite Blades","floor":1.0},{"not_picked":["OldLady","Murderer"],"picked":"OSAHOGD","floor":4.0},{"not_picked":["Hidden Blade+1","Poisoned Stab"],"picked":"Cloak And Dagger+1","floor":4.0},{"not_picked":["LongBird","FairyFestival"],"picked":"VoidDream","floor":6.0},{"not_picked":["Hidden Blade+1","Poisoned Stab"],"picked":"Adrenaline+1","floor":6.0},{"not_picked":["FieryBird","LongBird"],"picked":"SnowQueen","floor":11.0},{"not_picked":["Slice","Well Laid Plans"],"picked":"Backflip+1","floor":11.0},{"not_picked":["GalaxyChild","FairyFestival"],"picked":"Wellcheers","floor":12.0},{"not_picked":["Sneak Up+1","Hidden Blade+1"],"picked":"Venomology+1","floor":12.0},{"not_picked":["WallGazer","UniverseFragment"],"picked":"Wellcheers","floor":14.0},{"not_picked":["Deflect+1","Flying Knee"],"picked":"Skewer","floor":14.0},{"not_picked":["Laetitia","Bloodbath"],"picked":"BlackSwan","floor":16.0},{"not_picked":["aspiration:Lunge","Corpse Explosion+1"],"picked":"Adrenaline+1","floor":16.0},{"not_picked":["HappyTeddy","Freischutz"],"picked":"ShyLook","floor":18.0},{"not_picked":["Beam Cell+1","Ball Lightning+1","Rebound"],"picked":"Hologram+1","floor":18.0},{"not_picked":["WallGazer","QueenOfHatred"],"picked":"FairyFestival","floor":19.0},{"not_picked":["Bane","Barrage","Redo+1"],"picked":"Blade Dance+1","floor":19.0},{"not_picked":["Draining Mist+1","Redo+1","Self Repair"],"picked":"Prepared+1","floor":20.0},{"not_picked":["LongBird","Mercenary"],"picked":"GreedKing","floor":21.0},{"not_picked":["Panic Button+1","BasicCrystalCard+1","Eviscerate+1","Go for the Eyes+1"],"picked":"SKIP","floor":21.0},{"not_picked":["OldLady","Yin"],"picked":"MeatLantern","floor":22.0},{"not_picked":["Flying Knee","Go for the Eyes","Poisoned Stab","Panic Button+1"],"picked":"SKIP","floor":22.0},{"not_picked":["LittlePrince","OldLady"],"picked":"Porccubus","floor":23.0},{"not_picked":["Sunder","Reinforced Body+1","Sucker Punch+1"],"picked":"ReplayTheSpireMod:From All Sides","floor":23.0},{"not_picked":["Go for the Eyes","conspire:PoisonWeapons+1","Creative AI"],"picked":"Acrobatics+1","floor":25.0},{"not_picked":["QueenBee","Scorched"],"picked":"PunishingBird","floor":25.0},{"not_picked":["SingingMachine","QueenOfHatred"],"picked":"DespairKnight","floor":28.0},{"not_picked":["Redo+1","conspire:Rain+1","Compile Driver+1","FIFO Queue"],"picked":"SKIP","floor":28.0},{"not_picked":["LongBird","Scorched"],"picked":"Alriune","floor":29.0},{"not_picked":["Skim+1","Consume+1","Turbo+1"],"picked":"Catalyst+1","floor":29.0}],"player_experience":762068,"relics_obtained":[{"floor":1.0,"key":"LetterFromLob"},{"floor":6.0,"key":"Dream Catcher"},{"floor":9.0,"key":"Lantern"},{"floor":19.0,"key":"Red Mask"},{"floor":20.0,"key":"Vajra"},{"floor":23.0,"key":"MealTicket"},{"floor":25.0,"key":"conspire:Flyswatter"},{"floor":26.0,"key":"Whetstone"}],"event_choices":[{"damage_healed":0.0,"max_hp_gain":0.0,"max_hp_loss":0.0,"gold_gain":0.0,"event_name":"conspire:LoneGhost","player_choice":"Agree","floor":13.0,"gold_loss":0.0,"damage_taken":0.0},{"cards_removed":["Injury"],"damage_healed":0.0,"max_hp_gain":0.0,"max_hp_loss":0.0,"gold_gain":0.0,"event_name":"Fountain of Cleansing","player_choice":"Removed Curses","floor":15.0,"gold_loss":0.0,"damage_taken":0.0},{"damage_healed":0.0,"max_hp_gain":0.0,"max_hp_loss":0.0,"gold_gain":0.0,"event_name":"Masked Bandits","player_choice":"Fought Bandits","floor":19.0,"gold_loss":0.0,"damage_taken":0.0}],"is_beta":false,"boss_relics":[{"not_picked":["Fusion Hammer","Snecko Eye"],"picked":"aspiration:DefectSkillbook"}],"items_purged_floors":[30],"is_endless":false,"potions_floor_spawned":[1,6,16,22,23,28],"killed_by":"Sentry and Sphere","ascension_level":0}}