{"host":"61scwtj8sjvayefi","time":1613362970,"event":{"mods":["2.2 Compatiblity","BaseMod","Downfall","Koishi","Marisa????????","Minty Spire (QoL Compilation)","Remilia??????","StSLib","The Bug Knight","The Senshi","The Servant 0.9.4"],"gold_per_floor":[111,122,53,53,67,67,95,115,138,138,168,206,206,206,206,306,306,318,353,373,410,62,62,113,113,140,152,202,232,283,295,307,416,428,452,477,117,117,133,160,178,210,210,210,229,263,279,279,279,279],"floor_reached":51,"language":"ENG","playtime":5199,"items_purged":[],"score":821,"play_id":"935cc9a0-7368-4871-866f-e305e394333c","local_time":"20210214222250","is_ascension_mode":false,"campfire_choices":[{"data":"Ultimatum","floor":6,"key":"SMITH"},{"data":"ScarletShoot","floor":10,"key":"SMITH"},{"floor":13,"key":"REST"},{"floor":15,"key":"REST"},{"floor":23,"key":"REST"},{"floor":25,"key":"REST"},{"data":"MastersStateliness","floor":32,"key":"SMITH"},{"data":"QueenOfMidnight","floor":44,"key":"SMITH"},{"data":"Metamorphosis","floor":49,"key":"SMITH"}],"circlet_count":0,"master_deck":["Strike_RM","Strike_RM","Strike_RM","Strike_RM","Defend_RM","Defend_RM","Defend_RM","RedMoon","ScarletShoot+1","UnstableMagic","SuperhumanBloodyKnife+1","Ultimatum+1","BombardNight","RedRainbow+1","NightDance","FavorOfDestiny","VampireSweep+1","TwelveNightmare","Stigmanizer","Stigmanizer+1","EndlessAdversity","VampireKiss","Ultimatum+1","BloodAndWine","TwelveNightmare","LeisurelyOfLord","RedMagic","Writhe","Necronomicurse","DiffusionOfMisfortune","ScarletDream","UnstableMagic+1","ScarletDevilSign","MastersStateliness+1","QueenOfMidnight+1","NightLord","DevilSight+1","Metamorphosis+1","MastersStateliness","DiffusionOfMisfortune","Stigmanizer+1","MiserableFate+1","ScarletDream+1","AfternoonTea+1","Pain","Maim+1","VampireFantasy+1","CeilingFear","NightDance","ScarletMeister"],"relics":["ScarletHat","NeowsBlessing","HollowMod:PaleOreRelic","Oddly Smooth Stone","Bag of Marbles","Cursed Key","DollysMirror","ScarletDevilRocket","MawBank","Necronomicon","APieceOfRedMist","Lee\u0027s Waffle","Bronze Scales","Nunchaku","Bottled Lightning","Orichalcum","HollowMod:LifeEnderRelic"],"acts_visited":["Exordium","TheCity","TheBeyond"],"potions_floor_usage":[7,7,16,19,21,21,46,50,50],"damage_taken":[{"damage":0,"enemies":"Cultist","floor":1,"turns":1},{"damage":0,"enemies":"Small Slimes","floor":2,"turns":1},{"damage":0,"enemies":"Jaw Worm","floor":5,"turns":1},{"damage":5,"enemies":"HollowMod:MossKnight","floor":7,"turns":10},{"damage":9,"enemies":"Red Slaver","floor":8,"turns":2},{"damage":36,"enemies":"Gremlin Nob","floor":11,"turns":6},{"damage":0,"enemies":"Blue Slaver","floor":12,"turns":3},{"damage":71,"enemies":"Slime Boss","floor":16,"turns":18},{"damage":8,"enemies":"2 Thieves","floor":18,"turns":3},{"damage":23,"enemies":"Shell Parasite","floor":19,"turns":6},{"damage":18,"enemies":"Snecko","floor":20,"turns":4},{"damage":6,"enemies":"Snake Plant","floor":21,"turns":3},{"damage":8,"enemies":"HollowMod:Nosk","floor":24,"turns":11},{"damage":8,"enemies":"Centurion and Healer","floor":28,"turns":5},{"damage":14,"enemies":"3 Cultists","floor":29,"turns":5},{"damage":8,"enemies":"Snecko","floor":30,"turns":3},{"damage":57,"enemies":"Automaton","floor":33,"turns":10},{"damage":0,"enemies":"3 Shapes","floor":35,"turns":1},{"damage":23,"enemies":"3 Darklings","floor":36,"turns":4},{"damage":5,"enemies":"Writhing Mass","floor":39,"turns":2},{"damage":26,"enemies":"Giant Head","floor":40,"turns":6},{"damage":8,"enemies":"Spire Growth","floor":41,"turns":5},{"damage":16,"enemies":"Reptomancer","floor":42,"turns":5},{"damage":16,"enemies":"Maw","floor":45,"turns":6},{"damage":23,"enemies":"Nemesis","floor":46,"turns":4},{"damage":4,"enemies":"Transient","floor":47,"turns":5},{"damage":90,"enemies":"Awakened One","floor":50,"turns":10}],"seed_played":"-1548535360499736664","potions_obtained":[{"floor":1,"key":"Dexterity Potion"},{"floor":2,"key":"SkillPotion"},{"floor":5,"key":"Energy Potion"},{"floor":11,"key":"LiquidMemories"},{"floor":16,"key":"FairyPotion"},{"floor":16,"key":"Swift Potion"},{"floor":18,"key":"DestinyDice"},{"floor":19,"key":"Swift Potion"},{"floor":33,"key":"BlessingOfTheForge"},{"floor":40,"key":"Energy Potion"},{"floor":40,"key":"Energy Potion"},{"floor":45,"key":"Block Potion"},{"floor":45,"key":"ColorlessPotion"},{"floor":47,"key":"PowerPotion"}],"is_trial":false,"path_per_floor":["M","M","$","?","M","R","E","M","T","R","E","M","R","?","R","B",null,"M","M","M","M","$","R","E","R","T","?","M","M","M","?","R","B",null,"M","M","$","?","M","E","M","E","T","R","M","E","M","?","R","B",null],"character_chosen":"REMILIA","items_purchased":["Ultimatum","DollysMirror","BloodAndWine","TwelveNightmare","LeisurelyOfLord","Lee\u0027s Waffle","Metamorphosis","MastersStateliness"],"campfire_rested":4,"item_purchase_floors":[3,22,22,22,22,37,37,37],"current_hp_per_floor":[75,75,75,80,80,80,76,67,67,67,35,37,61,45,69,14,80,72,52,37,31,31,55,48,72,72,56,48,34,34,90,90,63,90,90,69,97,97,94,97,94,84,84,84,89,89,97,97,97,37],"gold":279,"neow_bonus":"THREE_ENEMY_KILL","is_daily":false,"chose_seed":false,"campfire_upgraded":5,"win_rate":0.0,"timestamp":1613362970,"path_taken":["M","M","$","?","M","R","E","M","T","R","E","M","R","?","R","BOSS","M","M","M","M","$","R","E","R","T","?","M","M","M","?","R","BOSS","M","M","$","?","M","E","M","E","T","R","?","E","M","?","R","BOSS"],"items_purchased_type":["Card","Relic","Card","Card","Card","Relic","Card","Card"],"build_version":"2020-12-22","purchased_purges":0,"victory":true,"max_hp_per_floor":[75,75,75,80,80,80,80,80,80,80,80,80,80,80,80,80,80,80,80,80,80,80,80,80,80,80,80,80,80,80,90,90,90,90,90,90,97,97,97,97,97,97,97,97,97,97,97,97,97,97],"card_choices":[{"not_picked":["ScarletNetherworld","GlobalNightmare"],"picked":"UnstableMagic","floor":1},{"not_picked":["ScarletDevilSign","NightDance"],"picked":"SuperhumanBloodyKnife","floor":2},{"not_picked":["BloodHunter","VampireFantasy"],"picked":"BombardNight","floor":5},{"not_picked":["NightLord","AfternoonTea"],"picked":"RedRainbow","floor":7},{"not_picked":["BombardNight","ScarletImprint"],"picked":"NightDance","floor":8},{"not_picked":["BombardNight","BlasphemousPunishment"],"picked":"FavorOfDestiny","floor":11},{"not_picked":["ScarletNetherworld","BloodHunter"],"picked":"VampireSweep","floor":12},{"not_picked":["CeilingFear","BloodyCatastrophe"],"picked":"BloodyHallows","floor":16},{"not_picked":["UnstableMagic","Stigmanizer"],"picked":"TwelveNightmare","floor":18},{"not_picked":["BlasphemousPunishment","BloodHunter"],"picked":"Stigmanizer","floor":19},{"not_picked":["BloodHunter","GlobalNightmare"],"picked":"Stigmanizer+1","floor":19},{"not_picked":["DiffusionOfMisfortune+1","BlasphemousPunishment"],"picked":"EndlessAdversity","floor":20},{"not_picked":["EndlessAdversity","BloodyCatastrophe"],"picked":"VampireKiss","floor":21},{"not_picked":["BloodHunter","ScarletDevil","UnderTheZenith"],"picked":"SKIP","floor":21},{"not_picked":["CharismaGuard","ScarletDevil"],"picked":"RedMagic","floor":24},{"not_picked":["BlasphemousPunishment","Stigmanizer"],"picked":"DiffusionOfMisfortune","floor":28},{"not_picked":["ScarletDevil","CharismaGuard"],"picked":"ScarletDream","floor":28},{"not_picked":["RedRainbow+1","UnderTheZenith+1"],"picked":"UnstableMagic+1","floor":29},{"not_picked":["ScarletGensokyo","GlobalNightmare"],"picked":"ScarletDevilSign","floor":29},{"not_picked":["ForbiddenFruit","FavorOfDestiny"],"picked":"MastersStateliness","floor":30},{"not_picked":["CurseOfVladTepes","BloodRain"],"picked":"QueenOfMidnight","floor":33},{"not_picked":["RedRainbow+1","ReincarnationDial+1"],"picked":"NightLord","floor":35},{"not_picked":["ScarletDevil+1","RedRainbow+1"],"picked":"DevilSight+1","floor":36},{"not_picked":["BloodHunter+1","MastersStateliness"],"picked":"DiffusionOfMisfortune","floor":39},{"not_picked":["EndlessAdversity+1","GlobalNightmare"],"picked":"Stigmanizer+1","floor":40},{"not_picked":["GlobalNightmare","EmergencyRegeneration+1"],"picked":"MiserableFate+1","floor":41},{"not_picked":["UnderTheZenith","ScarletNetherworld+1"],"picked":"ScarletDream+1","floor":41},{"not_picked":["UnstableMagic","BloodyMagicSquare+1"],"picked":"AfternoonTea+1","floor":42},{"not_picked":["ReincarnationDial+1","VampireKiss+1"],"picked":"Maim+1","floor":45},{"not_picked":["NightDance","BlasphemousPunishment+1"],"picked":"VampireFantasy+1","floor":45},{"not_picked":["DiffusionOfMisfortune+1","BlasphemousPunishment+1"],"picked":"CeilingFear","floor":46},{"not_picked":["EndlessAdversity","BloodHunter+1"],"picked":"NightDance","floor":47}],"player_experience":57553,"relics_obtained":[{"floor":7,"key":"HollowMod:PaleOreRelic"},{"floor":9,"key":"Oddly Smooth Stone"},{"floor":11,"key":"Bag of Marbles"},{"floor":24,"key":"ScarletDevilRocket"},{"floor":26,"key":"MawBank"},{"floor":27,"key":"Necronomicon"},{"floor":40,"key":"Nunchaku"},{"floor":42,"key":"Bottled Lightning"},{"floor":43,"key":"Orichalcum"},{"floor":46,"key":"HollowMod:LifeEnderRelic"}],"event_choices":[{"damage_healed":0,"gold_gain":0,"player_choice":"Donut","damage_taken":0,"max_hp_gain":5,"max_hp_loss":0,"event_name":"Big Fish","floor":4,"gold_loss":0},{"damage_healed":0,"gold_gain":0,"player_choice":"Entered Light","damage_taken":16,"max_hp_gain":0,"max_hp_loss":0,"event_name":"Shining Light","floor":14,"gold_loss":0,"cards_upgraded":["SuperhumanBloodyKnife","VampireSweep"]},{"damage_healed":0,"gold_gain":0,"player_choice":"Obtained Book","damage_taken":16,"max_hp_gain":0,"max_hp_loss":0,"event_name":"Cursed Tome","floor":27,"gold_loss":0},{"cards_removed":["BloodyHallows"],"damage_healed":46,"gold_gain":0,"player_choice":"Offered Rare","damage_taken":0,"max_hp_gain":10,"max_hp_loss":0,"event_name":"Bonfire Elementals","floor":31,"gold_loss":0},{"damage_healed":0,"gold_gain":0,"player_choice":"Gave Potion","damage_taken":0,"relics_obtained":["Bronze Scales"],"max_hp_gain":0,"max_hp_loss":0,"event_name":"WeMeetAgain","floor":38,"gold_loss":0},{"damage_healed":0,"gold_gain":0,"cards_transformed":["Defend_RM"],"player_choice":"Transformed","damage_taken":0,"max_hp_gain":0,"max_hp_loss":0,"event_name":"Transmorgrifier","floor":48,"gold_loss":0,"cards_obtained":["ScarletMeister"]}],"is_beta":false,"boss_relics":[{"not_picked":["Fusion Hammer","Runic Dome"],"picked":"Cursed Key"},{"not_picked":["Tiny House","Runic Pyramid"],"picked":"APieceOfRedMist"}],"items_purged_floors":[],"is_endless":false,"potions_floor_spawned":[1,2,5,11,16,18,19,40,41,45,47],"ascension_level":0}}