{"host":"2q82lssse0ckn8xu","time":1613347413,"event":{"mods":["AchievementEnabler","BaseMod","Better Third Choice","Colored Map","Colored Powertips","Highlight Path","Jorbs\u0027s Wanderer Trilogy","Minty Spire (QoL Compilation)","Permanent Neow","Quick Restart","StSLib","The Bug Knight","The Saiyan","Unceasing Turn Reminder"],"gold_per_floor":[115,131,56,56,76,86,148,148,148,148,148,163,188,203,203,298,298,312,312,330,345,104,104,116,116,116,116,143,143,171,184,184,285,285,305,316,316,296,310,310,330,340,340,360,380,398,398,413,413,413],"floor_reached":51,"language":"ENG","playtime":3815,"items_purged":[],"score":670,"play_id":"4464add8-76a6-45fa-8a23-bb04ae0b014a","local_time":"20210215053333","is_ascension_mode":false,"campfire_choices":[{"data":"HollowMod:SoulEater","floor":8.0,"key":"SMITH"},{"data":"HollowMod:QuirrelsAssistance","floor":11.0,"key":"SMITH"},{"data":"HollowMod:DesolateDive","floor":15.0,"key":"SMITH"},{"floor":23.0,"key":"REST"},{"data":"HollowMod:DoubleDash","floor":25.0,"key":"SMITH"},{"floor":29.0,"key":"REST"},{"floor":32.0,"key":"REST"},{"floor":40.0,"key":"REST"},{"floor":47.0,"key":"REST"},{"floor":49.0,"key":"REST"}],"circlet_count":0,"master_deck":["HollowMod:NailStrikeStart","HollowMod:NailStrikeStart","HollowMod:NailStrikeStart","HollowMod:NailStrikeStart","HollowMod:QuickDashStart","HollowMod:QuickDashStart","HollowMod:QuickDashStart","HollowMod:QuickDashStart","HollowMod:FocusHealStart+1","HollowMod:PogoStrike","HollowMod:InfectedCysts","HollowMod:CloakDash","HollowMod:QuirrelsAssistance+1","HollowMod:DesolateDive+1","HollowMod:SoulEater+1","HollowMod:DesolateDive+1","HollowMod:SoulEater+1","HollowMod:SoulEater+1","HollowMod:ZotesMagnificence","HollowMod:HeavyBlow+1","HollowMod:DoubleDash+1","HollowMod:SharpenedNail","HollowMod:SiblingsSouls","HollowMod:SlysStrikes+1","HollowMod:PerfectDash+1","HollowMod:SoulSplash","HollowMod:SoulMaster+1","HollowMod:CycloneSlash+1","HollowMod:FallenFury+1","Writhe","HollowMod:GrimmsGift","HollowMod:ChannelNail+1","HollowMod:DashSlash+1","HollowMod:HeavyBlow+1","HollowMod:SharpenedNail+1","HollowMod:InfectedAttack+1"],"relics":["HollowMod:VesselMask","Oddly Smooth Stone","Pocketwatch","Lizard Tail","Smiling Mask","Frozen Egg 2","Philosopher\u0027s Stone","Eternal Feather","The Courier","Darkstone Periapt","HollowMod:LifeEnderRelic","Fusion Hammer","Bottled Tornado"],"acts_visited":["Exordium","TheCity","TheBeyond"],"potions_floor_usage":[50],"damage_taken":[{"damage":0.0,"enemies":"2 Louse","floor":1.0,"turns":2.0},{"damage":0.0,"enemies":"Small Slimes","floor":2.0,"turns":2.0},{"damage":0.0,"enemies":"Cultist","floor":5.0,"turns":5.0},{"damage":8.0,"enemies":"Looter","floor":6.0,"turns":3.0},{"damage":7.0,"enemies":"3 Sentries","floor":7.0,"turns":2.0},{"damage":10.0,"enemies":"2 Fungi Beasts","floor":12.0,"turns":2.0},{"damage":10.0,"enemies":"Lagavulin","floor":13.0,"turns":7.0},{"damage":4.0,"enemies":"Exordium Wildlife","floor":14.0,"turns":2.0},{"damage":20.0,"enemies":"The Guardian","floor":16.0,"turns":14.0},{"damage":30.0,"enemies":"Shell Parasite","floor":18.0,"turns":5.0},{"damage":2.0,"enemies":"Chosen","floor":20.0,"turns":3.0},{"damage":25.0,"enemies":"Sentry and Sphere","floor":21.0,"turns":4.0},{"damage":8.0,"enemies":"Centurion and Healer","floor":24.0,"turns":5.0},{"damage":45.0,"enemies":"Gremlin Leader","floor":28.0,"turns":8.0},{"damage":68.0,"enemies":"Slavers","floor":30.0,"turns":7.0},{"damage":6.0,"enemies":"Snake Plant","floor":31.0,"turns":4.0},{"damage":50.0,"enemies":"Automaton","floor":33.0,"turns":9.0},{"damage":52.0,"enemies":"3 Darklings","floor":35.0,"turns":4.0},{"damage":22.0,"enemies":"3 Shapes","floor":36.0,"turns":6.0},{"damage":47.0,"enemies":"HollowMod:SlobberingHusk","floor":39.0,"turns":7.0},{"damage":45.0,"enemies":"3 Darklings","floor":41.0,"turns":4.0},{"damage":9.0,"enemies":"Sphere and 2 Shapes","floor":42.0,"turns":5.0},{"damage":3.0,"enemies":"4 Shapes","floor":44.0,"turns":6.0},{"damage":0.0,"enemies":"Jaw Worm Horde","floor":45.0,"turns":5.0},{"damage":21.0,"enemies":"Spire Growth","floor":46.0,"turns":6.0},{"damage":18.0,"enemies":"Transient","floor":48.0,"turns":5.0},{"damage":144,"enemies":"Donu and Deca","floor":50,"turns":11}],"seed_played":"-53110724189642753","potions_obtained":[{"floor":5.0,"key":"Explosive Potion"},{"floor":7.0,"key":"Weak Potion"},{"floor":12.0,"key":"SteroidPotion"},{"floor":13.0,"key":"SpeedPotion"},{"floor":20.0,"key":"SteroidPotion"},{"floor":21.0,"key":"PowerPotion"},{"floor":24.0,"key":"SkillPotion"},{"floor":35.0,"key":"Dexterity Potion"},{"floor":38.0,"key":"GamblersBrew"},{"floor":42.0,"key":"Dexterity Potion"},{"floor":46.0,"key":"Strength Potion"}],"is_trial":false,"path_per_floor":["M","M","?","?","M","M","?","R","T","?","R","M","E","M","R","B",null,"M","?","M","M","$","R","M","R","T","?","E","R","E","M","R","B",null,"M","M","?","?","M","R","M","M","T","M","M","M","R","M","R","B",null],"character_chosen":"THE_BUGKNIGHT","items_purchased":["Eternal Feather"],"campfire_rested":6,"item_purchase_floors":[22],"current_hp_per_floor":[75,75,80,80,80,78,71,71,71,64,64,54,54,56,56,48,80,56,56,60,35,35,71,63,75,75,75,36,72,10,10,49,5,80,28,18,44,44,3,46,7,4,4,11,17,2,48,36,82,3],"gold":413,"neow_bonus":"RANDOM_COMMON_RELIC","is_daily":false,"chose_seed":false,"campfire_upgraded":4,"win_rate":0.0,"timestamp":1613347413,"path_taken":["M","M","?","?","M","M","?","R","T","?","R","M","E","M","R","BOSS","M","?","M","M","?","R","M","R","T","?","E","R","E","M","R","BOSS","M","M","?","?","M","R","M","M","T","M","M","?","R","M","R","BOSS"],"items_purchased_type":["Relic"],"build_version":"2020-12-22","purchased_purges":0,"victory":true,"max_hp_per_floor":[75,75,80,80,80,80,80,80,80,80,80,80,80,80,80,80,80,80,80,80,80,80,80,80,80,80,80,80,80,80,80,80,80,80,80,80,86,86,86,86,86,86,86,86,86,86,86,86,86,86],"card_choices":[{"not_picked":["HollowMod:HowlingWraiths","HollowMod:DreamGate"],"picked":"HollowMod:InfectedCysts","floor":1.0},{"not_picked":["HollowMod:HowlingWraiths","HollowMod:WraithStrike"],"picked":"HollowMod:CloakDash","floor":2.0},{"not_picked":["HollowMod:SiblingsSouls","HollowMod:CoiledNail"],"picked":"HollowMod:QuirrelsAssistance","floor":5.0},{"not_picked":["HollowMod:DescendingDark","HollowMod:ShapeofUnn"],"picked":"HollowMod:DesolateDive","floor":6.0},{"not_picked":["HollowMod:PureNailStrike","HollowMod:BrokenVessel"],"picked":"HollowMod:SoulEater","floor":7.0},{"not_picked":["HollowMod:NewLittleFool","HollowMod:LifebloodCocoon"],"picked":"HollowMod:DesolateDive","floor":12.0},{"not_picked":["HollowMod:NewJinnsSoul","HollowMod:CornifersMapStart"],"picked":"HollowMod:SoulEater+1","floor":13.0},{"not_picked":["HollowMod:CycloneSlash","HollowMod:VengefulSpirit"],"picked":"HollowMod:SoulEater+1","floor":14.0},{"not_picked":["HollowMod:LordofShades+1","HollowMod:Hiveblood"],"picked":"HollowMod:ZotesMagnificence","floor":16.0},{"not_picked":["HollowMod:InfectionAssault","HollowMod:GrimmsGift+1"],"picked":"HollowMod:HeavyBlow+1","floor":18.0},{"not_picked":["HollowMod:VengefulVoid","HollowMod:LifebloodCocoon"],"picked":"HollowMod:DoubleDash","floor":20.0},{"not_picked":["HollowMod:DoubleDash","HollowMod:WraithStrike"],"picked":"HollowMod:SharpenedNail","floor":21.0},{"not_picked":["HollowMod:ShadowDash","HollowMod:DesolateDive"],"picked":"HollowMod:SiblingsSouls","floor":24.0},{"not_picked":["HollowMod:SoulVessel+1","HollowMod:ShadowDash"],"picked":"HollowMod:SlysStrikes+1","floor":28.0},{"not_picked":["HollowMod:QuirrelsAssistance+1","HollowMod:VoidDash"],"picked":"HollowMod:PerfectDash+1","floor":30.0},{"not_picked":["HollowMod:AbyssShriek","HollowMod:CornifersMapStart"],"picked":"HollowMod:SoulSplash","floor":31.0},{"not_picked":["HollowMod:MidwifesHunger","HollowMod:PureVessel+1"],"picked":"HollowMod:SoulMaster+1","floor":33.0},{"not_picked":["HollowMod:SiblingsSouls+1","HollowMod:SoulStrike"],"picked":"HollowMod:CycloneSlash+1","floor":35.0},{"not_picked":["HollowMod:CoiledNail","HollowMod:BrokenVessel+1"],"picked":"HollowMod:FallenFury+1","floor":36.0},{"not_picked":["HollowMod:Hiveblood","HollowMod:InfectionAssault"],"picked":"HollowMod:GrimmsGift","floor":39.0},{"not_picked":["HollowMod:GreatSlash+1","HollowMod:GrimmsGift"],"picked":"HollowMod:ChannelNail+1","floor":41.0},{"not_picked":["HollowMod:ChannelNail","HollowMod:ShapeofUnn+1","HollowMod:SiblingsShadow"],"picked":"SKIP","floor":42.0},{"not_picked":["HollowMod:SoulSplash","HollowMod:CrystalDash+1"],"picked":"HollowMod:DashSlash+1","floor":44.0},{"not_picked":["HollowMod:CornifersMapStart","HollowMod:GoodIntentions"],"picked":"HollowMod:HeavyBlow+1","floor":45.0},{"not_picked":["HollowMod:NewJinnsSoul+1","HollowMod:InfectionAssault+1"],"picked":"HollowMod:SharpenedNail+1","floor":46.0},{"not_picked":["HollowMod:DashSlash+1","HollowMod:FastStrike"],"picked":"HollowMod:InfectedAttack+1","floor":48.0}],"player_experience":694244,"relics_obtained":[{"floor":9.0,"key":"Lizard Tail"},{"floor":13.0,"key":"Frozen Egg 2"},{"floor":26.0,"key":"The Courier"},{"floor":28.0,"key":"Darkstone Periapt"},{"floor":30.0,"key":"HollowMod:LifeEnderRelic"},{"floor":43.0,"key":"Bottled Tornado"}],"event_choices":[{"damage_healed":0.0,"max_hp_gain":0.0,"max_hp_loss":0.0,"gold_gain":0.0,"event_name":"Living Wall","player_choice":"Grow","floor":4.0,"gold_loss":0.0,"damage_taken":0.0,"cards_upgraded":["HollowMod:FocusHealStart"]},{"damage_healed":0.0,"max_hp_gain":0.0,"max_hp_loss":0.0,"gold_gain":0.0,"event_name":"Dead Adventurer","player_choice":"Searched \u00273\u0027 times","floor":7.0,"gold_loss":0.0,"damage_taken":0.0,"relics_obtained":["Pocketwatch"]},{"damage_healed":0.0,"max_hp_gain":0.0,"max_hp_loss":0.0,"gold_gain":0.0,"event_name":"betterThird:BetterScrap","player_choice":"Relic ","floor":10.0,"gold_loss":0.0,"damage_taken":7.0,"cards_obtained":["Phantasmal Killer"]},{"damage_healed":0.0,"max_hp_gain":0.0,"max_hp_loss":0.0,"gold_gain":0.0,"event_name":"Upgrade Shrine","player_choice":"Upgraded","floor":19.0,"gold_loss":0.0,"damage_taken":0.0,"cards_upgraded":["HollowMod:DesolateDive"]},{"damage_healed":0.0,"max_hp_gain":0.0,"max_hp_loss":0.0,"gold_gain":0.0,"event_name":"Cursed Tome","player_choice":"Ignored","floor":27.0,"gold_loss":0.0,"damage_taken":0.0},{"damage_healed":20.0,"max_hp_gain":0.0,"max_hp_loss":0.0,"gold_gain":0.0,"event_name":"Winding Halls","player_choice":"Writhe","floor":37.0,"gold_loss":0.0,"damage_taken":0.0,"cards_obtained":["Writhe"]},{"damage_healed":0.0,"max_hp_gain":0.0,"max_hp_loss":0.0,"gold_gain":0.0,"event_name":"The Woman in Blue","player_choice":"Bought 1 Potion","floor":38.0,"gold_loss":0.0,"damage_taken":0.0}],"is_beta":false,"boss_relics":[{"not_picked":["Empty Cage","Ectoplasm"],"picked":"Philosopher\u0027s Stone"},{"not_picked":["Snecko Eye","Coffee Dripper"],"picked":"Fusion Hammer"}],"items_purged_floors":[],"is_endless":false,"potions_floor_spawned":[5,7,12,13,20,21,24,35,42,46],"ascension_level":0}}