{"host":"rylkjufw9dlhr07b","time":1613432587,"event":{"mods":["AchievementEnabler","BaseMod","Better Note","BetterRewards","Hubris","Minty Spire (QoL Compilation)","Quick Restart","StSLib","The Servant 0.9.4"],"gold_per_floor":[109,19,19,19,38,38,38,38,61,37,60,85,210,243,243,243,243],"floor_reached":16,"language":"FRA","playtime":701,"items_purged":[],"score":98,"play_id":"3bfa4091-4390-453d-9e0d-d6924c2a9a14","local_time":"20210216004307","is_ascension_mode":false,"campfire_choices":[{"floor":6.0,"key":"REST"},{"data":"Exchange","floor":8.0,"key":"SMITH"},{"floor":15.0,"key":"REST"}],"circlet_count":0,"master_deck":["Strike_S","Strike_S","Strike_S","Strike_S","Defend_S","Defend_S","Defend_S","Defend_S","KidneyShot","Exchange+1","ReturningBlade","Flash of Steel","Injury","ShatteredReality","Ricochet","Rearm","FanOfKnives","Ricochet"],"relics":["Uniform","Golden Idol","Boot","hubris:Icosahedron","hubris:TenFootPole","Lantern","Blue Candle"],"acts_visited":["Exordium"],"potions_floor_usage":[],"damage_taken":[{"damage":3.0,"enemies":"Small Slimes","floor":1.0,"turns":4.0},{"damage":0.0,"enemies":"2 Louse","floor":5.0,"turns":3.0},{"damage":6.0,"enemies":"Jaw Worm","floor":12.0,"turns":2.0},{"damage":0.0,"enemies":"Gremlin Gang","floor":13.0,"turns":4.0},{"damage":24.0,"enemies":"Lagavulin","floor":14.0,"turns":7.0},{"damage":71,"enemies":"Hexaghost","floor":16,"turns":12}],"seed_played":"573890251539649254","potions_obtained":[{"floor":5.0,"key":"GamblersBrew"}],"is_trial":false,"path_per_floor":["M","$","?","?","M","R","?","R","T","$","T","M","M","E","R","B"],"character_chosen":"THE_SERVANT","items_purchased":["Flash of Steel","Ricochet"],"campfire_rested":2,"item_purchase_floors":[2,10],"current_hp_per_floor":[68,68,68,43,43,64,64,64,64,64,64,58,58,34,55,0,0],"gold":243,"neow_bonus":"TEN_PERCENT_HP_BONUS","is_daily":false,"chose_seed":false,"campfire_upgraded":1,"win_rate":0.0,"timestamp":1613432587,"path_taken":["M","$","?","?","M","R","?","R","T","$","?","?","M","E","R","BOSS"],"items_purchased_type":["Card","Card"],"build_version":"2020-12-22","purchased_purges":0,"victory":false,"max_hp_per_floor":[71,71,71,71,71,71,71,71,71,71,71,71,71,71,71,71,71],"card_choices":[{"not_picked":["Defy","Unruled"],"picked":"ReturningBlade","floor":1.0},{"not_picked":["Starlight","Spin"],"picked":"ShatteredReality","floor":5.0},{"not_picked":["Revamp","Ricochet"],"picked":"Rearm","floor":12.0},{"not_picked":["BottledTime","FastForward"],"picked":"FanOfKnives","floor":13.0},{"not_picked":["FastForward","Rearm"],"picked":"Ricochet","floor":14.0}],"player_experience":599677,"relics_obtained":[{"floor":9.0,"key":"hubris:TenFootPole"},{"floor":11.0,"key":"Lantern"},{"floor":14.0,"key":"Blue Candle"}],"event_choices":[{"damage_healed":0.0,"max_hp_gain":0.0,"max_hp_loss":0.0,"gold_gain":0.0,"event_name":"Golden Idol","player_choice":"Take Wound","floor":3.0,"gold_loss":0.0,"damage_taken":0.0,"relics_obtained":["Golden Idol"],"cards_obtained":["Injury"]},{"damage_healed":0.0,"max_hp_gain":0.0,"max_hp_loss":0.0,"gold_gain":0.0,"event_name":"Scrap Ooze","player_choice":"Success","floor":4.0,"gold_loss":0.0,"damage_taken":25.0,"relics_obtained":["Boot"]}],"is_beta":false,"boss_relics":[],"items_purged_floors":[],"is_endless":false,"potions_floor_spawned":[5],"killed_by":"Hexaghost","ascension_level":0}}