{"host":"p7cjtxxrilhp4dw7","time":1613369971,"event":{"mods":["BaseMod","Block Reminder","Colored Map","Curses Come First","Highlight Path","Minty Spire (QoL Compilation)","Replay The Spire","StSLib"],"gold_per_floor":[115,131,131,131,144,183,183,218,218,218,318,318,336,379,379,502,502,520,520,520],"floor_reached":19,"language":"ENG","playtime":1557,"items_purged":[],"score":321,"play_id":"696071af-9fbc-4577-baa4-a52eacdd4cf4","local_time":"20210214231931","is_ascension_mode":true,"campfire_choices":[{"data":"Shockwave","floor":7,"key":"SMITH"},{"floor":10,"key":"REST"},{"data":"Bash","floor":12,"key":"SMITH"},{"floor":15,"key":"REST"}],"circlet_count":0,"master_deck":["AscendersBane","Strike_R","Strike_R","Strike_R","Strike_R","Strike_R","Defend_R","Defend_R","Defend_R","Defend_R","Bash+1","Thunderclap","Headbutt","CommonCold","Shockwave+1","ReplayTheSpireMod:Muscle Training","Double Tap+1","ReplayTheSpireMod:Stacked"],"relics":["Burning Blood","Golden Idol","Ring of Panic","Replay:Wax Seal","Golden Egg","Replay:Ringing Soul","Omamori","Cursed Key"],"acts_visited":["Exordium","TheCity"],"potions_floor_usage":[6,14,16],"damage_taken":[{"damage":1,"enemies":"Small Slimes","floor":1,"turns":5},{"damage":2,"enemies":"2 Louse","floor":2,"turns":3},{"damage":1,"enemies":"Cultist","floor":5,"turns":3},{"damage":20,"enemies":"Replay:BlueRogue","floor":6,"turns":5},{"damage":14,"enemies":"Gremlin Nob","floor":8,"turns":4},{"damage":8,"enemies":"Blue Slaver","floor":13,"turns":3},{"damage":31,"enemies":"3 Sentries","floor":14,"turns":8},{"damage":79,"enemies":"Hexaghost","floor":16,"turns":14},{"damage":27,"enemies":"Spheric Guardian","floor":18,"turns":5},{"damage":3,"enemies":"Masked Bandits","floor":19,"turns":2}],"seed_played":"4309104720049530961","potions_obtained":[{"floor":5,"key":"PowerPotion"},{"floor":8,"key":"SkillPotion"},{"floor":14,"key":"Dexterity Potion"}],"is_trial":false,"path_per_floor":["M","M","?","?","M","E","R","E","T","R","?","R","M","E","R","B",null,"M","?"],"character_chosen":"IRONCLAD","items_purchased":[],"campfire_rested":2,"item_purchase_floors":[],"current_hp_per_floor":[72,76,76,76,81,67,67,59,59,85,85,85,86,61,88,18,76,58,55,55],"gold":520,"neow_bonus":"TWENTY_PERCENT_HP_BONUS","is_daily":false,"chose_seed":false,"campfire_upgraded":2,"win_rate":0.0,"timestamp":1613369971,"path_taken":["M","M","?","?","M","E","R","E","T","R","?","R","M","E","R","BOSS","M","?"],"items_purchased_type":[],"build_version":"2020-12-22","purchased_purges":0,"victory":false,"max_hp_per_floor":[96,96,89,89,89,89,89,89,89,89,89,89,92,92,92,95,95,98,98,98],"card_choices":[{"not_picked":["Wild Strike","Bloodletting"],"picked":"Thunderclap","floor":1},{"not_picked":["Heavy Blade","Life Link"],"picked":"Headbutt","floor":2},{"not_picked":["Anger","Havoc","Body Slam"],"picked":"SKIP","floor":5},{"not_picked":["Clothesline","Reaper"],"picked":"Shockwave","floor":6},{"not_picked":["Massacre","Entrench","Bloodletting"],"picked":"SKIP","floor":8},{"not_picked":["Heavy Blade","Twin Strike"],"picked":"ReplayTheSpireMod:Muscle Training","floor":13},{"not_picked":["True Grit","Headbutt","Searing Blow"],"picked":"SKIP","floor":14},{"not_picked":["Exhume","Offering"],"picked":"Double Tap","floor":16},{"not_picked":["Anger","Warcry"],"picked":"ReplayTheSpireMod:Stacked","floor":18}],"player_experience":666535,"relics_obtained":[{"floor":4,"key":"Ring of Panic"},{"floor":6,"key":"Replay:Wax Seal"},{"floor":8,"key":"Golden Egg"},{"floor":9,"key":"Replay:Ringing Soul"},{"floor":14,"key":"Omamori"}],"event_choices":[{"damage_healed":0,"gold_gain":0,"player_choice":"Lose Max HP","damage_taken":0,"relics_obtained":["Golden Idol"],"max_hp_gain":0,"max_hp_loss":7,"event_name":"Golden Idol","floor":3,"gold_loss":0},{"damage_healed":0,"gold_gain":100,"player_choice":"Pray","damage_taken":0,"max_hp_gain":0,"max_hp_loss":0,"event_name":"Golden Shrine","floor":11,"gold_loss":0},{"damage_healed":0,"gold_gain":0,"player_choice":"Fought Bandits","damage_taken":0,"max_hp_gain":0,"max_hp_loss":0,"event_name":"Masked Bandits","floor":19,"gold_loss":0}],"is_beta":false,"boss_relics":[{"not_picked":["Calling Bell","Ectoplasm"],"picked":"Cursed Key"}],"items_purged_floors":[],"is_endless":false,"potions_floor_spawned":[5,8,14],"killed_by":"Masked Bandits","ascension_level":12}}