{"host":"hrvs05np4ys7itky","time":1613368435,"event":{"mods":["BaseMod","Colored Map","Colored Powertips","Downfall","Emptier Cage","Hermit","Highlight Path","Minty Spire (QoL Compilation)","Permanent Neow","Rare Cards Sparkle","Relic Stats","StSLib","everything is the same but u backflip on backflip"],"gold_per_floor":[110,120,120,120,131,156,170,170,170,170,184,211,5,5,5,98,98,98,98,98,98,98,98,98,98,98,98,98,98,98,98,98,98,98,98,58,58,58,58,58,58,58,58,58,58,58,58,58,58,58],"floor_reached":51,"language":"ENG","playtime":3614,"items_purged":[],"score":1244,"play_id":"c0c95adf-9f56-4a9e-aaf2-1ff039b485ef","local_time":"20210215005355","is_ascension_mode":true,"campfire_choices":[{"data":"Neutralize","floor":8,"key":"SMITH"},{"data":"Deadly Poison","floor":10,"key":"SMITH"},{"floor":15,"key":"REST"},{"data":"Blade Dance","floor":23,"key":"SMITH"},{"data":"1","floor":29,"key":"LIFT"},{"floor":32,"key":"REST"},{"data":"Cloak And Dagger","floor":40,"key":"SMITH"},{"floor":47,"key":"REST"},{"floor":49,"key":"REST"}],"circlet_count":0,"master_deck":["AscendersBane","Strike_G","Strike_G","Strike_G","Strike_G","Defend_G","Defend_G","Defend_G","Defend_G","Defend_G","Survivor","Neutralize+1","Dagger Throw","Quick Slash","Deflect","Deadly Poison+1","Backflip","Distraction","After Image","PiercingWail","Adrenaline","Accuracy+1","Crippling Poison","RitualDagger","Blade Dance+1","Blur","Dagger Spray","Ghostly","Ghostly","Ghostly","Adrenaline","Blade Dance","Cloak And Dagger+1","Crippling Poison+1","Backflip+1","Escape Plan+1"],"relics":["Ring of the Snake","Pear","Potion Belt","Kunai","InkBottle","Golden Idol","Ectoplasm","Girya","Sundial","expansioncontent:StudyCardRelic","Orichalcum","Paper Crane"],"acts_visited":["Exordium","TheCity","TheBeyond"],"potions_floor_usage":[6,12,12,25,33,38,50,50,50,50],"damage_taken":[{"damage":1,"enemies":"2 Louse","floor":1,"turns":3},{"damage":2,"enemies":"Small Slimes","floor":2,"turns":5},{"damage":0,"enemies":"Cultist","floor":5,"turns":3},{"damage":28,"enemies":"3 Sentries","floor":6,"turns":11},{"damage":0,"enemies":"Large Slime","floor":7,"turns":5},{"damage":9,"enemies":"2 Fungi Beasts","floor":11,"turns":3},{"damage":12,"enemies":"Gremlin Nob","floor":12,"turns":3},{"damage":5,"enemies":"The Guardian","floor":16,"turns":12},{"damage":4,"enemies":"Spheric Guardian","floor":18,"turns":7},{"damage":1,"enemies":"Shell Parasite","floor":19,"turns":7},{"damage":1,"enemies":"Snake Plant","floor":22,"turns":5},{"damage":0,"enemies":"Gremlin Leader","floor":24,"turns":9},{"damage":11,"enemies":"Sentry and Sphere","floor":25,"turns":8},{"damage":29,"enemies":"Snecko","floor":30,"turns":7},{"damage":20,"enemies":"Champ","floor":33,"turns":18},{"damage":6,"enemies":"Orb Walker","floor":35,"turns":6},{"damage":2,"enemies":"3 Shapes","floor":37,"turns":5},{"damage":0,"enemies":"Writhing Mass","floor":38,"turns":8},{"damage":9,"enemies":"Nemesis","floor":41,"turns":7},{"damage":0,"enemies":"Maw","floor":42,"turns":6},{"damage":0,"enemies":"Jaw Worm Horde","floor":45,"turns":3},{"damage":0,"enemies":"4 Shapes","floor":48,"turns":4},{"damage":12,"enemies":"Time Eater","floor":50,"turns":12}],"seed_played":"7354783994224576000","potions_obtained":[{"floor":2,"key":"Dexterity Potion"},{"floor":7,"key":"SteroidPotion"},{"floor":11,"key":"DistilledChaos"},{"floor":19,"key":"Regen Potion"},{"floor":25,"key":"SteroidPotion"},{"floor":30,"key":"Fire Potion"},{"floor":35,"key":"CunningPotion"},{"floor":36,"key":"Ancient Potion"},{"floor":36,"key":"Fire Potion"},{"floor":42,"key":"Explosive Potion"},{"floor":45,"key":"Guardian:BlockOnCardUsePotion"}],"is_trial":false,"path_per_floor":["M","M","?","?","M","E","M","R","T","R","M","E","$","?","R","B",null,"M","M","?","?","M","R","E","M","T","T","?","R","M","?","R","B",null,"M","?","M","M","?","R","E","M","T","?","M","?","R","M","R","B",null],"character_chosen":"THE_SILENT","items_purchased":["After Image","PiercingWail"],"campfire_rested":4,"item_purchase_floors":[13,13],"current_hp_per_floor":[58,56,56,66,66,38,38,38,38,38,29,17,17,17,37,32,60,56,55,55,49,48,48,48,52,52,52,52,52,23,23,33,13,29,23,23,21,21,21,21,12,12,12,12,12,12,21,21,30,18],"gold":58,"neow_bonus":"THREE_CARDS","is_daily":false,"chose_seed":false,"campfire_upgraded":4,"win_rate":0.0,"timestamp":1613368435,"path_taken":["M","M","?","?","M","E","M","R","T","R","?","E","$","?","R","BOSS","M","M","?","?","M","R","E","M","T","?","?","R","?","?","R","BOSS","M","?","?","M","?","R","E","M","T","?","M","?","R","M","R","BOSS"],"items_purchased_type":["Card","Card"],"build_version":"2020-12-22","purchased_purges":0,"victory":true,"max_hp_per_floor":[66,66,66,76,76,76,76,76,76,76,76,76,76,69,69,69,69,69,69,69,69,69,69,69,69,69,69,69,69,69,34,34,34,34,34,34,34,34,34,34,34,34,34,32,32,32,32,32,32,32],"relic_stats":{"counters":[23,157],"Golden Idol":119,"Sundial":[8],"Ectoplasm":390,"Kunai":[75],"Orichalcum":[18],"obtain_stats":[{"Potion Belt":6,"Girya":24,"Pear":4,"Golden Idol":14,"Sundial":26,"Ectoplasm":17,"expansioncontent:StudyCardRelic":34,"Kunai":9,"Orichalcum":41,"Paper Crane":43,"InkBottle":12,"Ring of the Snake":0},{"Potion Belt":4,"Girya":12,"Pear":2,"Golden Idol":7,"Sundial":13,"Ectoplasm":8,"expansioncontent:StudyCardRelic":15,"Kunai":5,"Orichalcum":19,"Paper Crane":20,"InkBottle":7,"Ring of the Snake":0},{"Potion Belt":22,"Girya":73,"Pear":8,"Golden Idol":33,"Sundial":81,"Ectoplasm":45,"expansioncontent:StudyCardRelic":106,"Kunai":27,"Orichalcum":132,"Paper Crane":138,"InkBottle":33,"Ring of the Snake":0}],"InkBottle":[67],"Ring of the Snake":[46]},"card_choices":[{"not_picked":["Outmaneuver","Deflect"],"picked":"Dagger Throw","floor":0},{"not_picked":["Acrobatics","Outmaneuver"],"picked":"Quick Slash","floor":1},{"not_picked":["Concentrate","Prepared"],"picked":"Dodge and Roll","floor":2},{"not_picked":["Sucker Punch","Slice","Underhanded Strike"],"picked":"SKIP","floor":5},{"not_picked":["A Thousand Cuts","Bane"],"picked":"Deflect","floor":6},{"not_picked":["Blade Dance","Cloak And Dagger"],"picked":"Deadly Poison","floor":7},{"not_picked":["Flying Knee","Terror"],"picked":"Backflip","floor":11},{"not_picked":["Underhanded Strike","Flying Knee"],"picked":"Distraction","floor":12},{"not_picked":["Phantasmal Killer","Unload"],"picked":"Adrenaline","floor":16},{"not_picked":["Escape Plan","Dagger Throw"],"picked":"Accuracy","floor":18},{"not_picked":["Quick Slash","Dodge and Roll"],"picked":"Crippling Poison","floor":19},{"not_picked":["Quick Slash","Outmaneuver"],"picked":"Blade Dance","floor":22},{"not_picked":["Terror","Dash","Skewer"],"picked":"SKIP","floor":24},{"not_picked":["Flying Knee+1","Grand Finale"],"picked":"Blur","floor":25},{"not_picked":["Poisoned Stab","Dagger Throw"],"picked":"Dagger Spray","floor":30},{"not_picked":["Die Die Die","Glass Knife"],"picked":"Adrenaline","floor":33},{"not_picked":["Flying Knee+1","Well Laid Plans"],"picked":"Blade Dance","floor":35},{"not_picked":["Flying Knee","Masterful Stab"],"picked":"Cloak And Dagger","floor":37},{"not_picked":["Flechettes+1","Expertise+1","Predator"],"picked":"SKIP","floor":38},{"not_picked":["Bane","Flying Knee+1","Poisoned Stab"],"picked":"SKIP","floor":41},{"not_picked":["Blade Dance","Sucker Punch"],"picked":"Crippling Poison+1","floor":42},{"not_picked":["Acrobatics","Deflect"],"picked":"Backflip+1","floor":45},{"not_picked":["Infinite Blades+1","Reflex+1"],"picked":"Escape Plan+1","floor":48}],"player_experience":1086923,"relics_obtained":[{"floor":6,"key":"Potion Belt"},{"floor":9,"key":"Kunai"},{"floor":12,"key":"InkBottle"},{"floor":24,"key":"Girya"},{"floor":26,"key":"Sundial"},{"floor":41,"key":"Orichalcum"},{"floor":43,"key":"Paper Crane"}],"event_choices":[{"damage_healed":0,"gold_gain":0,"player_choice":"Ignored","damage_taken":0,"max_hp_gain":0,"max_hp_loss":0,"event_name":"Liars Game","floor":3,"gold_loss":0},{"cards_removed":["Dodge and Roll"],"damage_healed":0,"gold_gain":0,"player_choice":"Gave Card","damage_taken":0,"relics_obtained":["Pear"],"max_hp_gain":0,"max_hp_loss":0,"event_name":"WeMeetAgain","floor":4,"gold_loss":0},{"damage_healed":0,"gold_gain":0,"player_choice":"Lose Max HP","damage_taken":0,"relics_obtained":["Golden Idol"],"max_hp_gain":0,"max_hp_loss":7,"event_name":"Golden Idol","floor":14,"gold_loss":0},{"damage_healed":0,"gold_gain":0,"player_choice":"Joined the Cult","damage_taken":6,"max_hp_gain":0,"max_hp_loss":0,"event_name":"Nest","floor":21,"gold_loss":0,"cards_obtained":["RitualDagger"]},{"damage_healed":0,"gold_gain":0,"player_choice":"Upgraded","damage_taken":0,"max_hp_gain":0,"max_hp_loss":0,"event_name":"Upgrade Shrine","floor":28,"gold_loss":0,"cards_upgraded":["Accuracy"]},{"damage_healed":0,"gold_gain":0,"player_choice":"Became a Ghost","damage_taken":0,"max_hp_gain":0,"max_hp_loss":35,"event_name":"Ghosts","floor":31,"gold_loss":0,"cards_obtained":["Ghostly","Ghostly","Ghostly"]},{"damage_healed":0,"gold_gain":0,"player_choice":"Bought 3 Potions","damage_taken":0,"max_hp_gain":0,"max_hp_loss":0,"event_name":"The Woman in Blue","floor":36,"gold_loss":0},{"damage_healed":0,"gold_gain":0,"player_choice":"Ignored","damage_taken":0,"max_hp_gain":0,"max_hp_loss":0,"event_name":"Mysterious Sphere","floor":39,"gold_loss":0},{"damage_healed":0,"gold_gain":0,"player_choice":"Max HP","damage_taken":0,"max_hp_gain":0,"max_hp_loss":2,"event_name":"Winding Halls","floor":44,"gold_loss":0},{"cards_removed":["Strike_G"],"damage_healed":0,"gold_gain":0,"player_choice":"Purged","damage_taken":0,"max_hp_gain":0,"max_hp_loss":0,"event_name":"Purifier","floor":46,"gold_loss":0}],"is_beta":false,"boss_relics":[{"not_picked":["Black Star","Tiny House"],"picked":"Ectoplasm"},{"not_picked":["Velvet Choker","Philosopher\u0027s Stone"],"picked":"expansioncontent:StudyCardRelic"}],"items_purged_floors":[],"is_endless":false,"potions_floor_spawned":[2,7,11,19,25,30,35,42,45],"ascension_level":15}}