{"host":"p7cjtxxrilhp4dw7","time":1613375330,"event":{"mods":["BaseMod","Block Reminder","Colored Map","Curses Come First","Highlight Path","Minty Spire (QoL Compilation)","Replay The Spire","StSLib"],"gold_per_floor":[118,118,138,151,151,151,164,14,14,45,45,45,73,85,85,188,188,204,204,204,223,242,242,275,350,350,350,382,278,327,339,339,441,441,453,376,388,388,401,401,429,429,429,456,484,496,508,552,564,576,576],"floor_reached":50,"language":"ENG","playtime":4619,"items_purged":["Doubt"],"score":877,"play_id":"cfc3c928-3f20-4473-b58f-3e856035f60f","local_time":"20210215004850","is_ascension_mode":true,"campfire_choices":[{"data":"Iron Wave","floor":6,"key":"SMITH"},{"data":"Metallicize","floor":11,"key":"SMITH"},{"data":"Armaments","floor":15,"key":"SMITH"},{"floor":23,"key":"REST"},{"floor":27,"key":"REST"},{"floor":32,"key":"REST"},{"data":"Seeing Red","floor":40,"key":"SMITH"},{"data":"Disarm","floor":42,"key":"SMITH"},{"data":"Replay:Many Hands","floor":46,"key":"SMITH"},{"data":"ReplayTheSpireMod:Muscle Training","floor":49,"key":"SMITH"}],"circlet_count":0,"master_deck":["AscendersBane","Strike_R","Strike_R","Strike_R","Strike_R","Strike_R","Defend_R","Defend_R","Defend_R","Defend_R+1","Bash+1","Metallicize+1","Thunderclap","Iron Wave+1","Armaments+1","Sword Boomerang","Disarm+1","Twin Strike","Reaper","Seeing Red+1","Heavy Blade+1","Shrug It Off+1","Perfected Strike","Shockwave","Replay:Many Hands+1","Iron Wave","True Grit+1","Madness","Madness","ReplayTheSpireMod:Muscle Training+1"],"relics":["Burning Blood","NeowsBlessing","Ring of Fury","Pen Nib","Gremlin Horn","Pet Ghost","Black Star","StrikeDummy","ReplayTheSpireMod:Spearhead","ReplayTheSpireMod:Lightbulb","Nunchaku","Centennial Puzzle","War Paint","Mark of Pain","Champion Belt","Blue Doll","ReplayTheSpireMod:TigerMarble","MawBank","Frozen Egg 2","Bottled Tornado"],"acts_visited":["Exordium","TheCity","TheBeyond"],"potions_floor_usage":[10,10,16,18,28,28,33,33,50,50],"damage_taken":[{"damage":0,"enemies":"2 Louse","floor":1,"turns":1},{"damage":0,"enemies":"Cultist","floor":3,"turns":1},{"damage":0,"enemies":"Small Slimes","floor":4,"turns":1},{"damage":3,"enemies":"3 Louse","floor":7,"turns":4},{"damage":7,"enemies":"Lagavulin","floor":10,"turns":6},{"damage":16,"enemies":"3 Sentries","floor":13,"turns":7},{"damage":0,"enemies":"Exordium Wildlife","floor":14,"turns":4},{"damage":15,"enemies":"Fading Forest","floor":16,"turns":11},{"damage":14,"enemies":"Shell Parasite","floor":18,"turns":6},{"damage":8,"enemies":"Chosen","floor":21,"turns":5},{"damage":43,"enemies":"Sentry and Sphere","floor":22,"turns":6},{"damage":43,"enemies":"Gremlin Leader","floor":24,"turns":6},{"damage":55,"enemies":"Book of Stabbing","floor":28,"turns":7},{"damage":22,"enemies":"Cultist and Chosen","floor":31,"turns":6},{"damage":67,"enemies":"Collector","floor":33,"turns":10},{"damage":6,"enemies":"3 Shapes","floor":35,"turns":4},{"damage":0,"enemies":"Orb Walker","floor":37,"turns":3},{"damage":5,"enemies":"Sphere and 2 Shapes","floor":39,"turns":3},{"damage":20,"enemies":"R_Hoarder","floor":41,"turns":8},{"damage":0,"enemies":"Jaw Worm Horde","floor":44,"turns":4},{"damage":12,"enemies":"Maw","floor":45,"turns":5},{"damage":16,"enemies":"Reptomancer","floor":48,"turns":6},{"damage":96,"enemies":"Replay:Hell Engine","floor":50,"turns":6}],"seed_played":"2600965344264041285","potions_obtained":[{"floor":1,"key":"ColorlessPotion"},{"floor":7,"key":"DuplicationPotion"},{"floor":13,"key":"Energy Potion"},{"floor":14,"key":"BlessingOfTheForge"},{"floor":22,"key":"BloodPotion"},{"floor":24,"key":"Languid Potion"},{"floor":31,"key":"EssenceOfSteel"},{"floor":39,"key":"Weak Potion"},{"floor":41,"key":"Explosive Potion"},{"floor":44,"key":"Block Potion"}],"is_trial":false,"path_per_floor":["M","?","M","M","?","R","M","$","T","E","R","?","E","M","R","B",null,"M","?","?","M","M","R","E","?","T","R","E","$","T","M","R","B",null,"M","?","M","$","M","R","E","R","T","M","M","R","?","E","R","B"],"character_chosen":"IRONCLAD","items_purchased":["Armaments","Sword Boomerang","PowerPotion","SkillPotion"],"campfire_rested":3,"item_purchase_floors":[8,8,29,29],"current_hp_per_floor":[78,78,80,80,80,80,80,80,80,79,79,79,69,75,75,66,77,74,74,74,78,47,71,61,53,53,77,44,44,44,41,65,16,64,64,64,70,70,71,71,65,65,65,80,74,74,64,70,70,0,0],"gold":576,"neow_bonus":"THREE_ENEMY_KILL","is_daily":false,"chose_seed":false,"campfire_upgraded":7,"win_rate":0.0,"timestamp":1613375330,"path_taken":["M","?","?","?","?","R","M","$","T","E","R","?","E","M","R","BOSS","M","?","?","?","M","R","E","?","T","R","E","$","?","M","R","BOSS","M","?","M","$","M","R","E","R","T","M","?","R","?","E","R","BOSS"],"items_purchased_type":["Card","Card","Potion","Potion"],"build_version":"2020-12-22","purchased_purges":1,"victory":false,"max_hp_per_floor":[80,80,80,80,80,80,80,80,80,80,80,80,80,80,80,80,80,80,80,80,80,80,80,80,80,80,80,80,80,80,80,80,80,80,80,80,80,80,80,80,80,80,80,80,80,80,80,80,80,80,80],"card_choices":[{"not_picked":["Heavy Blade","Wild Strike"],"picked":"Metallicize","floor":1},{"not_picked":["Life Link","Reckless Charge"],"picked":"Thunderclap","floor":3},{"not_picked":["Dual Wield","Life Link"],"picked":"Iron Wave","floor":4},{"not_picked":["Hemogenesis","Reckless Charge","Perfected Strike"],"picked":"SKIP","floor":7},{"not_picked":["Feel No Pain","Flex","Wild Strike"],"picked":"SKIP","floor":10},{"not_picked":["Entrench","Anger"],"picked":"Disarm","floor":13},{"not_picked":["Armaments","Thunderclap"],"picked":"Twin Strike","floor":14},{"not_picked":["Replay:Many Hands","Fiend Fire"],"picked":"Reaper","floor":16},{"not_picked":["Perfected Strike","Clash"],"picked":"Seeing Red","floor":18},{"not_picked":["Replay:Undeath\u0027s Touch+1","ReplayReversal"],"picked":"Heavy Blade+1","floor":21},{"not_picked":["Warcry","Combust"],"picked":"Shrug It Off","floor":22},{"not_picked":["Defy Death","Dark Embrace","Anger"],"picked":"SKIP","floor":24},{"not_picked":["ReplayTheSpireMod:Strike From Hell+1","Havoc","Thunderclap"],"picked":"SKIP","floor":28},{"not_picked":["Warcry","Havoc","Abandon"],"picked":"SKIP","floor":31},{"not_picked":["Combust","Rupture","Sever Soul"],"picked":"SKIP","floor":35},{"not_picked":["Life Link","Abandon"],"picked":"Perfected Strike","floor":37},{"not_picked":["Body Slam","Armaments"],"picked":"Shockwave","floor":39},{"not_picked":["Burning Pact","Rupture"],"picked":"Replay:Many Hands","floor":41},{"not_picked":["Pommel Strike","Wild Strike"],"picked":"Iron Wave","floor":44},{"not_picked":["Havoc","Anger"],"picked":"True Grit+1","floor":45},{"not_picked":["Heavy Blade","Evolve+1"],"picked":"ReplayTheSpireMod:Muscle Training","floor":48}],"player_experience":668438,"relics_obtained":[{"floor":5,"key":"Ring of Fury"},{"floor":9,"key":"Pen Nib"},{"floor":10,"key":"Gremlin Horn"},{"floor":13,"key":"Pet Ghost"},{"floor":24,"key":"StrikeDummy"},{"floor":24,"key":"ReplayTheSpireMod:Spearhead"},{"floor":26,"key":"ReplayTheSpireMod:Lightbulb"},{"floor":28,"key":"Nunchaku"},{"floor":28,"key":"Centennial Puzzle"},{"floor":30,"key":"War Paint"},{"floor":41,"key":"Blue Doll"},{"floor":41,"key":"ReplayTheSpireMod:TigerMarble"},{"floor":43,"key":"MawBank"},{"floor":48,"key":"Frozen Egg 2"},{"floor":48,"key":"Bottled Tornado"}],"event_choices":[{"damage_healed":0,"gold_gain":0,"player_choice":"Upgraded","damage_taken":0,"max_hp_gain":0,"max_hp_loss":0,"event_name":"Upgrade Shrine","floor":2,"gold_loss":0,"cards_upgraded":["Bash"]},{"damage_healed":0,"gold_gain":0,"player_choice":"Leave","damage_taken":0,"max_hp_gain":0,"max_hp_loss":0,"event_name":"The Cleric","floor":12,"gold_loss":0},{"damage_healed":0,"gold_gain":0,"player_choice":"Ignored","damage_taken":0,"max_hp_gain":0,"max_hp_loss":0,"event_name":"Ghosts","floor":19,"gold_loss":0},{"damage_healed":0,"gold_gain":75,"player_choice":"Touch","damage_taken":8,"max_hp_gain":0,"max_hp_loss":0,"event_name":"FaceTrader","floor":25,"gold_loss":0},{"damage_healed":0,"gold_gain":0,"player_choice":"Paid Gold","damage_taken":0,"relics_obtained":["Champion Belt"],"max_hp_gain":0,"max_hp_loss":0,"event_name":"WeMeetAgain","floor":36,"gold_loss":77},{"damage_healed":0,"gold_gain":0,"player_choice":"Embrace Madness","damage_taken":10,"max_hp_gain":0,"max_hp_loss":0,"event_name":"Winding Halls","floor":47,"gold_loss":0,"cards_obtained":["Madness","Madness"]}],"is_beta":false,"boss_relics":[{"not_picked":["Electric Blood","Painkiller Herb"],"picked":"Black Star"},{"not_picked":["Honey Jar","Fusion Hammer"],"picked":"Mark of Pain"}],"items_purged_floors":[8],"is_endless":false,"potions_floor_spawned":[1,7,13,14,22,24,31,39,41,44,48],"killed_by":"Replay:Hell Engine","ascension_level":12}}