{"host":"e4udrxcgdvpx3wcj","time":1613373015,"event":{"mods":["Act Like it!","Aspiration","Astrologer","BaseMod","Gensokyo","Highlight Path","Infinite Spire","Koishi","Marisa????????","Minty Spire (QoL Compilation)","Replay The Spire","StSLib","SuperFastMode","The Bug Knight","The Construct","The Jungle","The Runesmith","The Servant 0.9.4","TheBandit"],"gold_per_floor":[115,115,115,115,134,167,167,201,201,201,234,234,253,282,282,385,385,398,398,412,412,426,452,452,452,452,452],"floor_reached":25,"language":"ENG","playtime":1634,"items_purged":[],"score":395,"play_id":"26434143-1ffc-4ff6-828a-26c8c162e80c","local_time":"20210215021015","is_ascension_mode":true,"campfire_choices":[{"data":"wariomod:DiceyMove","floor":7.0,"key":"SMITH"},{"data":"wariomod:GreaterGuard","floor":10.0,"key":"SMITH"},{"floor":15.0,"key":"DIG"},{"floor":24.0,"key":"REST"}],"circlet_count":0,"master_deck":["AscendersBane","wariomod:Strike","wariomod:Strike","wariomod:Strike","wariomod:Strike","wariomod:Defend","wariomod:Defend","wariomod:Defend","wariomod:Defend","wariomod:Step","wariomod:Leap","wariomod:BumRush","wariomod:DiceyMove+1","wariomod:GreaterGuard+1","wariomod:DiceyMove","wariomod:Leapslam","wariomod:GodlyGift","wariomod:ForbiddenMagic","wariomod:DropBash","wariomod:DeepDig","infinitespire:TheBestDefense","wariomod:SimpleShield","wariomod:FabulousPrizes"],"relics":["wariomod:SuperHat","Ginger","Blue Doll","Akabeko","infinitespire:BottledMercury","Turnip","infinitespire:Golems Mask","MealTicket","ReplayTheSpireMod:Lightbulb","Centennial Puzzle"],"acts_visited":["Exordium","TheCity"],"potions_floor_usage":[25],"damage_taken":[{"damage":6.0,"enemies":"Small Slimes","floor":1.0,"turns":3.0},{"damage":3.0,"enemies":"Jaw Worm","floor":5.0,"turns":3.0},{"damage":2.0,"enemies":"3 Sentries","floor":6.0,"turns":3.0},{"damage":9.0,"enemies":"Lagavulin","floor":8.0,"turns":10.0},{"damage":4.0,"enemies":"3 Sentries","floor":11.0,"turns":4.0},{"damage":0.0,"enemies":"Cultist","floor":13.0,"turns":3.0},{"damage":26.0,"enemies":"Lagavulin","floor":14.0,"turns":7.0},{"damage":18.0,"enemies":"The Guardian","floor":16.0,"turns":11.0},{"damage":13.0,"enemies":"Shell Parasite","floor":18.0,"turns":6.0},{"damage":0.0,"enemies":"Chosen","floor":20.0,"turns":5.0},{"damage":15.0,"enemies":"Snecko","floor":22.0,"turns":7.0},{"damage":10.0,"enemies":"Gremlin Leader","floor":23.0,"turns":8.0},{"damage":45,"enemies":"Book of Stabbing","floor":25,"turns":5}],"seed_played":"6271636223071407386","potions_obtained":[{"floor":4.0,"key":"GamblersBrew"},{"floor":4.0,"key":"BlessingOfTheForge"},{"floor":5.0,"key":"Reflective Coating"},{"floor":6.0,"key":"Explosive Potion"},{"floor":13.0,"key":"Explosive Potion"},{"floor":16.0,"key":"ColorlessPotion"},{"floor":18.0,"key":"Adrenaline Potion"},{"floor":23.0,"key":"Elixir"}],"is_trial":false,"path_per_floor":["M","?","?","?","M","E","R","E","T","R","E","?","M","E","R","B",null,"M","?","M","?","M","E","R","E"],"character_chosen":"THE_BANDIT","items_purchased":[],"campfire_rested":1,"item_purchase_floors":[],"current_hp_per_floor":[66,71,71,71,68,66,66,57,57,57,53,85,85,59,59,41,74,61,61,61,40,25,15,40,0,0,0],"gold":452,"neow_bonus":"ONE_RARE_RELIC","is_daily":false,"chose_seed":false,"campfire_upgraded":2,"win_rate":0.0,"timestamp":1613373015,"path_taken":["M","?","?","?","?","E","R","E","T","R","E","?","M","E","R","BOSS","M","?","?","?","M","E","R","E"],"items_purchased_type":[],"build_version":"2020-12-22","purchased_purges":0,"victory":false,"max_hp_per_floor":[80,85,85,85,85,85,85,85,85,85,85,85,85,85,85,85,85,85,85,85,85,85,85,85,85,85,85],"card_choices":[{"not_picked":["wariomod:Boomsmack","wariomod:TheGrandJourney"],"picked":"wariomod:BumRush","floor":1.0},{"not_picked":["wariomod:SmackSlam","wariomod:Boomsmack"],"picked":"wariomod:DiceyMove","floor":5.0},{"not_picked":["wariomod:BodyBlock","wariomod:SpikeSlash"],"picked":"wariomod:GreaterGuard","floor":6.0},{"not_picked":["wariomod:BoomBoom","wariomod:SmallSprint"],"picked":"wariomod:GreaterGuard","floor":8.0},{"not_picked":["wariomod:HastyRush","wariomod:DeepDig"],"picked":"wariomod:DiceyMove","floor":11.0},{"not_picked":["wariomod:BodyBlock","wariomod:BlastDash"],"picked":"wariomod:Leapslam","floor":13.0},{"not_picked":["wariomod:Bombtime","wariomod:DropBash"],"picked":"wariomod:GodlyGift","floor":14.0},{"not_picked":["wariomod:PoisonBombs","wariomod:AbandonGame"],"picked":"wariomod:ForbiddenMagic","floor":16.0},{"not_picked":["wariomod:BoomBoom","wariomod:ChargeForth"],"picked":"wariomod:DropBash","floor":18.0},{"not_picked":["wariomod:TheGrandJourney","wariomod:ChargeForth"],"picked":"wariomod:DeepDig","floor":20.0},{"not_picked":["infinitespire:NeuralNetwork","infinitespire:DeathsTouch"],"picked":"infinitespire:TheBestDefense","floor":21.0},{"not_picked":["wariomod:Game","wariomod:DanceDash"],"picked":"wariomod:SimpleShield","floor":22.0},{"not_picked":["wariomod:ThatsNotAll","wariomod:PayItForwards"],"picked":"wariomod:FabulousPrizes","floor":23.0}],"player_experience":2397253,"relics_obtained":[{"floor":6.0,"key":"Blue Doll"},{"floor":8.0,"key":"Akabeko"},{"floor":9.0,"key":"infinitespire:BottledMercury"},{"floor":11.0,"key":"Turnip"},{"floor":14.0,"key":"infinitespire:Golems Mask"},{"floor":15.0,"key":"MealTicket"},{"floor":23.0,"key":"Centennial Puzzle"}],"event_choices":[{"damage_healed":0.0,"max_hp_gain":5.0,"max_hp_loss":0.0,"gold_gain":0.0,"event_name":"Big Fish","player_choice":"Donut","floor":2.0,"gold_loss":0.0,"damage_taken":0.0},{"cards_removed":["Regret"],"damage_healed":0.0,"max_hp_gain":0.0,"max_hp_loss":0.0,"gold_gain":0.0,"event_name":"Living Wall","player_choice":"Forget","floor":3.0,"gold_loss":0.0,"damage_taken":0.0},{"damage_healed":0.0,"max_hp_gain":0.0,"max_hp_loss":0.0,"gold_gain":0.0,"event_name":"Lab","player_choice":"Got Potions","floor":4.0,"gold_loss":0.0,"damage_taken":0.0},{"cards_removed":["wariomod:GreaterGuard"],"damage_healed":32.0,"max_hp_gain":0.0,"max_hp_loss":0.0,"gold_gain":0.0,"event_name":"Bonfire Elementals","player_choice":"Offered Uncommon","floor":12.0,"gold_loss":0.0,"damage_taken":0.0}],"is_beta":false,"boss_relics":[{"not_picked":["aspiration:MobileForge","Replay:Wanted Poster"],"picked":"wariomod:SuperHat"}],"items_purged_floors":[],"is_endless":false,"potions_floor_spawned":[5,6,13,16,18,23],"killed_by":"Book of Stabbing","ascension_level":12}}