{"host":"e8062yfkmywf26f0","time":1613414061,"event":{"mods":["AchievementEnabler","BaseMod","Colored Map","Minty Spire (QoL Compilation)","Quick Restart","Shop Mod","StSLib"],"gold_per_floor":[115,128,128,128,141,141,169,169,193,206,216,229,245,245,245,245,245],"floor_reached":16,"language":"ENG","playtime":926,"items_purged":[],"score":129,"play_id":"f43a37fd-fad1-473a-b8ab-b13b84953aa4","local_time":"20210215183421","is_ascension_mode":false,"campfire_choices":[{"data":"Poisoned Stab","floor":6,"key":"SMITH"},{"floor":8,"key":"REST"},{"floor":15,"key":"REST"}],"circlet_count":0,"master_deck":["Strike_G","Strike_G","Strike_G","Strike_G","Strike_G","Defend_G","Defend_G","Defend_G","Defend_G","Defend_G","Survivor","Neutralize","Deep Breath","Deadly Poison","Poisoned Stab+1","Deadly Poison","Blade Dance","Corpse Explosion","Heel Hook","Well Laid Plans+1"],"relics":["Ring of the Snake","Du-Vu Doll","White Beast Statue","Centennial Puzzle","Regal Pillow"],"acts_visited":["Exordium"],"potions_floor_usage":[16,16],"damage_taken":[{"damage":4,"enemies":"Cultist","floor":1,"turns":5},{"damage":0,"enemies":"Small Slimes","floor":2,"turns":3},{"damage":0,"enemies":"Jaw Worm","floor":5,"turns":4},{"damage":29,"enemies":"Lagavulin","floor":7,"turns":6},{"damage":10,"enemies":"Looter","floor":10,"turns":2},{"damage":15,"enemies":"3 Louse","floor":11,"turns":3},{"damage":8,"enemies":"Exordium Thugs","floor":12,"turns":3},{"damage":9,"enemies":"Red Slaver","floor":13,"turns":3},{"damage":51,"enemies":"Hexaghost","floor":16,"turns":9}],"seed_played":"6015919686892673782","potions_obtained":[{"floor":1,"key":"Regen Potion"},{"floor":5,"key":"FearPotion"},{"floor":7,"key":"DistilledChaos"}],"is_trial":false,"path_per_floor":["M","M","T","?","M","R","E","R","T","M","M","M","M","?","R","B"],"character_chosen":"THE_SILENT","items_purchased":[],"campfire_rested":2,"item_purchase_floors":[],"current_hp_per_floor":[66,66,66,59,59,59,30,51,51,41,26,18,9,9,45,0,0],"gold":245,"neow_bonus":"RANDOM_COLORLESS","is_daily":false,"chose_seed":false,"campfire_upgraded":1,"win_rate":0.0,"timestamp":1613414061,"path_taken":["M","M","?","?","?","R","E","R","T","M","M","M","M","?","R","BOSS"],"items_purchased_type":[],"build_version":"2020-12-22","purchased_purges":0,"victory":false,"max_hp_per_floor":[70,70,70,70,70,70,70,70,70,70,70,70,70,70,70,70,70],"card_choices":[{"not_picked":["Madness","Swift Strike"],"picked":"Deep Breath","floor":0},{"not_picked":["Acrobatics","Underhanded Strike"],"picked":"Deadly Poison","floor":1},{"not_picked":["Slice","Deflect"],"picked":"Poisoned Stab","floor":2},{"not_picked":["Leg Sweep","Prepared"],"picked":"Deadly Poison","floor":5},{"not_picked":["Acrobatics","Poisoned Stab"],"picked":"Blade Dance","floor":7},{"not_picked":["Underhanded Strike","Choke"],"picked":"Corpse Explosion","floor":10},{"not_picked":["Dash","Underhanded Strike","Predator"],"picked":"SKIP","floor":11},{"not_picked":["Prepared","Dodge and Roll"],"picked":"Heel Hook","floor":12},{"not_picked":["Prepared","Tactician"],"picked":"Well Laid Plans","floor":13}],"player_experience":102473,"relics_obtained":[{"floor":3,"key":"Du-Vu Doll"},{"floor":7,"key":"Centennial Puzzle"},{"floor":9,"key":"Regal Pillow"}],"event_choices":[{"damage_healed":0,"gold_gain":0,"player_choice":"Success","damage_taken":7,"relics_obtained":["White Beast Statue"],"max_hp_gain":0,"max_hp_loss":0,"event_name":"Scrap Ooze","floor":4,"gold_loss":0},{"damage_healed":0,"gold_gain":0,"player_choice":"Grow","damage_taken":0,"max_hp_gain":0,"max_hp_loss":0,"event_name":"Living Wall","floor":14,"gold_loss":0,"cards_upgraded":["Well Laid Plans"]}],"is_beta":false,"boss_relics":[],"items_purged_floors":[],"is_endless":false,"potions_floor_spawned":[1,5,7,10,11,12,13],"killed_by":"Hexaghost","ascension_level":0}}