{"host":"hpn0uxah5qjr7pa6","time":1613351480,"event":{"mods":["2.2 Compatiblity","Act Like it!","Aspiration","BaseMod","Better Third Choice","BetterRewards","Challenge The Spire","Colored Powertips","Conspire","DeckTracker","Downfall","Energized Spire","Hallownest","Hermit","Highlight Path","Hubris","Infinite Spire","Minty Spire (QoL Compilation)","Permanent Neow","Quick Restart","Rare Cards Sparkle","Replay The Spire","Spicy Shops","StSLib","The Bug Knight","The Jungle"],"gold_per_floor":[212,66,84,98,98,123,123,153,180,180,180,199,199,213,213,313,313,333,320,320,235,235,264,264,264,264,284,284,284,284,284,284],"floor_reached":30,"language":"ENG","playtime":1102,"items_purged":[],"score":374,"play_id":"4d645c19-ee33-4020-ac57-255931354784","local_time":"20210214171120","is_ascension_mode":true,"campfire_choices":[{"floor":7,"key":"REST"},{"data":"bronze:Frontload","floor":10,"key":"SMITH"},{"data":"bronze:NullPointer","floor":13,"key":"SMITH"},{"data":"bronze:OilSpill","floor":15,"key":"SMITH"},{"floor":25,"key":"REST"},{"floor":28,"key":"REST"}],"circlet_count":0,"master_deck":["bronze:Strike","bronze:Strike","bronze:Strike","bronze:Strike","bronze:Defend","bronze:Defend","bronze:Defend","bronze:Defend","bronze:Replicate","bronze:Goto","bronze:OilSpill","bronze:Frontload+1","bronze:Repair","bronze:Branch","bronze:NullPointer+1","bronze:OilSpill+1","bronze:BronzeOrb","hubris:Fate"],"relics":["bronze:BronzeCore","Orrery","infinitespire:CheckeredPen","Pantograph","Happy Flower","aspiration:FutureDiary","Tiny Chest","Bottled Flame","hubris:KleinBottle"],"acts_visited":["Exordium","TheCity"],"potions_floor_usage":[6,6,16,23,24],"damage_taken":[{"damage":8,"enemies":"2 Louse","floor":1,"turns":3},{"damage":1,"enemies":"conspire:RoseBush","floor":3,"turns":3},{"damage":0,"enemies":"Jaw Worm","floor":4,"turns":2},{"damage":25,"enemies":"HollowMod:MossKnight","floor":6,"turns":9},{"damage":3,"enemies":"Lagavulin","floor":8,"turns":6},{"damage":0,"enemies":"Exordium Wildlife","floor":12,"turns":2},{"damage":0,"enemies":"conspire:2 RoseBushes","floor":14,"turns":5},{"damage":7,"enemies":"The Guardian","floor":16,"turns":10},{"damage":0,"enemies":"conspire:FuzzyDice","floor":18,"turns":5},{"damage":0,"enemies":"2 Thieves","floor":19,"turns":4},{"damage":29,"enemies":"Book of Stabbing","floor":23,"turns":6},{"damage":0,"enemies":"Sentry and Sphere","floor":24,"turns":3},{"damage":28,"enemies":"Cultist and Chosen","floor":27,"turns":7},{"damage":49,"enemies":"Slavers","floor":30,"turns":3}],"seed_played":"50136376553556095","potions_obtained":[{"floor":3,"key":"SneckoOil"},{"floor":4,"key":"LiquidBronze"},{"floor":12,"key":"GamblersBrew"},{"floor":18,"key":"Explosive Potion"},{"floor":19,"key":"Strength Potion"},{"floor":23,"key":"SmokeBomb"}],"is_trial":false,"path_per_floor":["M","$","M","M","$","E","R","E","T","R","?","M","R","M","R","B",null,"M","M","?","$","?","E","M","R","T","M","R","$","E"],"character_chosen":"THE_AUTOMATON","items_purchased":["Orrery","bronze:BronzeOrb","hubris:KleinBottle"],"campfire_rested":3,"item_purchase_floors":[2,21,29],"current_hp_per_floor":[55,55,61,61,61,43,64,67,67,67,67,67,67,70,70,70,70,70,70,70,70,70,48,48,69,69,42,63,44,0,0,0],"gold":284,"neow_bonus":"HUNDRED_GOLD","is_daily":false,"chose_seed":false,"campfire_upgraded":3,"win_rate":0.0,"timestamp":1613351480,"path_taken":["M","$","M","M","$","E","R","E","T","R","?","M","R","M","R","BOSS","M","M","?","$","?","E","M","R","T","M","R","?","E"],"items_purchased_type":["Relic","Card","Relic"],"build_version":"2020-12-22","purchased_purges":0,"victory":false,"max_hp_per_floor":[70,70,70,70,70,70,70,70,70,70,70,70,70,70,70,70,70,70,70,70,70,70,70,70,70,70,70,70,70,70,70,70],"card_choices":[{"not_picked":["bronze:Turbo","bronze:Shell","bronze:DelayedGuard"],"picked":"SKIP","floor":1},{"not_picked":["bronze:Constructor","bronze:Iterate"],"picked":"bronze:OilSpill","floor":2},{"not_picked":["bronze:ChildClass","bronze:RecursiveStrike"],"picked":"bronze:Frontload","floor":2},{"not_picked":["bronze:Shell","bronze:FineTuning"],"picked":"bronze:Repair","floor":2},{"not_picked":["bronze:Separator","bronze:RecursiveStrike"],"picked":"bronze:Branch","floor":2},{"not_picked":["bronze:InfiniteBeams","bronze:FineTuning"],"picked":"bronze:WildBeam","floor":2},{"not_picked":["bronze:ForceShield","bronze:Turbo","bronze:Shield"],"picked":"SKIP","floor":3},{"not_picked":["bronze:ChildClass","bronze:Return","bronze:WhirlingStrike"],"picked":"SKIP","floor":4},{"not_picked":["bronze:InfiniteBeams","bronze:FineTuning","bronze:ClassDefault"],"picked":"SKIP","floor":6},{"not_picked":["bronze:DelayedGuard","bronze:CutThrough","bronze:Turbo"],"picked":"SKIP","floor":8},{"not_picked":["bronze:Invalidate","bronze:Overheat","bronze:Shield"],"picked":"SKIP","floor":12},{"not_picked":["bronze:Overheat","bronze:Separator"],"picked":"bronze:OilSpill","floor":14},{"not_picked":["bronze:ItsAFeature","bronze:Iterate","bronze:Overload"],"picked":"SKIP","floor":18},{"not_picked":["bronze:FineTuning","bronze:Shield","bronze:BuggyMess+1"],"picked":"SKIP","floor":19},{"not_picked":["bronze:DelayedGuard","bronze:DarkDash","bronze:Return+1"],"picked":"SKIP","floor":23},{"not_picked":["bronze:DarkDash","bronze:DelayedSlice","bronze:BuggyMess+1"],"picked":"SKIP","floor":27},{"not_picked":["ReplayTheSpireMod:Book of Names","ReplayTheSpireMod:Chaos Vortex"],"picked":"hubris:Fate","floor":29}],"player_experience":246548,"relics_obtained":[{"floor":6,"key":"infinitespire:CheckeredPen"},{"floor":8,"key":"Pantograph"},{"floor":9,"key":"Happy Flower"},{"floor":23,"key":"Tiny Chest"},{"floor":26,"key":"Bottled Flame"}],"event_choices":[{"damage_healed":0,"gold_gain":0,"player_choice":"Ignored","damage_taken":0,"max_hp_gain":0,"max_hp_loss":0,"event_name":"Ghosts","floor":20,"gold_loss":0}],"is_beta":false,"boss_relics":[{"not_picked":["Sozu","ReplayTheSpireMod:Onyx Gauntlets"],"picked":"aspiration:FutureDiary"}],"items_purged_floors":[],"is_endless":false,"potions_floor_spawned":[3,4,12,18,19,23],"killed_by":"Slavers","ascension_level":9}}