{"host":"1mv6gj0zv8k9e9tz","time":1613358864,"event":{"mods":["AchievementEnabler","BaseMod","Better Third Choice","Colored Map","DeckTracker","Highlight Path","KOR Keyword Fix","Keyboard Shortcuts","Minty Spire (QoL Compilation)","Permanent Neow","Quick Restart","Rare Cards Sparkle","StSLib","SuperFastMode","everything is the same but u backflip on backflip"],"gold_per_floor":[118,67,142,142,161,161,193,193,262,282,314,314,73,101,101,175,175,190,201,221,221,221],"floor_reached":21,"language":"KOR","playtime":450,"items_purged":["Defend_B"],"score":482,"play_id":"b03c1a5a-962d-4080-808a-46eb03c1943b","local_time":"20210215121424","is_ascension_mode":true,"campfire_choices":[{"data":"Lockon","floor":6.0,"key":"SMITH"},{"data":"Dualcast","floor":8.0,"key":"SMITH"},{"data":"Zap","floor":15.0,"key":"SMITH"}],"circlet_count":0,"master_deck":["AscendersBane","Strike_B","Strike_B","Strike_B","Defend_B","Defend_B","Defend_B","Zap+1","Dualcast+1","Self Repair","Coolheaded","Lockon+1","Ball Lightning","Coolheaded","Core Surge","Defragment","Tempest"],"relics":["Cracked Core","NeowsBlessing","Mango","Juzu Bracelet","Potion Belt","Dream Catcher","SacredBark"],"acts_visited":["Exordium","TheCity"],"potions_floor_usage":[21],"damage_taken":[{"damage":0.0,"enemies":"Jaw Worm","floor":1.0,"turns":1.0},{"damage":0.0,"enemies":"Small Slimes","floor":5.0,"turns":1.0},{"damage":0.0,"enemies":"Gremlin Nob","floor":7.0,"turns":1.0},{"damage":6.0,"enemies":"Cultist","floor":10.0,"turns":3.0},{"damage":16.0,"enemies":"3 Sentries","floor":11.0,"turns":7.0},{"damage":0.0,"enemies":"Gremlin Nob","floor":14.0,"turns":2.0},{"damage":41.0,"enemies":"The Guardian","floor":16.0,"turns":10.0},{"damage":15.0,"enemies":"Spheric Guardian","floor":18.0,"turns":4.0},{"damage":31.0,"enemies":"Shell Parasite","floor":19.0,"turns":5.0},{"damage":14.0,"enemies":"Shelled Parasite and Fungi","floor":20.0,"turns":3.0},{"damage":44,"enemies":"Centurion and Healer","floor":21,"turns":5}],"seed_played":"-5751544103905923582","potions_obtained":[{"floor":10.0,"key":"BlessingOfTheForge"},{"floor":11.0,"key":"AttackPotion"},{"floor":14.0,"key":"BlessingOfTheForge"},{"floor":16.0,"key":"Energy Potion"},{"floor":19.0,"key":"Explosive Potion"}],"is_trial":false,"path_per_floor":["M","$","?","?","M","R","E","R","T","M","E","$","$","E","R","B",null,"M","M","M","M"],"character_chosen":"DEFECT","items_purchased":["Coolheaded","Potion Belt"],"campfire_rested":0,"item_purchase_floors":[2,13],"current_hp_per_floor":[64,64,53,53,60,60,81,81,81,82,76,76,76,83,83,49,76,68,44,37,0,0],"gold":221,"neow_bonus":"THREE_ENEMY_KILL","is_daily":false,"chose_seed":false,"campfire_upgraded":3,"win_rate":0.0,"timestamp":1613358864,"path_taken":["M","$","?","?","M","R","E","R","T","M","E","?","$","E","R","BOSS","M","M","M","M"],"items_purchased_type":["Card","Relic"],"build_version":"2020-12-22","purchased_purges":1,"victory":false,"max_hp_per_floor":[71,71,71,71,71,71,85,85,85,85,85,85,85,85,85,85,85,85,85,85,85,85],"card_choices":[{"not_picked":["Cold Snap","Hologram"],"picked":"Self Repair","floor":1.0},{"not_picked":["Leap","Self Repair","Auto Shields"],"picked":"SKIP","floor":5.0},{"not_picked":["BootSequence","Steam"],"picked":"Ball Lightning","floor":7.0},{"not_picked":["Rip and Tear","Go for the Eyes"],"picked":"Coolheaded","floor":10.0},{"not_picked":["Undo","Barrage","Auto Shields"],"picked":"SKIP","floor":11.0},{"not_picked":["Turbo","Cold Snap","Beam Cell"],"picked":"SKIP","floor":14.0},{"not_picked":["Reboot","Amplify"],"picked":"Core Surge","floor":16.0},{"not_picked":["Sweeping Beam","Self Repair"],"picked":"Defragment","floor":18.0},{"not_picked":["Aggregate","Ball Lightning"],"picked":"Tempest","floor":19.0},{"not_picked":["Aggregate","Undo","Streamline"],"picked":"SKIP","floor":20.0}],"player_experience":649535,"relics_obtained":[{"floor":7.0,"key":"Mango"},{"floor":11.0,"key":"Juzu Bracelet"},{"floor":14.0,"key":"Dream Catcher"}],"event_choices":[{"damage_healed":0.0,"max_hp_gain":0.0,"max_hp_loss":0.0,"gold_gain":75.0,"event_name":"betterThird:BetterGoop","player_choice":"Gold","floor":3.0,"gold_loss":0.0,"damage_taken":11.0},{"damage_healed":0.0,"max_hp_gain":0.0,"max_hp_loss":0.0,"gold_gain":0.0,"cards_transformed":["Strike_B"],"event_name":"Living Wall","player_choice":"Change","floor":4.0,"gold_loss":0.0,"damage_taken":0.0,"cards_obtained":["Lockon"]}],"is_beta":false,"boss_relics":[{"not_picked":["Astrolabe","Runic Dome"],"picked":"SacredBark"}],"items_purged_floors":[13],"is_endless":false,"potions_floor_spawned":[10,11,14,16,19],"killed_by":"Centurion and Healer","ascension_level":19}}