{"host":"y4fuci1jk2rsxnep","time":1613429473,"event":{"mods":["AchievementEnabler","BaseMod","Colored Powertips","Custom Start","Defuse TimeMaze Blight","Dio Mod","Downfall","Hermit","Hero for Fun","Hubris","Hunter ??","Infinite Spire","Minty Spire (QoL Compilation)","Quick Restart","Reliquary","Remove Card Discount Mod","Replay The Spire","StSLib","The Blackbeard","The Bug Knight","The Mystic","The Runesmith"],"gold_per_floor":[119,119,119,199,215,248,273,273,273,295,295,434,408,339,339,571,671,681,634,665,665,671,671],"floor_reached":22,"language":"ENG","playtime":2344,"items_purged":[],"score":221,"play_id":"cea64e4e-ebe5-4931-916e-7a1e94652fac","local_time":"20210215235113","is_ascension_mode":false,"campfire_choices":[{"data":"Bite","floor":8,"key":"SMITH"},{"data":"dioMod:SadisticLaugh","floor":15,"key":"SMITH"}],"circlet_count":0,"master_deck":["dioMod:Strike","dioMod:Strike","dioMod:Strike","dioMod:Strike","Bite+1","dioMod:Defend","dioMod:Defend","dioMod:Defend","dioMod:Defend","dioMod:HeavyLifting","dioMod:Freeze","dioMod:Muda","dioMod:WRYYY","dioMod:SadisticLaugh+1","hermit:GhostlyPresence","dioMod:BloodSplash","dioMod:CutDeep","CurseOfTheBell"],"relics":["dioMod:VampireBlood","NeowsBlessing","Golden Idol","reliquary:Spinner","Strawberry","infinitespire:Midas Blood","hubris:Icosahedron","Simple Rune","Replay:Grab Bag","Replay:Wanted Poster","bronze:MakeshiftBattery","Calling Bell","ReplayFunnel","Quantum Egg","Incense Burner","Fusion Hammer"],"acts_visited":["Exordium","TheCity"],"potions_floor_usage":[12,18],"damage_taken":[{"damage":0,"enemies":"Small Slimes","floor":1,"turns":1},{"damage":0,"enemies":"2 Louse","floor":5,"turns":1},{"damage":0,"enemies":"3 Sentries","floor":6,"turns":2},{"damage":2,"enemies":"Jaw Worm","floor":7,"turns":4},{"damage":6,"enemies":"Red Slaver","floor":10,"turns":6},{"damage":25,"enemies":"Gremlin Nob","floor":12,"turns":6},{"damage":18,"enemies":"Exordium Thugs","floor":13,"turns":6},{"damage":38,"enemies":"Fading Forest","floor":16,"turns":11},{"damage":23,"enemies":"Spheric Guardian","floor":18,"turns":7},{"damage":19,"enemies":"2 Thieves","floor":19,"turns":5},{"damage":31,"enemies":"Snecko","floor":20,"turns":17},{"damage":15,"enemies":"3 Cultists","floor":22,"turns":4}],"seed_played":"-1118422969400805104","potions_obtained":[{"floor":4,"key":"EssenceOfSteel"},{"floor":5,"key":"Energy Potion"},{"floor":6,"key":"Flashbang"},{"floor":12,"key":"SmokeBomb"}],"is_trial":false,"path_per_floor":["M","?","$","?","M","E","M","R","T","M","?","E","M","$","R","B",null,"M","M","M","AVR","M"],"character_chosen":"THE_DEFAULT","items_purchased":["dioMod:CutDeep"],"campfire_rested":0,"item_purchase_floors":[14],"current_hp_per_floor":[75,57,57,39,45,63,68,68,68,71,71,58,52,52,52,35,82,62,49,27,27,15,15],"gold":671,"neow_bonus":"THREE_ENEMY_KILL","is_daily":false,"chose_seed":false,"campfire_upgraded":2,"win_rate":0.0,"timestamp":1613429473,"path_taken":["M","?","$","?","M","E","M","R","T","M","?","E","?","?","R","BOSS","M","M","M","AVR","?"],"items_purchased_type":["Card"],"build_version":"2020-12-22","purchased_purges":0,"victory":false,"max_hp_per_floor":[75,75,75,75,75,82,82,82,82,82,82,82,82,82,82,82,82,82,82,82,82,82,82],"card_choices":[{"not_picked":["hermit:Roulette","dioMod:Hiss"],"picked":"dioMod:HeavyLifting","floor":1},{"not_picked":["dioMod:CautiousMuda","hermit:FullyLoaded"],"picked":"dioMod:Freeze","floor":4},{"not_picked":["dioMod:DominatingPresence","hermit:Dive"],"picked":"dioMod:Muda","floor":4},{"not_picked":["hermit:Dive","hermit:ShadowCloak","dioMod:BloodSplash"],"picked":"SKIP","floor":5},{"not_picked":["hermit:Deadeye","hermit:Dive","hermit:HoleUp"],"picked":"SKIP","floor":6},{"not_picked":["hermit:BigShot","dioMod:Despair"],"picked":"dioMod:WRYYY","floor":7},{"not_picked":["hermit:Dive","hermit:Enervate"],"picked":"dioMod:SadisticLaugh","floor":10},{"not_picked":["dioMod:Roundabout","hermit:Manifest"],"picked":"hermit:GhostlyPresence","floor":12},{"not_picked":["dioMod:DisarmingVoice","hermit:Ricochet"],"picked":"dioMod:BloodSplash","floor":13},{"not_picked":["hermit:NoHoldsBarred","dioMod:Muda","hermit:Desperado"],"picked":"SKIP","floor":19},{"not_picked":["hermit:Brawl+1","hermit:OverwhelmingPower","dioMod:WRYYY"],"picked":"SKIP","floor":20}],"player_experience":601705,"relics_obtained":[{"floor":4,"key":"reliquary:Spinner"},{"floor":6,"key":"Strawberry"},{"floor":9,"key":"infinitespire:Midas Blood"},{"floor":12,"key":"Simple Rune"},{"floor":17,"key":"ReplayFunnel"},{"floor":17,"key":"Quantum Egg"},{"floor":17,"key":"Incense Burner"}],"event_choices":[{"damage_healed":0,"gold_gain":0,"player_choice":"Take Damage","damage_taken":18,"relics_obtained":["Golden Idol"],"max_hp_gain":0,"max_hp_loss":0,"event_name":"Golden Idol","floor":2,"gold_loss":0}],"is_beta":false,"boss_relics":[{"not_picked":["reliquary:Craggleroot","Sozu"],"picked":"Replay:Grab Bag"},{"not_picked":["dioMod:JoestarBlood","hubris:RunicObelisk"],"picked":"Replay:Wanted Poster"},{"not_picked":["reliquary:RedCape","Runic Dome"],"picked":"bronze:MakeshiftBattery"},{"not_picked":["ReplayTheSpireMod:SealedPack","Empty Cage"],"picked":"Calling Bell"}],"items_purged_floors":[],"is_endless":false,"potions_floor_spawned":[5,6,12,18],"killed_by":"3 Cultists","ascension_level":0}}