{"host":"oq9vgnvl0fi8z8ha","time":1613403393,"event":{"mods":["BaseMod","Block Reminder","ChefMod","Curses Come First","Evolution","Fox Events","Highlight Path","Minty Spire (QoL Compilation)","Relic Stats","Smile Girya","StSLib","The Bug Knight","The Runesmith","Treasure Hunter","Unceasing Turn Reminder"],"gold_per_floor":[113,113,131,131,11,11,36,48,48,79,79,111,129,148,148,250,250,267,267,4,15,31,69,82,82,82,181,210,210,226,243,243,250,250],"floor_reached":33,"language":"ENG","playtime":2754,"items_purged":[],"score":428,"play_id":"9911c850-eb05-4f2b-8745-6389b6602d76","local_time":"20210215083633","is_ascension_mode":true,"campfire_choices":[{"data":"Armaments","floor":6,"key":"SMITH"},{"floor":15,"key":"REST"},{"floor":25,"key":"REST"},{"floor":29,"key":"REST"},{"floor":32,"key":"REST"}],"circlet_count":0,"master_deck":["Strike_R","Strike_R","Strike_R","Strike_R","Strike_R","Defend_R","Defend_R","Defend_R","Defend_R","Bash","Armaments+1","Whirlwind","Rage","Body Slam","Headbutt","Shrug It Off","TH:DeckOfManyThings","TH:CopperCoins","Pommel Strike","Parasite","TH:Mimic","Sentinel","Iron Wave","Perfected Strike","TH:TreasureMap","Demon Form","Heavy Blade","Entrench","Spot Weakness","Shrug It Off+1","Perfected Strike","TH:BikiniMail","Hemokinesis","Inflame","Decay","TH:CopperCoins","TH:CopperCoins","Infernal Blade+1","Clothesline+1","Rupture+1"],"relics":["Burning Blood","EVO:Axolotl","Darkstone Periapt","Oddly Smooth Stone","Gremlin Horn","Cursed Key","Regal Pillow","Bronze Scales","Bottled Flame","Tiny Chest"],"acts_visited":["Exordium","TheCity"],"potions_floor_usage":[7,10,24,28,33],"damage_taken":[{"damage":6,"enemies":"Small Slimes","floor":1,"turns":4},{"damage":11,"enemies":"Jaw Worm","floor":3,"turns":4},{"damage":44,"enemies":"HollowMod:MossKnight","floor":7,"turns":10},{"damage":1,"enemies":"Cultist","floor":8,"turns":4},{"damage":35,"enemies":"Lagavulin","floor":10,"turns":6},{"damage":12,"enemies":"HollowMod:MossKnight","floor":12,"turns":15},{"damage":8,"enemies":"Exordium Thugs","floor":13,"turns":6},{"damage":0,"enemies":"Large Slime","floor":14,"turns":3},{"damage":42,"enemies":"Slime Boss","floor":16,"turns":11},{"damage":5,"enemies":"3 Byrds","floor":18,"turns":5},{"damage":47,"enemies":"Sentry and Sphere","floor":21,"turns":6},{"damage":36,"enemies":"Cultist and Chosen","floor":22,"turns":8},{"damage":30,"enemies":"HollowMod:Nosk","floor":23,"turns":10},{"damage":4,"enemies":"Snecko","floor":24,"turns":4},{"damage":45,"enemies":"Book of Stabbing","floor":28,"turns":6},{"damage":31,"enemies":"Snake Plant","floor":30,"turns":3},{"damage":36,"enemies":"Chosen and Byrds","floor":31,"turns":5},{"damage":73,"enemies":"Champ","floor":33,"turns":10}],"seed_played":"1932194113540201870","potions_obtained":[{"floor":3,"key":"SkillPotion"},{"floor":7,"key":"Energy Potion"},{"floor":16,"key":"SteroidPotion"},{"floor":18,"key":"FearPotion"},{"floor":23,"key":"SpeedPotion"},{"floor":24,"key":"HeartOfIron"}],"is_trial":false,"path_per_floor":["M","?","M","?","$","R","E","M","T","E","?","E","M","M","R","B",null,"M","?","$","M","M","E","M","R","T","?","E","R","M","M","R","B"],"character_chosen":"IRONCLAD","items_purchased":["Rage","Body Slam","Regal Pillow","Entrench","Spot Weakness"],"campfire_rested":4,"item_purchase_floors":[5,5,20,20,20],"current_hp_per_floor":[88,88,83,83,83,83,45,50,50,21,49,43,41,47,75,39,94,94,104,104,63,33,9,11,57,63,63,24,72,47,17,65,0,0],"gold":250,"neow_bonus":"TEN_PERCENT_HP_BONUS","is_daily":false,"chose_seed":false,"campfire_upgraded":1,"win_rate":0.0,"timestamp":1613403393,"path_taken":["M","?","M","?","$","R","E","M","T","E","?","E","M","M","R","BOSS","M","?","?","M","?","E","M","R","T","?","E","R","M","M","R","BOSS"],"items_purchased_type":["Card","Card","Relic","Card","Card"],"build_version":"2020-12-22","purchased_purges":0,"victory":false,"max_hp_per_floor":[88,88,88,88,88,88,88,88,88,88,94,94,94,94,94,94,94,94,104,104,104,104,104,104,104,110,110,110,110,110,110,110,110,110],"relic_stats":{"Darkstone Periapt":12,"Regal Pillow":45,"Gremlin Horn":[9,9],"counters":[18,120],"Bronze Scales":[86],"Tiny Chest":0,"Cursed Key":1,"obtain_stats":[{"Darkstone Periapt":7,"Regal Pillow":20,"Bottled Flame":26,"Gremlin Horn":12,"Bronze Scales":23,"Oddly Smooth Stone":10,"Tiny Chest":28,"EVO:Axolotl":0,"Cursed Key":17,"Burning Blood":0},{"Darkstone Periapt":3,"Regal Pillow":10,"Bottled Flame":14,"Gremlin Horn":6,"Bronze Scales":13,"Oddly Smooth Stone":5,"Tiny Chest":15,"EVO:Axolotl":0,"Cursed Key":9,"Burning Blood":0},{"Darkstone Periapt":18,"Regal Pillow":68,"Bottled Flame":96,"Gremlin Horn":43,"Bronze Scales":92,"Oddly Smooth Stone":28,"Tiny Chest":102,"EVO:Axolotl":0,"Cursed Key":63,"Burning Blood":0}],"Burning Blood":101},"card_choices":[{"not_picked":["Blood for Blood","Flex"],"picked":"Armaments","floor":1},{"not_picked":["Ghostly Armor","Thunderclap"],"picked":"Whirlwind","floor":3},{"not_picked":["TH:ElvenBoots"],"picked":"TH:DeckOfManyThings","floor":7},{"not_picked":["Feel No Pain","Pummel"],"picked":"Headbutt","floor":7},{"not_picked":["Sword Boomerang","Pommel Strike"],"picked":"Shrug It Off","floor":8},{"not_picked":["TH:Mimic"],"picked":"TH:DeckOfManyThings","floor":9},{"not_picked":["TH:ArmorSpikes"],"picked":"TH:CopperCoins","floor":10},{"not_picked":["Shockwave","Heavy Blade"],"picked":"Pommel Strike","floor":10},{"not_picked":["TH:ElvenBoots"],"picked":"TH:Mimic","floor":12},{"not_picked":["Rupture","True Grit"],"picked":"Sentinel","floor":12},{"not_picked":["Perfected Strike","Armaments"],"picked":"Iron Wave","floor":13},{"not_picked":["Twin Strike","Anger"],"picked":"Perfected Strike","floor":14},{"not_picked":["TH:EnergyPotion"],"picked":"TH:TreasureMap","floor":16},{"not_picked":["Fiend Fire","Barricade"],"picked":"Demon Form","floor":16},{"not_picked":["Headbutt","Reckless Charge"],"picked":"Heavy Blade","floor":18},{"not_picked":["Spot Weakness","Battle Trance"],"picked":"Shrug It Off+1","floor":21},{"not_picked":["Havoc","Dropkick+1"],"picked":"Perfected Strike","floor":22},{"not_picked":["TH:Mimic"],"picked":"TH:BikiniMail","floor":23},{"not_picked":["Bloodletting","Havoc"],"picked":"Hemokinesis","floor":23},{"not_picked":["Blood for Blood","Thunderclap"],"picked":"Inflame","floor":24},{"not_picked":["TH:EnergyPotion"],"picked":"TH:CopperCoins","floor":26},{"not_picked":["TH:DeckOfManyThings"],"picked":"TH:CopperCoins","floor":28},{"not_picked":["Pommel Strike","Clash"],"picked":"Infernal Blade+1","floor":28},{"not_picked":["Havoc","Warcry"],"picked":"Clothesline+1","floor":30},{"not_picked":["Wild Strike+1","Intimidate"],"picked":"Rupture+1","floor":31}],"player_experience":214830,"relics_obtained":[{"floor":7,"key":"Darkstone Periapt"},{"floor":10,"key":"Oddly Smooth Stone"},{"floor":12,"key":"Gremlin Horn"},{"floor":23,"key":"Bronze Scales"},{"floor":26,"key":"Bottled Flame"},{"floor":28,"key":"Tiny Chest"}],"event_choices":[{"damage_healed":0,"gold_gain":0,"player_choice":"Ignored","damage_taken":0,"max_hp_gain":0,"max_hp_loss":0,"event_name":"Liars Game","floor":2,"gold_loss":0},{"damage_healed":0,"gold_gain":0,"player_choice":"Leave","damage_taken":0,"max_hp_gain":0,"max_hp_loss":0,"event_name":"The Cleric","floor":4,"gold_loss":0},{"damage_healed":22,"gold_gain":0,"player_choice":"Healed and dodged fight","damage_taken":0,"max_hp_gain":0,"max_hp_loss":0,"event_name":"Mushrooms","floor":11,"gold_loss":0,"cards_obtained":["Parasite"]},{"cards_removed":["TH:DeckOfManyThings"],"damage_healed":0,"gold_gain":0,"player_choice":"Offered Rare","damage_taken":0,"max_hp_gain":10,"max_hp_loss":0,"event_name":"Bonfire Elementals","floor":19,"gold_loss":0},{"damage_healed":0,"gold_gain":99,"player_choice":"Stole From Cult","damage_taken":0,"max_hp_gain":0,"max_hp_loss":0,"event_name":"Nest","floor":27,"gold_loss":0}],"is_beta":false,"boss_relics":[{"not_picked":["Snecko Eye","Runic Cube"],"picked":"Cursed Key"}],"items_purged_floors":[],"is_endless":false,"potions_floor_spawned":[3,7,16,18,23,24],"killed_by":"Champ","ascension_level":3}}