{"host":"2c84cb4cp1emursg","time":1613429212,"event":{"mods":["Act Like it!","BaseMod","Better Third Choice","Bossed Relics","Hermit","Mimic Mod","Minty Spire (QoL Compilation)","Permanent Neow","Ruina","StSLib","TheSurvivalist"],"gold_per_floor":[12,24,41,52,1,31,31,61,61,61,81,111,111,149,149,149,149],"floor_reached":16,"language":"ENG","playtime":693,"items_purged":[],"score":156,"play_id":"79bf1664-01fa-4ae5-93f4-67b40b7e60d9","local_time":"20210215154652","is_ascension_mode":true,"campfire_choices":[{"data":"Apotheosis","floor":7,"key":"SMITH"},{"data":"Reinforced Body","floor":10,"key":"SMITH"},{"floor":13,"key":"REST"},{"data":"Thunder Strike","floor":15,"key":"SMITH"}],"circlet_count":0,"master_deck":["Strike_B","Strike_B","Strike_B","Strike_B","Defend_B","Defend_B","Defend_B","Defend_B","Zap","Dualcast","Apotheosis+1","Steam","Auto Shields","Tempest","Beam Cell","Reinforced Body+1","Streamline","Turbo+1","Thunder Strike+1"],"relics":["Cracked Core","Tiny Chest","Emotion Chip","Toxic Egg 2","The Courier","CeramicFish"],"acts_visited":["Exordium"],"potions_floor_usage":[6],"damage_taken":[{"damage":2,"enemies":"Jaw Worm","floor":1,"turns":3},{"damage":6,"enemies":"2 Louse","floor":2,"turns":3},{"damage":6,"enemies":"Small Slimes","floor":3,"turns":3},{"damage":15,"enemies":"Exordium Thugs","floor":4,"turns":4},{"damage":13,"enemies":"3 Sentries","floor":6,"turns":5},{"damage":12,"enemies":"Lagavulin","floor":8,"turns":5},{"damage":19,"enemies":"3 Louse","floor":11,"turns":3},{"damage":1,"enemies":"3 Sentries","floor":12,"turns":6},{"damage":11,"enemies":"Gremlin Nob","floor":14,"turns":5},{"damage":17,"enemies":"The Guardian","floor":16,"turns":8}],"seed_played":"5205649434039037886","potions_obtained":[{"floor":4,"key":"PotionOfCapacity"},{"floor":8,"key":"EssenceOfDarkness"}],"is_trial":false,"path_per_floor":["M","M","M","M","$","E","R","E","T","R","M","E","R","E","R","B"],"character_chosen":"DEFECT","items_purchased":["FocusPotion"],"campfire_rested":1,"item_purchase_floors":[5],"current_hp_per_floor":[73,67,61,46,46,33,33,21,21,21,2,1,23,12,12,0,0],"gold":149,"neow_bonus":"RANDOM_COLORLESS_2","is_daily":false,"chose_seed":false,"campfire_upgraded":3,"win_rate":0.0,"timestamp":1613429212,"path_taken":["M","M","M","M","$","E","R","E","T","R","M","E","R","E","R","BOSS"],"items_purchased_type":["Potion"],"build_version":"2020-12-22","purchased_purges":0,"victory":false,"max_hp_per_floor":[75,75,75,75,75,75,75,75,75,75,75,75,75,75,75,75,75],"card_choices":[{"not_picked":["The Bomb","Thinking Ahead"],"picked":"Apotheosis","floor":0},{"not_picked":["Sweeping Beam","Compile Driver"],"picked":"Steam","floor":1},{"not_picked":["Static Discharge","Go for the Eyes"],"picked":"Auto Shields","floor":2},{"not_picked":["Sweeping Beam","Turbo"],"picked":"Tempest","floor":3},{"not_picked":["Turbo","Chill"],"picked":"Beam Cell","floor":4},{"not_picked":["Rebound","Sweeping Beam","Steam"],"picked":"SKIP","floor":6},{"not_picked":["Loop","Leap"],"picked":"Reinforced Body","floor":8},{"not_picked":["Skim+1","Heatsinks"],"picked":"Streamline","floor":11},{"not_picked":["Skim+1","Go for the Eyes"],"picked":"Turbo+1","floor":12},{"not_picked":["Compile Driver","Turbo+1"],"picked":"Thunder Strike","floor":14}],"player_experience":480334,"relics_obtained":[{"floor":6,"key":"Tiny Chest"},{"floor":8,"key":"Emotion Chip"},{"floor":9,"key":"Toxic Egg 2"},{"floor":12,"key":"The Courier"},{"floor":14,"key":"CeramicFish"}],"event_choices":[],"is_beta":false,"boss_relics":[],"items_purged_floors":[],"is_endless":false,"potions_floor_spawned":[4,8],"killed_by":"The Guardian","ascension_level":4}}