{"host":"d52brwsy6af8zvaq","time":1613359123,"event":{"mods":["AchievementEnabler","BaseMod","Bestiary","Highlight Path","Minty Spire (QoL Compilation)","Quick Restart","Relic Stats","ojb\u0027s Better Paths Mod"],"gold_per_floor":[115,134,134,151,162,188,188,199,199,212,55,55,55],"floor_reached":12,"language":"ENG","playtime":379,"items_purged":[],"score":164,"play_id":"be037c95-47a5-4f16-b649-67937308f55a","local_time":"20210214201843","is_ascension_mode":true,"campfire_choices":[{"floor":7,"key":"REST"}],"circlet_count":0,"master_deck":["AscendersBane","Strike_B","Strike_B","Strike_B","Defend_B","Defend_B","Defend_B","Defend_B","Zap","Dualcast","Doom and Gloom","Sweeping Beam","Cold Snap","Conserve Battery","Cold Snap","Sunder","Rebound","Biased Cognition","Darkness","Chill"],"relics":["Cracked Core","Shovel","Strawberry","Orrery"],"acts_visited":[],"potions_floor_usage":[8],"damage_taken":[{"damage":0,"enemies":"Cultist","floor":1,"turns":4},{"damage":20,"enemies":"Small Slimes","floor":2,"turns":4},{"damage":0,"enemies":"2 Louse","floor":4,"turns":1},{"damage":8,"enemies":"Exordium Wildlife","floor":5,"turns":4},{"damage":31,"enemies":"3 Sentries","floor":6,"turns":8},{"damage":9,"enemies":"Exordium Thugs","floor":8,"turns":3},{"damage":11,"enemies":"Gremlin Gang","floor":10,"turns":4},{"damage":25,"enemies":"Gremlin Nob","floor":12,"turns":3}],"seed_played":"-7585923734990319480","potions_obtained":[{"floor":2,"key":"FocusPotion"},{"floor":6,"key":"Fire Potion"}],"is_trial":false,"path_per_floor":["M","M","?","M","M","E","R","M","T","M","$","E"],"character_chosen":"DEFECT","items_purchased":["Orrery"],"campfire_rested":1,"item_purchase_floors":[11],"current_hp_per_floor":[71,51,51,51,43,12,35,26,33,22,22,0,0],"gold":55,"neow_bonus":"TEN_PERCENT_HP_BONUS","is_daily":false,"chose_seed":false,"campfire_upgraded":0,"win_rate":0.0,"timestamp":1613359123,"path_taken":["M","M","?","?","M","E","R","M","T","M","$","E"],"items_purchased_type":["Relic"],"build_version":"2020-12-22","purchased_purges":0,"victory":false,"max_hp_per_floor":[78,78,78,78,78,78,78,78,85,85,85,85,85],"relic_stats":{"Shovel":0,"counters":[8,31],"obtain_stats":[{"Shovel":6,"Strawberry":9,"Orrery":11,"Cracked Core":0},{"Shovel":5,"Strawberry":6,"Orrery":7,"Cracked Core":0},{"Shovel":21,"Strawberry":24,"Orrery":28,"Cracked Core":0}]},"card_choices":[{"not_picked":["Coolheaded","Undo"],"picked":"Doom and Gloom","floor":1},{"not_picked":["Lockon","Recycle"],"picked":"Sweeping Beam","floor":2},{"not_picked":["Beam Cell","BootSequence"],"picked":"Cold Snap","floor":4},{"not_picked":["Stack","Barrage"],"picked":"Conserve Battery","floor":5},{"not_picked":["Static Discharge","Recycle"],"picked":"Cold Snap","floor":6},{"not_picked":["Ball Lightning","Chill"],"picked":"Sunder","floor":8},{"not_picked":["Redo","Hologram"],"picked":"Rebound","floor":10},{"not_picked":["Reprogram","Stack"],"picked":"Biased Cognition","floor":11},{"not_picked":["Stack","White Noise"],"picked":"Darkness","floor":11},{"not_picked":["Go for the Eyes","Stack"],"picked":"Chill","floor":11}],"player_experience":2270882,"relics_obtained":[{"floor":6,"key":"Shovel"},{"floor":9,"key":"Strawberry"}],"event_choices":[{"cards_removed":["Strike_B"],"damage_healed":0,"gold_gain":0,"player_choice":"Offered Basic","damage_taken":0,"max_hp_gain":0,"max_hp_loss":0,"event_name":"Bonfire Elementals","floor":3,"gold_loss":0}],"is_beta":false,"boss_relics":[],"items_purged_floors":[],"is_endless":false,"potions_floor_spawned":[2,6],"killed_by":"Gremlin Nob","ascension_level":20}}