{"host":"lkve521c3unthi3l","time":1613415609,"event":{"mods":["BaseMod","BetterRewards","Duelist Mod","Marisa（霧雨　魔理沙）","Minty Spire (QoL Compilation)","Replay The Spire","StSLib"],"gold_per_floor":[140,140,160,179,198,233,233,258,336,371,387,398,415,431,431,535,535,553,211,211,211,224,253,253,253,253],"floor_reached":25,"language":"ENG","playtime":2840,"items_purged":["theDuelist:Sparks"],"score":336,"play_id":"a8c35475-16e3-4f48-a8c7-8dbe34a67628","local_time":"20210215140009","is_ascension_mode":true,"campfire_choices":[{"data":"theDuelist:NaturiaRock","floor":7,"key":"SMITH"},{"floor":15,"key":"REST"}],"circlet_count":0,"master_deck":["theDuelist:CastleWalls","theDuelist:CastleWalls","theDuelist:NaturiaBeast","theDuelist:NaturiaCliff","theDuelist:NaturiaRock+1","theDuelist:NaturiaTulip","theDuelist:Wiretap","theDuelist:FusionFire","theDuelist:MeteorDestruction","theDuelist:Tuningware","theDuelist:BigFire","theDuelist:DestroyerGolem","theDuelist:Fissure","theDuelist:HappyLover","theDuelist:MillenniumScorpion","theDuelist:ElectromagneticShield","theDuelist:GoldenApples","theDuelist:Mudora","theDuelist:KamionTimelord","theDuelist:SpiralSpearStrike","theDuelist:InstantFusion","theDuelist:KamionTimelord","theDuelist:EarthEffigy+1","Crow Ritual","theDuelist:MagicalStone","theDuelist:MiraculousDescent"],"relics":["theDuelist:MillenniumPuzzle","theDuelist:CardPoolRelic","theDuelist:CardPoolBasicRelic","theDuelist:BoosterPackPoolRelic","theDuelist:CardPoolAddRelic","theDuelist:CardPoolMinusRelic","theDuelist:CardPoolSaveRelic","theDuelist:CardPoolOptionsRelic","theDuelist:MillenniumRing","StoneCalendar","Kunai","Dream Catcher","Ring of Chaos","Bag of Preparation"],"acts_visited":["Exordium","TheCity"],"potions_floor_usage":[13,23,23,23],"damage_taken":[{"damage":6,"enemies":"2 Louse","floor":1,"turns":4},{"damage":0,"enemies":"Cultist","floor":3,"turns":2},{"damage":3,"enemies":"Small Slimes","floor":4,"turns":2},{"damage":3,"enemies":"Red Slaver","floor":5,"turns":2},{"damage":5,"enemies":"Lagavulin","floor":6,"turns":4},{"damage":0,"enemies":"Gremlin Nob","floor":8,"turns":3},{"damage":10,"enemies":"Lagavulin","floor":10,"turns":5},{"damage":0,"enemies":"Large Slime","floor":11,"turns":3},{"damage":0,"enemies":"Blue Slaver","floor":12,"turns":2},{"damage":8,"enemies":"Looter","floor":13,"turns":2},{"damage":0,"enemies":"Large Slime","floor":14,"turns":4},{"damage":0,"enemies":"Slime Boss","floor":16,"turns":4},{"damage":20,"enemies":"2 Thieves","floor":18,"turns":4},{"damage":0,"enemies":"3 Byrds","floor":22,"turns":3},{"damage":51,"enemies":"Slavers","floor":23,"turns":4},{"damage":26,"enemies":"Slavers","floor":25,"turns":2}],"seed_played":"6299021393772608615","potions_obtained":[{"floor":1,"key":"Fire Potion"},{"floor":4,"key":"theDuelist:WhiteBottle"},{"floor":6,"key":"theDuelist:SealedPackC"},{"floor":13,"key":"AttackPotion"},{"floor":22,"key":"theDuelist:FlamingBottle"},{"floor":23,"key":"theDuelist:OrbBottle"}],"is_trial":false,"path_per_floor":["M","?","M","M","M","E","R","E","T","E","M","M","M","M","R","B",null,"M","$","?","?","M","E","?","?"],"character_chosen":"THE_DUELIST","items_purchased":["theDuelist:EarthEffigy","Crow Ritual"],"campfire_rested":1,"item_purchase_floors":[19,19],"current_hp_per_floor":[74,74,74,71,68,63,63,63,63,53,53,53,45,45,69,69,80,60,60,60,60,60,9,9,0,0],"gold":253,"neow_bonus":"TRANSFORM_CARD","is_daily":false,"chose_seed":false,"campfire_upgraded":1,"win_rate":0.0,"timestamp":1613415609,"path_taken":["M","?","M","M","M","E","R","E","T","E","M","M","M","?","R","BOSS","M","$","?","?","?","E","?","?"],"items_purchased_type":["Card","Card"],"build_version":"2020-12-22","purchased_purges":1,"victory":false,"max_hp_per_floor":[80,80,80,80,80,80,80,80,80,80,80,80,80,80,80,80,80,80,80,80,80,80,80,80,80,80],"card_choices":[{"not_picked":["theDuelist:SparkBlaster","theDuelist:BattleFootballer","theDuelist:FeatherShot","theDuelist:GridRod"],"picked":"theDuelist:FusionFire","floor":1},{"not_picked":["theDuelist:CoreBlaster","theDuelist:FairyBox","theDuelist:FluteKuriboh","theDuelist:MeteorDestruction"],"picked":"theDuelist:Tuningware","floor":3},{"not_picked":["theDuelist:Sangan","theDuelist:DestroyerGolem","theDuelist:Fissure","theDuelist:MudragonSwamp"],"picked":"theDuelist:BigFire","floor":4},{"not_picked":["theDuelist:AttackTheMoon","theDuelist:MudragonSwamp","theDuelist:WingedKuriboh","theDuelist:GraniteLoyalist"],"picked":"theDuelist:DestroyerGolem","floor":5},{"not_picked":["theDuelist:HammerShot","theDuelist:Cloning","theDuelist:SphereKuriboh","theDuelist:DarkHole"],"picked":"theDuelist:Fissure","floor":6},{"not_picked":["theDuelist:GravityBlaster","theDuelist:SpiritHarp","theDuelist:GiantTrunade","theDuelist:FusionWeapon"],"picked":"theDuelist:HappyLover","floor":8},{"not_picked":["theDuelist:DestroyerGolem","theDuelist:MillenniumGolem","theDuelist:DarkCreator","theDuelist:BigEye"],"picked":"theDuelist:MillenniumScorpion","floor":10},{"not_picked":["theDuelist:DoubleTool","theDuelist:OnslaughtFireKings","theDuelist:GravityAxe","theDuelist:MeteorDestruction"],"picked":"theDuelist:ElectromagneticShield","floor":11},{"not_picked":["theDuelist:MudGolem","theDuelist:HaneHane","theDuelist:Mudora","theDuelist:ForbiddenChalice"],"picked":"theDuelist:GoldenApples","floor":12},{"not_picked":["theDuelist:MillenniumGolem","theDuelist:DarkCreator","theDuelist:Wiseman","theDuelist:HammerShot"],"picked":"theDuelist:Mudora","floor":13},{"not_picked":["theDuelist:ForbiddenLance","theDuelist:SwordsRevealing"],"picked":"theDuelist:KamionTimelord","floor":14},{"not_picked":["theDuelist:PotDuality","theDuelist:CharcoalInpachi"],"picked":"theDuelist:SpiralSpearStrike","floor":15},{"not_picked":["theDuelist:LightLaser","theDuelist:PineappleBlast","theDuelist:SwordsConcealing","theDuelist:YamiForm"],"picked":"theDuelist:InstantFusion","floor":16},{"not_picked":["theDuelist:VendreadCharge","theDuelist:InfernoFireBlast","theDuelist:SilentDoom","theDuelist:SpiralSpearStrike"],"picked":"theDuelist:KamionTimelord","floor":18},{"not_picked":["theDuelist:DoubleTool+1","theDuelist:SpiritHarp","theDuelist:Predaponics","theDuelist:WhiteNinja+1"],"picked":"theDuelist:MagicalStone","floor":22},{"not_picked":["theDuelist:Reinforcements","theDuelist:CrystalRaigeki","theDuelist:PsychicShockwave+1","theDuelist:PineappleBlast"],"picked":"theDuelist:MiraculousDescent","floor":23}],"player_experience":29603,"relics_obtained":[{"floor":6,"key":"theDuelist:MillenniumRing"},{"floor":8,"key":"StoneCalendar"},{"floor":9,"key":"Kunai"},{"floor":10,"key":"Dream Catcher"},{"floor":23,"key":"Bag of Preparation"}],"event_choices":[{"damage_healed":0,"gold_gain":0,"cards_transformed":["theDuelist:Sparks"],"player_choice":"Transformed","damage_taken":0,"max_hp_gain":0,"max_hp_loss":0,"event_name":"Transmorgrifier","floor":2,"gold_loss":0,"cards_obtained":["theDuelist:MeteorDestruction"]},{"cards_removed":["theDuelist:CastleWalls"],"damage_healed":0,"gold_gain":0,"player_choice":"Elegance","damage_taken":0,"max_hp_gain":0,"max_hp_loss":0,"event_name":"Back to Basics","floor":20,"gold_loss":0},{"damage_healed":0,"gold_gain":0,"player_choice":"Forge","damage_taken":0,"max_hp_gain":0,"max_hp_loss":0,"event_name":"Accursed Blacksmith","floor":21,"gold_loss":0,"cards_upgraded":["theDuelist:EarthEffigy"]},{"damage_healed":0,"gold_gain":0,"player_choice":"Ignored","damage_taken":0,"max_hp_gain":0,"max_hp_loss":0,"event_name":"The Mausoleum","floor":24,"gold_loss":0},{"damage_healed":0,"gold_gain":0,"player_choice":"Fight","duelist":true,"damage_taken":0,"max_hp_gain":0,"max_hp_loss":0,"event_name":"Battle City","floor":25,"gold_loss":0}],"is_beta":false,"boss_relics":[{"not_picked":["Inserter","Snecko Eye"],"picked":"Ring of Chaos"}],"items_purged_floors":[19],"is_endless":false,"potions_floor_spawned":[1,4,6,11,13,14,22,23],"killed_by":"Slavers","ascension_level":1}}