{"host":"362zhnvmfmhc3u7b","time":1613367208,"event":{"mods":["BaseMod","Colored Powertips","Minty Spire (QoL Compilation)","Quick Restart","Rare Cards Sparkle","StSLib"],"gold_per_floor":[111,111,125,143,158,158,170,199,199,199,218,230,230,255,255,329,329,344,184,184,45,0,0,0,0,27,59,84,84,84,84],"floor_reached":30,"language":"ENG","playtime":1752,"items_purged":[],"score":486,"play_id":"39cfe92c-70fe-42a4-b5e1-99b660ae8ed6","local_time":"20210215003328","is_ascension_mode":true,"campfire_choices":[{"floor":6,"key":"REST"},{"data":"Zap","floor":10,"key":"SMITH"},{"data":"Reinforced Body","floor":13,"key":"SMITH"},{"data":"Buffer","floor":15,"key":"SMITH"},{"data":"Creative AI","floor":23,"key":"SMITH"},{"data":"Capacitor","floor":25,"key":"SMITH"}],"circlet_count":0,"master_deck":["AscendersBane","Strike_B","Defend_B","Defend_B","Defend_B","Zap+1","Dualcast","Consume+1","Meteor Strike+1","Aggregate+1","Melter","Turbo","Rebound","Self Repair","Self Repair","Turbo","Reinforced Body+1","Steam Power","Buffer+1","Creative AI+1","Barrage+1","Buffer+1","Glacier","Capacitor+1","Conserve Battery","Hello World+1"],"relics":["Astrolabe","Tiny Chest","Incense Burner","White Beast Statue","SacredBark","DollysMirror","Art of War","Du-Vu Doll","Bag of Preparation"],"acts_visited":["Exordium","TheCity"],"potions_floor_usage":[7,7,8,14,16,18,27,30],"damage_taken":[{"damage":15,"enemies":"Small Slimes","floor":1,"turns":4},{"damage":7,"enemies":"Cultist","floor":3,"turns":4},{"damage":9,"enemies":"2 Louse","floor":4,"turns":4},{"damage":7,"enemies":"2 Fungi Beasts","floor":5,"turns":3},{"damage":7,"enemies":"Exordium Wildlife","floor":7,"turns":3},{"damage":16,"enemies":"Lagavulin","floor":8,"turns":7},{"damage":17,"enemies":"Looter","floor":11,"turns":3},{"damage":1,"enemies":"2 Fungi Beasts","floor":12,"turns":4},{"damage":9,"enemies":"Gremlin Nob","floor":14,"turns":3},{"damage":44,"enemies":"Hexaghost","floor":16,"turns":15},{"damage":15,"enemies":"Chosen","floor":18,"turns":7},{"damage":53,"enemies":"Gremlin Leader","floor":27,"turns":10},{"damage":63,"enemies":"Slavers","floor":30,"turns":5}],"seed_played":"-5616964658438196793","potions_obtained":[{"floor":2,"key":"ColorlessPotion"},{"floor":2,"key":"FairyPotion"},{"floor":3,"key":"DuplicationPotion"},{"floor":5,"key":"Swift Potion"},{"floor":7,"key":"ColorlessPotion"},{"floor":11,"key":"AttackPotion"},{"floor":14,"key":"GamblersBrew"},{"floor":16,"key":"SneckoOil"},{"floor":18,"key":"Block Potion"},{"floor":27,"key":"Regen Potion"}],"is_trial":false,"path_per_floor":["M","?","M","M","M","R","M","E","T","R","M","M","R","E","R","B",null,"M","$","?","$","?","R","$","R","T","E","T","?","E"],"character_chosen":"DEFECT","items_purchased":["DollysMirror","Capacitor","Conserve Battery"],"campfire_rested":1,"item_purchase_floors":[19,21,21],"current_hp_per_floor":[49,49,42,33,26,47,47,45,45,45,35,48,48,53,53,23,59,58,58,58,58,58,58,58,58,58,19,19,19,0,0],"gold":84,"neow_bonus":"BOSS_RELIC","is_daily":false,"chose_seed":false,"campfire_upgraded":5,"win_rate":0.0,"timestamp":1613367208,"path_taken":["M","?","M","M","?","R","M","E","T","R","M","M","R","E","R","BOSS","M","$","?","$","?","R","?","R","T","E","?","?","E"],"items_purchased_type":["Relic","Card","Card"],"build_version":"2020-12-22","purchased_purges":0,"victory":false,"max_hp_per_floor":[71,71,71,71,71,71,71,71,71,71,71,71,71,71,71,71,71,71,71,71,71,71,71,71,71,71,71,71,71,71,71],"card_choices":[{"not_picked":["Leap","Stack"],"picked":"Melter","floor":1},{"not_picked":["Static Discharge","Glacier"],"picked":"Turbo","floor":3},{"not_picked":["Force Field","Compile Driver"],"picked":"Rebound","floor":4},{"not_picked":["Fusion","Steam"],"picked":"Self Repair","floor":5},{"not_picked":["Rip and Tear","Loop"],"picked":"Self Repair","floor":7},{"not_picked":["Gash","Rebound"],"picked":"Turbo","floor":8},{"not_picked":["Turbo","Skim"],"picked":"Reinforced Body","floor":11},{"not_picked":["Barrage","Compile Driver"],"picked":"Steam Power","floor":12},{"not_picked":["Gash","White Noise"],"picked":"Buffer","floor":14},{"not_picked":["Rainbow","Reboot"],"picked":"Creative AI","floor":16},{"not_picked":["Stack","Loop"],"picked":"Barrage+1","floor":18},{"not_picked":["Rip and Tear+1","Defragment"],"picked":"Hello World+1","floor":27}],"player_experience":1617489,"relics_obtained":[{"floor":8,"key":"Tiny Chest"},{"floor":9,"key":"Incense Burner"},{"floor":14,"key":"White Beast Statue"},{"floor":26,"key":"Art of War"},{"floor":27,"key":"Du-Vu Doll"},{"floor":28,"key":"Bag of Preparation"}],"event_choices":[{"damage_healed":0,"gold_gain":0,"player_choice":"Got Potions","damage_taken":0,"max_hp_gain":0,"max_hp_loss":0,"event_name":"Lab","floor":2,"gold_loss":0},{"damage_healed":0,"gold_gain":0,"player_choice":"Read","damage_taken":0,"max_hp_gain":0,"max_hp_loss":0,"event_name":"The Library","floor":20,"gold_loss":0,"cards_obtained":["Glacier"]},{"damage_healed":0,"gold_gain":0,"player_choice":"Paid Fearfully","damage_taken":0,"max_hp_gain":0,"max_hp_loss":0,"event_name":"Masked Bandits","floor":22,"gold_loss":45},{"cards_removed":["Strike_B"],"damage_healed":0,"gold_gain":0,"player_choice":"Purged","damage_taken":0,"max_hp_gain":0,"max_hp_loss":0,"event_name":"Purifier","floor":29,"gold_loss":0}],"is_beta":false,"boss_relics":[{"not_picked":["Runic Dome","Busted Crown"],"picked":"SacredBark"}],"items_purged_floors":[],"is_endless":false,"potions_floor_spawned":[3,5,7,11,14,16,18,27],"killed_by":"Slavers","ascension_level":18}}