{"host":"0mk07bycsqo1qk03","time":1613381760,"event":{"mods":["BaseMod","Downfall","Hermit","Hubris","Minty Spire (QoL Compilation)","Reliquary","Replay The Spire","StSLib","The Cursed"],"gold_per_floor":[99,116,133,133,233,259,259,289,19,19,19,19,19,44,79,199,199,199,234,334,67,95,121,148,175,198,225,225,258,305,332,362,481,481,481,508,542,578,27,27,51,51,127,127,160,160,160,160],"floor_reached":46,"language":"ENG","playtime":3045,"items_purged":[],"score":961,"play_id":"8aaffcec-34cc-4216-9b52-a964420474f6","local_time":"20210215103600","is_ascension_mode":true,"campfire_choices":[{"data":"sneckomod:Unknown3Cost","floor":1.0,"key":"SMITH"},{"floor":12.0,"key":"REST"},{"data":"sneckomod:MasterEye","floor":18.0,"key":"SMITH"},{"data":"sneckomod:MasterEye","floor":35,"key":"SMITH"},{"data":"hermit:FromBeyond","floor":44,"key":"SMITH"}],"circlet_count":0,"master_deck":["sneckomod:Strike","sneckomod:Strike","sneckomod:Strike","sneckomod:Defend","sneckomod:Defend","sneckomod:Defend","sneckomod:TailWhip","sneckomod:SnekBite","sneckomod:Unknown","sneckomod:Unknown","hubris:Wrath","sneckomod:Unknown3Cost+1","sneckomod:Unknown1Cost","sneckomod:UnknownDexterity","sneckomod:SerpentIdol","CommonCold","Chill","sneckomod:DiceBlock","sneckomod:SoulCleanse","sneckomod:MorePower","Finesse","hubris:Greed","sneckomod:UnendingSupply","hubris:Greed","sneckomod:UnknownDexterity+1","sneckomod:QuickMove","sneckomod:UnknownColorless","sneckomod:DefensiveFlair","sneckomod:UnknownBoss+1","sneckomod:IronFang","sneckomod:SnakeSap","sneckomod:UnknownStrength","hubris:Greed","sneckomod:Unknown2Cost+1","sneckomod:UnknownRareAttack","sneckomod:MasterEye+1","expansioncontent:StudyTheSpire","Spreading Infection","sneckomod:IronFang","sneckomod:UnknownStrength","sneckomod:UnknownX","sneckomod:UnknownUncommonPower","sneckomod:UnknownDexterity+1","Offering","sneckomod:Unknown3Cost+1","sneckomod:UnknownBlock","sneckomod:UnknownRareSkill","sneckomod:UnknownStrength+1","sneckomod:UnknownClassDEFAULT_GRAY_COLOR","sneckomod:MasterEye","hubris:SpecializedCircuitry","sneckomod:UnknownWeak+1","sneckomod:MasterEye","sneckomod:Mudshield","sneckomod:SoulDraw","sneckomod:UnknownUncommonPower+1","sneckomod:SoulDraw+1","sneckomod:SnakeSap","sneckomod:SnekBeam+1","sneckomod:UnknownBlock+1","sneckomod:SoulExchange","sneckomod:SoulDraw+1","sneckomod:UnknownBoss","sneckomod:WideSting","sneckomod:Rotation+1","sneckomod:DiceBlock+1","sneckomod:MasterEye+1","sneckomod:GlitteringGambit","sneckomod:MasterEye+1","sneckomod:UnknownStrike+1","sneckomod:MorePower","sneckomod:UnknownClassDEFAULT_GRAY_COLOR","sneckomod:UnknownClassDEFAULT_GRAY_COLOR","sneckomod:UnknownClassDEFAULT_GRAY_COLOR","sneckomod:UnknownClassDEFAULT_GRAY_COLOR","hermit:Manifest","sneckomod:UnknownDexterity+1","hubris:Greed","sneckomod:Unknown3Cost+1","sneckomod:UnknownRareAttack+1","sneckomod:UnknownBoss","sneckomod:MasterEye+1","hermit:FromBeyond+1","sneckomod:UnknownDraw+1","sneckomod:UnendingSupply+1","sneckomod:SoulExchange","sneckomod:UnknownBlock+1","sneckomod:DiceCrush","sneckomod:Unknown3Cost","sneckomod:UnknownRarePower","sneckomod:UnknownRareAttack+1","sneckomod:UnknownRarePower+1","sneckomod:UnknownRareAttack+1","sneckomod:UnknownDraw","sneckomod:UnknownDexterity","sneckomod:SerpentIdol+1","sneckomod:IronFang"],"relics":["sneckomod:SneckoSoul","Prayer Wheel","Ring of Fury","ReplayTheSpireMod:Ring of Addiction","Chameleon Ring","SacredBark","downfall:GremlinSack","Prayer Wheel","reliquary:BoilingFlask","m_SnakeBloodCore","downfall:BrokenWingStatue","Pear","hubris:Backtick","Mummified Hand","Singing Bowl","Prayer Wheel","Replay:Wax Seal","Simple Rune","Prayer Wheel","hubris:SlimyHat","sneckomod:SneckoBoss","Prayer Wheel","sneckomod:ConfusingCodex","Medical Kit","Art of War","hubris:Icosahedron","reliquary:Buckler","Replay:Bottled Flurry"],"acts_visited":["Exordium","TheCity","TheBeyond"],"potions_floor_usage":[33,45],"damage_taken":[{"damage":7.0,"enemies":"Jaw Worm","floor":2.0,"turns":4.0},{"damage":0.0,"enemies":"2 Louse","floor":3.0,"turns":5.0},{"damage":20.0,"enemies":"2 Louse","floor":5.0,"turns":5.0},{"damage":22.0,"enemies":"Cultist","floor":6.0,"turns":6.0},{"damage":3.0,"enemies":"Exordium Wildlife","floor":8.0,"turns":4.0},{"damage":6.0,"enemies":"downfall:FleeingMerchant","floor":9.0,"turns":4.0},{"damage":3.0,"enemies":"3 Louse","floor":14.0,"turns":5.0},{"damage":0.0,"enemies":"downfall:LooterAlt","floor":15.0,"turns":1.0},{"damage":34.0,"enemies":"DF_ARCHETYPE_STREAMLINE","floor":16.0,"turns":9.0},{"damage":0.0,"enemies":"Spheric Guardian","floor":19.0,"turns":2.0},{"damage":0.0,"enemies":"downfall:FleeingMerchant","floor":21.0,"turns":4.0},{"damage":4.0,"enemies":"downfall:LooterAlt2","floor":22.0,"turns":2.0},{"damage":36.0,"enemies":"Sentry and Sphere","floor":23.0,"turns":9.0},{"damage":13.0,"enemies":"Snake Plant","floor":25.0,"turns":5.0},{"damage":14.0,"enemies":"Centurion and Healer","floor":27.0,"turns":4.0},{"damage":6.0,"enemies":"Sentry and Sphere","floor":29.0,"turns":3.0},{"damage":2.0,"enemies":"Replay:Snechameleon","floor":30.0,"turns":2.0},{"damage":13.0,"enemies":"Shelled Parasite and Fungi","floor":31.0,"turns":5.0},{"damage":2.0,"enemies":"Centurion and Healer","floor":32.0,"turns":3.0},{"damage":41,"enemies":"SI_MIRROR_ARCHETYPE","floor":33,"turns":8},{"damage":4,"enemies":"Orb Walker","floor":36,"turns":2},{"damage":41,"enemies":"3 Shapes","floor":37,"turns":6},{"damage":13,"enemies":"Spire Growth","floor":38,"turns":3},{"damage":7,"enemies":"downfall:FleeingMerchant","floor":39,"turns":4},{"damage":32,"enemies":"Giant Head","floor":43,"turns":8},{"damage":0,"enemies":"Transient","floor":45,"turns":5},{"damage":91,"enemies":"Reptomancer","floor":46,"turns":5}],"seed_played":"-7241546323440796439","potions_obtained":[{"floor":4.0,"key":"Elixir"},{"floor":4.0,"key":"champ:CounterPotion"},{"floor":4.0,"key":"LifebloodPotion"},{"floor":5.0,"key":"sneckomod:DiceRollPotion"},{"floor":14.0,"key":"sneckomod:OffclassReductionPotion"},{"floor":15.0,"key":"Weak Potion"},{"floor":27.0,"key":"sneckomod:MuddlingPotion"},{"floor":28.0,"key":"Guardian:BlockOnCardUsePotion"},{"floor":28.0,"key":"Ancient Potion"},{"floor":31.0,"key":"Block Potion"},{"floor":36,"key":"Strength Potion"}],"is_trial":false,"path_per_floor":["R","M","M","?","?","M","T","M","$","?","?","R","T","M","M","B",null,"R","M","?","$","M","M","T","M","T","M","R","M","E","M","M","B",null,"R","M","M","M","?","?","T","?","E","R","M","E"],"character_chosen":"THE_SNECKO","items_purchased":["sneckomod:MasterEye","expansioncontent:StudyTheSpire","Singing Bowl","sneckomod:ConfusingCodex","Medical Kit","Art of War"],"campfire_rested":1,"item_purchase_floors":[9,9,21,39,39,39],"current_hp_per_floor":[90,83,83,83,63,41,41,38,32,32,32,58,68,68,71,40,96,94,94,94,92,95,64,64,56,56,49,49,50,51,45,54,16,118,118,127,98,88,102,102,102,102,79,79,88,0,0,0],"gold":160,"neow_bonus":"THREE_RARE_CARDS","is_daily":false,"chose_seed":false,"campfire_upgraded":4,"win_rate":0.0,"timestamp":1613381760,"path_taken":["R","M","M","?","?","?","T","M","$","?","?","R","?","M","M","BOSS","R","M","?","$","M","M","T","M","?","M","R","M","E","M","M","BOSS","R","M","M","M","?","?","T","?","E","R","?","E"],"items_purchased_type":["Card","Card","Relic","Relic","Relic","Relic"],"build_version":"2020-12-22","purchased_purges":0,"victory":false,"max_hp_per_floor":[90,90,90,90,90,90,90,90,90,90,90,88,98,98,96,96,96,94,94,94,92,96,98,98,100,100,104,104,106,106,110,118,118,118,118,128,136,136,138,136,136,136,140,140,146,146,146,146],"card_choices":[{"not_picked":["sneckomod:UnknownRarePower","sneckomod:SoulExchange"],"picked":"sneckomod:Unknown3Cost","floor":0.0},{"not_picked":["sneckomod:DiceBlock","sneckomod:WideSting"],"picked":"sneckomod:Unknown1Cost","floor":2.0},{"not_picked":["sneckomod:UnknownBlock","sneckomod:RainOfDice"],"picked":"sneckomod:UnknownDexterity","floor":3.0},{"not_picked":["sneckomod:IronFang","sneckomod:ImprovisedGuard"],"picked":"sneckomod:SerpentIdol","floor":3.0},{"not_picked":["sneckomod:UnknownX","sneckomod:SoulCleanse"],"picked":"sneckomod:UnendingSupply","floor":5.0},{"not_picked":["sneckomod:UnknownExhaust+1","sneckomod:UnknownWeak+1"],"picked":"sneckomod:UnknownDexterity+1","floor":6.0},{"not_picked":["sneckomod:MixItUp","sneckomod:UnknownDraw"],"picked":"sneckomod:QuickMove","floor":6.0},{"not_picked":["sneckomod:PureSnecko","sneckomod:UnendingSupply"],"picked":"sneckomod:UnknownColorless","floor":6.0},{"not_picked":["sneckomod:DiceBoulder","sneckomod:Nope"],"picked":"sneckomod:DefensiveFlair","floor":6.0},{"not_picked":["sneckomod:UnknownRareAttack+1","sneckomod:UnknownDraw+1"],"picked":"sneckomod:UnknownBoss+1","floor":8.0},{"not_picked":["sneckomod:UnknownCommonSkill","sneckomod:UnknownBlock"],"picked":"sneckomod:IronFang","floor":8.0},{"not_picked":["sneckomod:PureSnecko","sneckomod:SoulRoll"],"picked":"sneckomod:SnakeSap","floor":8.0},{"not_picked":["sneckomod:UnknownCommonSkill","sneckomod:UnknownBlock"],"picked":"sneckomod:UnknownStrength","floor":8.0},{"not_picked":["sneckomod:UnknownVulnerable+1","sneckomod:UnknownWeak+1"],"picked":"sneckomod:Unknown2Cost+1","floor":9.0},{"not_picked":["sneckomod:UnknownExhaust","sneckomod:MixItUp"],"picked":"sneckomod:UnknownRareAttack","floor":9.0},{"not_picked":["sneckomod:Unknown2Cost","sneckomod:UnknownCommonAttack"],"picked":"sneckomod:IronFang","floor":14.0},{"not_picked":["sneckomod:UnknownUncommonSkill","Havoc","sneckomod:UnknownVulnerable"],"picked":"SKIP","floor":14.0},{"not_picked":["Havoc","Perfected Strike","sneckomod:Memorize"],"picked":"SKIP","floor":14.0},{"not_picked":["sneckomod:QuickBite","sneckomod:QuickMove"],"picked":"sneckomod:UnknownStrength","floor":15.0},{"not_picked":["sneckomod:SoulRoll","sneckomod:UnknownVulnerable"],"picked":"sneckomod:UnknownX","floor":15.0},{"not_picked":["sneckomod:Nope","sneckomod:DiceCrush"],"picked":"sneckomod:UnknownUncommonPower","floor":15.0},{"not_picked":["sneckomod:Unknown0Cost+1","sneckomod:UnknownCommonAttack+1"],"picked":"sneckomod:UnknownDexterity+1","floor":16.0},{"not_picked":["sneckomod:UnknownBoss","Reboot"],"picked":"Offering","floor":16.0},{"not_picked":["sneckomod:UnknownClassTHE_CURSED_PURPLE+1","sneckomod:UnknownWeak+1"],"picked":"sneckomod:Unknown3Cost+1","floor":19.0},{"not_picked":["sneckomod:DiceCrush","sneckomod:Nope+1"],"picked":"sneckomod:UnknownBlock","floor":19.0},{"not_picked":["sneckomod:DiceBlock","sneckomod:DiceCrush+1"],"picked":"sneckomod:UnknownRareSkill","floor":19.0},{"not_picked":["sneckomod:UnknownCommonSkill","sneckomod:Unknown2Cost","sneckomod:WideSting"],"picked":"SKIP","floor":19.0},{"not_picked":["sneckomod:UnknownX+1","sneckomod:Unknown0Cost+1"],"picked":"sneckomod:UnknownStrength+1","floor":21.0},{"not_picked":["sneckomod:UnknownUncommonAttack","sneckomod:SoulRoll"],"picked":"sneckomod:UnknownClassDEFAULT_GRAY_COLOR","floor":21.0},{"not_picked":["sneckomod:UnknownClassTHE_CURSED_PURPLE","sneckomod:QuickBite+1"],"picked":"sneckomod:MasterEye","floor":22.0},{"not_picked":["sneckomod:Unknown2Cost+1","sneckomod:UnknownClassTHE_CURSED_PURPLE+1","sneckomod:Unknown0Cost+1"],"picked":"Singing Bowl","floor":22.0},{"not_picked":["sneckomod:UnknownUncommonSkill","sneckomod:SerpentIdol","sneckomod:DiceBlock"],"picked":"Singing Bowl","floor":22.0},{"not_picked":["sneckomod:UnknownStrength+1","sneckomod:UnknownUncommonSkill+1"],"picked":"sneckomod:UnknownWeak+1","floor":23.0},{"not_picked":["sneckomod:UnknownUncommonSkill","sneckomod:UnknownClassTHE_CURSED_PURPLE"],"picked":"sneckomod:MasterEye","floor":23.0},{"not_picked":["sneckomod:UnknownClassTHE_CURSED_PURPLE","sneckomod:CheapStock"],"picked":"sneckomod:Mudshield","floor":23.0},{"not_picked":["sneckomod:TrashToTreasure","sneckomod:DiceBlock","sneckomod:Unknown1Cost+1"],"picked":"Singing Bowl","floor":23.0},{"not_picked":["sneckomod:UnknownDraw","sneckomod:SnakeSap+1"],"picked":"sneckomod:SoulDraw","floor":23.0},{"not_picked":["sneckomod:UnknownVulnerable+1","sneckomod:Unknown1Cost+1"],"picked":"sneckomod:UnknownUncommonPower+1","floor":25.0},{"not_picked":["sneckomod:UnknownCommonAttack","sneckomod:Cheat"],"picked":"sneckomod:SoulDraw+1","floor":25.0},{"not_picked":["sneckomod:DiceCrush","sneckomod:UnknownCommonAttack"],"picked":"sneckomod:SnakeSap","floor":25.0},{"not_picked":["sneckomod:DiceCrush","sneckomod:UnknownClassTHE_CURSED_PURPLE"],"picked":"sneckomod:SnekBeam+1","floor":25.0},{"not_picked":["sneckomod:QuickMove+1","sneckomod:UnknownStrength+1","sneckomod:UnknownDraw+1"],"picked":"Singing Bowl","floor":25.0},{"not_picked":["sneckomod:UnknownUncommonAttack+1","sneckomod:UnknownColorless+1"],"picked":"sneckomod:UnknownBlock+1","floor":27.0},{"not_picked":["sneckomod:UnknownUncommonSkill+1","sneckomod:Nope"],"picked":"sneckomod:SoulExchange","floor":27.0},{"not_picked":["sneckomod:UnknownCommonSkill+1","sneckomod:UnendingSupply+1"],"picked":"sneckomod:SoulDraw+1","floor":27.0},{"not_picked":["sneckomod:Unknown0Cost","sneckomod:ImprovisedAttack","sneckomod:DiceBlock"],"picked":"Singing Bowl","floor":27.0},{"not_picked":["sneckomod:QuickMove","sneckomod:DiceCrush","sneckomod:Nope"],"picked":"Singing Bowl","floor":27.0},{"not_picked":["sneckomod:IronFang","sneckomod:DiceBlock","sneckomod:UnknownUncommonSkill+1"],"picked":"Singing Bowl","floor":29.0},{"not_picked":["sneckomod:SoulDraw","sneckomod:PureSnecko"],"picked":"sneckomod:UnknownBoss","floor":29.0},{"not_picked":["sneckomod:DiceBlock","sneckomod:UnknownBlock","sneckomod:UnknownDraw"],"picked":"Singing Bowl","floor":29.0},{"not_picked":["sneckomod:IronFang+1","sneckomod:UnknownClassBLUE"],"picked":"sneckomod:WideSting","floor":29.0},{"not_picked":["sneckomod:TrashToTreasure+1","sneckomod:SoulRoll"],"picked":"sneckomod:Rotation+1","floor":30.0},{"not_picked":["sneckomod:SoulRoll","sneckomod:ImprovisedGuard+1","sneckomod:Unknown1Cost"],"picked":"Singing Bowl","floor":31.0},{"not_picked":["sneckomod:UnknownClassBLUE","sneckomod:UnknownCommonSkill"],"picked":"sneckomod:DiceBlock+1","floor":31.0},{"not_picked":["sneckomod:UnknownVulnerable+1","sneckomod:IronFang"],"picked":"sneckomod:MasterEye","floor":31.0},{"not_picked":["sneckomod:Unknown1Cost","sneckomod:DiceCrush"],"picked":"sneckomod:GlitteringGambit","floor":31.0},{"not_picked":["sneckomod:UnknownClassTHE_CURSED_PURPLE+1","sneckomod:SoulRoll","sneckomod:DefensiveFlair"],"picked":"Singing Bowl","floor":31.0},{"not_picked":["sneckomod:SnakeSap","sneckomod:UnknownColorless","sneckomod:UnknownStrike"],"picked":"Singing Bowl","floor":32.0},{"not_picked":["sneckomod:UnknownColorless","sneckomod:Unknown0Cost"],"picked":"sneckomod:MasterEye","floor":32.0},{"not_picked":["sneckomod:DiceCrush","sneckomod:Unknown2Cost","sneckomod:SnakeSap+1"],"picked":"Singing Bowl","floor":32.0},{"not_picked":["sneckomod:RainOfDice+1","sneckomod:QuickMove","sneckomod:UnknownStrike"],"picked":"Singing Bowl","floor":32.0},{"not_picked":["sneckomod:RainOfDice","sneckomod:UnknownExhaust","sneckomod:Transmogrify"],"picked":"Singing Bowl","floor":32.0},{"not_picked":["sneckomod:UnknownClassTHE_CURSED_PURPLE+1","sneckomod:Unknown2Cost+1"],"picked":"sneckomod:UnknownStrike+1","floor":33},{"not_picked":["sneckomod:DangerNoodle","sneckomod:Mudshield"],"picked":"sneckomod:MorePower","floor":33},{"not_picked":["hermit:Snapshot","hermit:Strike_Hermit"],"picked":"hermit:Manifest","floor":36},{"not_picked":["sneckomod:UnknownClassDEFAULT_GRAY_COLOR+1","sneckomod:UnknownCommonSkill+1"],"picked":"sneckomod:UnknownDexterity+1","floor":36},{"not_picked":["sneckomod:Rotation","sneckomod:UnknownClassDEFAULT_GRAY_COLOR","sneckomod:IronFang+1"],"picked":"Singing Bowl","floor":36},{"not_picked":["sneckomod:Unknown2Cost","sneckomod:Memorize+1","sneckomod:SoulDraw+1"],"picked":"Singing Bowl","floor":36},{"not_picked":["sneckomod:SerpentIdol","sneckomod:SoulCleanse","sneckomod:UnknownCommonSkill"],"picked":"Singing Bowl","floor":36},{"not_picked":["sneckomod:DiceBlock+1","sneckomod:Unknown1Cost","sneckomod:DiceCrush+1"],"picked":"Singing Bowl","floor":36},{"not_picked":["sneckomod:QuickMove+1","sneckomod:DiceBoulder","sneckomod:Unknown2Cost"],"picked":"Singing Bowl","floor":36},{"not_picked":["hermit:BodyArmor","hermit:Midnight","hermit:Manifest"],"picked":"Singing Bowl","floor":37},{"not_picked":["sneckomod:UnknownX+1","sneckomod:UnknownUncommonSkill+1"],"picked":"sneckomod:Unknown3Cost+1","floor":37},{"not_picked":["sneckomod:UnknownStrength+1","sneckomod:UnknownDexterity+1"],"picked":"sneckomod:UnknownRareAttack+1","floor":37},{"not_picked":["sneckomod:UnknownVulnerable+1","sneckomod:Unknown2Cost","sneckomod:QuickMove"],"picked":"Singing Bowl","floor":37},{"not_picked":["sneckomod:Unknown1Cost+1","sneckomod:UnknownColorless+1","sneckomod:SoulRoll+1"],"picked":"Singing Bowl","floor":37},{"not_picked":["sneckomod:UnknownCommonSkill","sneckomod:Memorize+1"],"picked":"sneckomod:UnknownBoss","floor":37},{"not_picked":["sneckomod:RainOfDice","sneckomod:SnakeSap+1","sneckomod:UnknownClassTHE_CURSED_PURPLE+1"],"picked":"Singing Bowl","floor":37},{"not_picked":["sneckomod:DiceBoulder","sneckomod:Nope"],"picked":"sneckomod:MasterEye+1","floor":37},{"not_picked":["sneckomod:QuickBite","sneckomod:WideSting+1","sneckomod:UnknownCommonSkill"],"picked":"Singing Bowl","floor":37},{"not_picked":["hermit:Dissolve","hermit:Defend_Hermit"],"picked":"hermit:FromBeyond","floor":38},{"not_picked":["sneckomod:SoulCleanse+1","sneckomod:UnknownBlock"],"picked":"sneckomod:UnknownDraw+1","floor":38},{"not_picked":["sneckomod:UnknownCommonAttack","sneckomod:Nope+1"],"picked":"sneckomod:UnendingSupply+1","floor":38},{"not_picked":["sneckomod:UnknownUncommonSkill","sneckomod:RainOfDice"],"picked":"sneckomod:SoulExchange","floor":38},{"not_picked":["sneckomod:UnknownDraw+1","sneckomod:RainOfDice+1"],"picked":"sneckomod:UnknownBlock+1","floor":38},{"not_picked":["sneckomod:QuickBite","sneckomod:UnknownCommonAttack+1"],"picked":"sneckomod:DiceCrush","floor":38},{"not_picked":["sneckomod:UnknownCommonSkill+1","sneckomod:UnknownDraw+1"],"picked":"sneckomod:Unknown3Cost","floor":38},{"not_picked":["hermit:FromBeyond","hermit:Ricochet","hermit:FullyLoaded"],"picked":"Singing Bowl","floor":39},{"not_picked":["sneckomod:UnknownExhaust+1","sneckomod:DiceBlock"],"picked":"sneckomod:UnknownRarePower","floor":39},{"not_picked":["hermit:SprayPray","hermit:EternalForm","hermit:Enervate"],"picked":"Singing Bowl","floor":43},{"not_picked":["sneckomod:UnknownX+1","sneckomod:UnknownClassDEFAULT_GRAY_COLOR+1","sneckomod:Unknown2Cost+1"],"picked":"Singing Bowl","floor":43},{"not_picked":["sneckomod:UnknownBlock+1","sneckomod:UnknownStrike+1"],"picked":"sneckomod:UnknownRareAttack+1","floor":43},{"not_picked":["sneckomod:CheapStock","sneckomod:SoulDraw","sneckomod:IronFang+1"],"picked":"Singing Bowl","floor":43},{"not_picked":["hermit:SprayPray","hermit:HighCaliber","hermit:Scavenge"],"picked":"Singing Bowl","floor":45},{"not_picked":["sneckomod:UnknownUncommonPower+1","sneckomod:UnknownRareAttack+1"],"picked":"sneckomod:UnknownRarePower+1","floor":45},{"not_picked":["sneckomod:UnknownDexterity+1","sneckomod:UnknownBoss+1"],"picked":"sneckomod:UnknownRareAttack+1","floor":45},{"not_picked":["sneckomod:UnendingSupply","sneckomod:UnknownVulnerable+1"],"picked":"sneckomod:UnknownDraw","floor":45},{"not_picked":["sneckomod:ImprovisedAttack+1","sneckomod:DiceBlock","sneckomod:UnknownClassBLUE"],"picked":"Singing Bowl","floor":45},{"not_picked":["sneckomod:DiceBoulder","sneckomod:UnknownUncommonAttack+1","sneckomod:UnknownClassDEFAULT_GRAY_COLOR+1"],"picked":"Singing Bowl","floor":45},{"not_picked":["sneckomod:MasterEye","sneckomod:UnknownCommonAttack+1"],"picked":"sneckomod:UnknownDexterity","floor":45},{"not_picked":["sneckomod:TrashToTreasure","sneckomod:Unknown0Cost"],"picked":"sneckomod:SerpentIdol+1","floor":45},{"not_picked":["sneckomod:Unknown1Cost","sneckomod:CheapStock"],"picked":"sneckomod:IronFang","floor":45}],"player_experience":1053420,"relics_obtained":[{"floor":4.0,"key":"Ring of Fury"},{"floor":4.0,"key":"ReplayTheSpireMod:Ring of Addiction"},{"floor":4.0,"key":"Chameleon Ring"},{"floor":4.0,"key":"SacredBark"},{"floor":5.0,"key":"downfall:GremlinSack"},{"floor":7.0,"key":"reliquary:BoilingFlask"},{"floor":13.0,"key":"Pear"},{"floor":24.0,"key":"Replay:Wax Seal"},{"floor":26.0,"key":"Simple Rune"},{"floor":30.0,"key":"hubris:SlimyHat"},{"floor":41,"key":"reliquary:Buckler"},{"floor":43,"key":"Replay:Bottled Flurry"}],"event_choices":[{"cards_removed":["sneckomod:UnknownClassDEFAULT_GRAY_COLOR"],"damage_healed":0,"gold_gain":0,"player_choice":"Removed Skill","damage_taken":0,"max_hp_gain":0,"max_hp_loss":0,"event_name":"Falling","floor":42,"gold_loss":0}],"is_beta":false,"boss_relics":[{"not_picked":["reliquary:Craggleroot","ReplayTheSpireMod:DimensionalGlitch"],"picked":"hubris:Backtick"},{"not_picked":["hubris:TerracottaHorce","hubris:VirtuousBlindfold"],"picked":"sneckomod:SneckoBoss"}],"items_purged_floors":[],"is_endless":false,"potions_floor_spawned":[5,6,14,15,19,27,29,31,36,38],"killed_by":"Reptomancer","ascension_level":3}}