{"host":"z8galgznf6llawpn","time":1613423827,"event":{"mods":["AchievementEnabler","Act Like it!","Aspiration","BaseMod","Colored Map","Energized Spire","Friendly Minions","Minty Spire (QoL Compilation)","Pale of the Ancients","Permanent Neow","Relic Sorter","Replay The Spire","StSLib","The Servant 0.9.4","Unceasing Turn Reminder"],"gold_per_floor":[116,130,130,99,356,385,447,447,523,523,573,592,617,636,636,732,732,743,793,843,349,161,194,194,244,244,262,79,79,107,169,169,265,265,284,314,325,389,450,450,476,486,486,504,523,117,144,155,155,155,167,181,231,231,231,231,231,255,255,255,255],"floor_reached":60,"language":"ENG","playtime":5359,"items_purged":[],"score":1503,"play_id":"d61e9a13-bbd3-4089-a8cb-c36fa317bd61","local_time":"20210215161707","is_ascension_mode":false,"campfire_choices":[{"data":"Defy","floor":8,"key":"SMITH"},{"data":"ReplayTheSpireMod:Private Reserves","floor":10,"key":"SMITH"},{"data":"Luminosity","floor":15,"key":"SMITH"},{"floor":24,"key":"REST"},{"data":"TheWorld","floor":32,"key":"SMITH"},{"floor":40,"key":"RECALL"},{"data":"ShatteredReality","floor":49,"key":"SMITH"},{"data":"Sunlight","floor":55,"key":"SMITH"},{"data":"SilverBlades","floor":57,"key":"SMITH"}],"circlet_count":0,"master_deck":["Strike_S","Strike_S","Strike_S","Strike_S","Defend_S","Defend_S","Defend_S","KidneyShot","Exchange","ReplayTheSpireMod:Private Reserves+1","Defy+1","Misdirection","Luminosity+1","ShatteredReality+1","InstantArmor","Foresight","DoubleEdge","Comet","BottledTime","Dilation+1","SoulSculpture+1","SurpressingFire+1","Flash of Steel","Contraction","TimeWarp","Hallucinations","SilverBlades+1","TheWorld+1","Ricochet+1","Misdirection","Sunlight+1","Parasite","Desolation+1","GearUp+1"],"relics":["SplendidAttire","SsserpentHead","Shuriken","Darkstone Periapt","Pondfish Scales","MutagenicStrength","Enchiridion","TungstenRod","Guide Book","Replay:Baseball","Dead Branch","Ring of Misfortune","Ring of Hypnosis","Torii","Sundial","ChewingGum","StoneCalendar","Chemical X","Bag of Preparation","Pen Nib","Centennial Puzzle","paleoftheancients:Timepiece","paleoftheancients:KeyRelic","Gremlin Horn","CultistMask","paleoftheancients:SoulOfTheShapes","Replay:Bottled Steam","Toy Ornithopter"],"acts_visited":["Exordium","TheCity","TheBeyond","paleoftheancients:PaleOfTheAncients"],"potions_floor_usage":[13,16,16,52,52,52,60,60],"damage_taken":[{"damage":1,"enemies":"Cultist","floor":1,"turns":4},{"damage":5,"enemies":"Small Slimes","floor":2,"turns":6},{"damage":0,"enemies":"Lagavulin","floor":6,"turns":8},{"damage":5,"enemies":"Jaw Worm","floor":7,"turns":4},{"damage":0,"enemies":"Looter","floor":12,"turns":3},{"damage":1,"enemies":"3 Sentries","floor":13,"turns":5},{"damage":0,"enemies":"3 Louse","floor":14,"turns":2},{"damage":12,"enemies":"Fading Forest","floor":16,"turns":11},{"damage":6,"enemies":"2 Thieves","floor":18,"turns":3},{"damage":12,"enemies":"Slavers","floor":23,"turns":7},{"damage":0,"enemies":"3 Byrds","floor":27,"turns":2},{"damage":0,"enemies":"Replay:Snechameleon","floor":30,"turns":4},{"damage":0,"enemies":"3 Cultists","floor":31,"turns":2},{"damage":0,"enemies":"Pondfish","floor":33,"turns":7},{"damage":4,"enemies":"3 Shapes","floor":35,"turns":3},{"damage":0,"enemies":"3 Darklings","floor":37,"turns":1},{"damage":0,"enemies":"Spire Growth","floor":38,"turns":3},{"damage":0,"enemies":"Sphere and 2 Shapes","floor":39,"turns":4},{"damage":0,"enemies":"R_Hoarder","floor":41,"turns":6},{"damage":0,"enemies":"4 Shapes","floor":42,"turns":4},{"damage":0,"enemies":"Writhing Mass","floor":44,"turns":5},{"damage":0,"enemies":"3 Darklings","floor":45,"turns":3},{"damage":0,"enemies":"Giant Head","floor":47,"turns":6},{"damage":0,"enemies":"Sphere and 2 Shapes","floor":48,"turns":2},{"damage":0,"enemies":"Time Eater","floor":50,"turns":7},{"damage":0,"enemies":"Time Eater","floor":51,"turns":4},{"damage":0,"enemies":"Time Eater","floor":52,"turns":8},{"damage":421,"enemies":"Time Eater","floor":56,"turns":11},{"damage":77,"enemies":"paleoftheancients:N","floor":60,"turns":12}],"seed_played":"-5207756391349380484","potions_obtained":[{"floor":1,"key":"LiquidMemories"},{"floor":2,"key":"Languid Potion"},{"floor":13,"key":"Explosive Potion"},{"floor":16,"key":"AttackPotion"},{"floor":18,"key":"Languid Potion"},{"floor":33,"key":"AttackPotion"},{"floor":36,"key":"EntropicBrew"}],"is_trial":false,"path_per_floor":["M","M","?","$","?","E","M","R","T","R","?","M","E","M","R","B",null,"M","?","?","$","$","E","R","?","T","M","$","?","E","M","R","B",null,"M","?","M","M","M","R","E","M","T","M","M","$","E","M","R","B","M","M","?","T","R","M","R","T","?","B"],"character_chosen":"THE_SERVANT","items_purchased":["Luminosity","ShatteredReality","TungstenRod","Guide Book","Flash of Steel","Replay:Baseball","Contraction","SilverBlades","TheWorld","Chemical X","Bag of Preparation","Pen Nib"],"campfire_rested":1,"item_purchase_floors":[4,4,21,21,21,22,22,28,28,46,46,46],"current_hp_per_floor":[64,59,59,59,43,43,38,38,38,38,31,31,30,30,30,38,65,59,59,43,43,43,31,50,56,56,56,56,56,56,56,56,56,71,67,67,67,67,67,67,67,67,67,73,73,73,73,73,73,77,77,77,77,77,77,77,77,77,77,0,0],"gold":255,"neow_bonus":"RANDOM_COLORLESS","is_daily":false,"chose_seed":false,"campfire_upgraded":7,"win_rate":0.0,"timestamp":1613423827,"path_taken":["M","M","?","?","?","E","?","R","T","R","?","M","E","M","R","BOSS","M","?","?","?","$","E","R","?","T","M","$","?","E","?","R","BOSS","M","?","M","?","?","R","E","M","T","M","M","?","E","M","R","BOSS","M","M","?","T","R","M","R","T","?","BOSS"],"items_purchased_type":["Card","Card","Relic","Relic","Card","Relic","Card","Card","Card","Relic","Relic","Relic"],"build_version":"2020-12-22","purchased_purges":0,"victory":false,"max_hp_per_floor":[65,65,65,65,65,65,65,65,65,65,65,65,65,65,65,65,65,65,65,65,65,65,65,65,71,71,71,71,71,71,71,71,71,71,71,71,71,71,71,71,71,71,71,77,77,77,77,77,77,77,77,77,77,77,77,77,77,77,77,77,77],"card_choices":[{"not_picked":["Impatience","ReplayTheSpireMod:Trickstab"],"picked":"ReplayTheSpireMod:Private Reserves","floor":0},{"not_picked":["StarChef","Barrier"],"picked":"Defy","floor":1},{"not_picked":["Replace","Advance"],"picked":"Misdirection","floor":2},{"not_picked":["Manipulate","FastForward"],"picked":"InstantArmor","floor":5},{"not_picked":["Shuttle","Moondial"],"picked":"Foresight","floor":6},{"not_picked":["Replace","RealityMarble"],"picked":"DoubleEdge","floor":7},{"not_picked":["Read","FastForward"],"picked":"Comet","floor":12},{"not_picked":["Starlight","ShatteredReality"],"picked":"BottledTime","floor":13},{"not_picked":["Ricochet","Alleviate"],"picked":"Dilation","floor":14},{"not_picked":["PendulumOfEternity","Sunlight"],"picked":"SoulSculpture","floor":16},{"not_picked":["FastForward+1","Desolation"],"picked":"SurpressingFire+1","floor":18},{"not_picked":["Unruled","Rearm"],"picked":"TimeWarp","floor":23},{"not_picked":["Read","DoubleEdge","Rearm"],"picked":"SKIP","floor":27},{"not_picked":["Defy","MoonPhase"],"picked":"Ricochet+1","floor":30},{"not_picked":["Spin+1","Replace"],"picked":"Misdirection","floor":31},{"not_picked":["PendulumOfEternity","Duplication"],"picked":"Sunlight","floor":33},{"not_picked":["FanOfKnives","Hightail","BottledTime+1"],"picked":"SKIP","floor":35},{"not_picked":["Rewind","Revamp","Potential"],"picked":"SKIP","floor":37},{"not_picked":["Manipulate+1","Advance","Rearm"],"picked":"SKIP","floor":38},{"not_picked":["Spin+1","SurpressingFire+1","BottledTime"],"picked":"SKIP","floor":39},{"not_picked":["Dilation","Rewind+1","Alleviate+1"],"picked":"SKIP","floor":41},{"not_picked":["Moondial+1","Alleviate","TimeWarp+1"],"picked":"SKIP","floor":42},{"not_picked":["Revamp+1","Rearm+1","Ricochet+1"],"picked":"SKIP","floor":44},{"not_picked":["Spin","Replace+1","Starlight+1"],"picked":"SKIP","floor":45},{"not_picked":["ShatteredReality+1","Contraction+1"],"picked":"Desolation+1","floor":47},{"not_picked":["Ricochet+1","Moondial+1","Unruled+1"],"picked":"SKIP","floor":48},{"not_picked":["TimeWarp+1","LightFlow","FanOfKnives"],"picked":"SKIP","floor":51},{"not_picked":["ShatteredReality","Starlight+1"],"picked":"GearUp+1","floor":52}],"player_experience":413752,"relics_obtained":[{"floor":6,"key":"Shuriken"},{"floor":9,"key":"Darkstone Periapt"},{"floor":13,"key":"Pondfish Scales"},{"floor":20,"key":"Enchiridion"},{"floor":23,"key":"Dead Branch"},{"floor":25,"key":"Ring of Misfortune"},{"floor":25,"key":"Ring of Hypnosis"},{"floor":26,"key":"Torii"},{"floor":30,"key":"Sundial"},{"floor":41,"key":"StoneCalendar"},{"floor":47,"key":"Centennial Puzzle"},{"floor":51,"key":"paleoftheancients:SoulOfTheShapes"},{"floor":52,"key":"paleoftheancients:SoulOfTheSilent"},{"floor":54,"key":"Replay:Bottled Steam"},{"floor":58,"key":"Toy Ornithopter"}],"event_choices":[{"damage_healed":0,"gold_gain":0,"player_choice":"Trade","damage_taken":0,"relics_obtained":["SsserpentHead"],"max_hp_gain":0,"max_hp_loss":0,"event_name":"FaceTrader","floor":3,"gold_loss":0},{"cards_removed":["Defend_S"],"damage_healed":0,"gold_gain":0,"player_choice":"Card Removal","damage_taken":7,"max_hp_gain":0,"max_hp_loss":0,"event_name":"Golden Wing","floor":11,"gold_loss":0},{"damage_healed":0,"gold_gain":0,"player_choice":"Inject Mutagens","damage_taken":0,"relics_obtained":["MutagenicStrength"],"max_hp_gain":0,"max_hp_loss":0,"event_name":"Drug Dealer","floor":19,"gold_loss":0},{"damage_healed":0,"gold_gain":0,"player_choice":"Obtained Book","damage_taken":16,"max_hp_gain":0,"max_hp_loss":0,"event_name":"Cursed Tome","floor":20,"gold_loss":0},{"damage_healed":0,"gold_gain":0,"player_choice":"Bet on Murderer","damage_taken":0,"max_hp_gain":0,"max_hp_loss":0,"event_name":"The Joust","floor":29,"gold_loss":50},{"damage_healed":0,"gold_gain":0,"player_choice":"Bought 1 Potion","damage_taken":0,"max_hp_gain":0,"max_hp_loss":0,"event_name":"The Woman in Blue","floor":36,"gold_loss":0},{"damage_healed":0,"gold_gain":0,"player_choice":"Ignored","damage_taken":0,"max_hp_gain":0,"max_hp_loss":0,"event_name":"Transmorgrifier","floor":53,"gold_loss":0}],"is_beta":false,"boss_relics":[{"not_picked":["energizedSpire:RedRose","Runic Dome"],"picked":"SplendidAttire"},{"not_picked":["aspiration:IroncladSkillbook","SlaversCollar"],"picked":"ChewingGum"}],"items_purged_floors":[],"is_endless":false,"potions_floor_spawned":[1,2,13,16,18,33,35,39,42,52,56],"killed_by":"paleoftheancients:N","ascension_level":0}}