{"host":"b7dyfc527bmrkvbm","time":1613411685,"event":{"mods":["2.2 Compatiblity","Act Like it!","BaseMod","Better Altar","Better Match","Better Note","Better Sensory Stone","Better Skull","Better Third Choice","BetterRewards","Conspire","Downfall","Duelist Mod","Ekko","Elementarium","Hubris","Infinite Spire","Mimic Mod","Minty Spire (QoL Compilation)","Rare Cards Sparkle","Reliquary","Replay The Spire","Shop Mod","Smile Girya","Spire Arcade","StSLib","The Accelerator","The Animator","The Blackbeard","The Construct","The Cursed","The Disciple","The Jungle","The Runesmith","The Vixen"],"gold_per_floor":[142,92,92,110,71,116,116,161,215,249,52,52,87,116,116,234,234,254,254,179,207,431,431,461,487,510,45,45,45],"floor_reached":28,"language":"ENG","playtime":5680,"items_purged":["theDuelist:CastleWalls","theDuelist:Duoterion"],"score":268,"play_id":"e17423c4-d6f9-45a6-96e2-ebfce6017be4","local_time":"20210215125445","is_ascension_mode":false,"campfire_choices":[{"data":"theDuelist:CastleDragonSouls","floor":7,"key":"SMITH"},{"data":"theDuelist:MiraculousDescent","floor":12,"key":"SMITH"},{"data":"theDuelist:BabyDragon","floor":15,"key":"SMITH"},{"floor":23,"key":"REST"}],"circlet_count":0,"master_deck":["theDuelist:BabyDragon+1","theDuelist:CaveDragon","theDuelist:CaveDragon","theDuelist:LesserDragon","theDuelist:LesserDragon","theDuelist:Sparks","theDuelist:Sparks","theDuelist:YamataDragon","theDuelist:FrostflameDragon","theDuelist:CyberTwinDragon","theDuelist:CastleDragonSouls+1","theDuelist:DragonTreasure","theDuelist:ChimeratechOverdragon","theDuelist:BarrelDragon","theDuelist:BurstBreath","theDuelist:MiraculousDescent+1","theDuelist:CyberDragonSieger+1","theDuelist:WhiteHornDragon","theDuelist:SilverDragon","theDuelist:WingedDragonRa","Master of Strategy","Magnetism","theDuelist:SilverWing","theDuelist:DragonCaptureJar+1","theDuelist:AncientGearGadjiltron+1","theDuelist:RainbowOverdragon","theDuelist:GoldenApples","theDuelist:Vandalgyon","theDuelist:Vandalgyon","theDuelist:BusterDrake","theDuelist:QueenDragunDjinn"],"relics":["theDuelist:MillenniumPuzzle","theDuelist:CardPoolRelic","theDuelist:CardPoolBasicRelic","theDuelist:BoosterPackPoolRelic","theDuelist:CardPoolAddRelic","theDuelist:CardPoolMinusRelic","theDuelist:CardPoolSaveRelic","theDuelist:CardPoolOptionsRelic","hubris:Icosahedron","theDuelist:DuelistOrichalcum","Odd Mushroom","theDuelist:ZoneToken","hubris:TerracottaHorce","Replay:Baseball","theDuelist:Monsterbox"],"acts_visited":["Exordium","Exordium"],"potions_floor_usage":[16,16],"damage_taken":[{"damage":0,"enemies":"2 Louse","floor":1,"turns":2},{"damage":0,"enemies":"Jaw Worm","floor":4,"turns":3},{"damage":58,"enemies":"Gremlin Nob","floor":6,"turns":6},{"damage":11,"enemies":"The Mushroom Lair","floor":8,"turns":3},{"damage":8,"enemies":"Cultist","floor":9,"turns":7},{"damage":6,"enemies":"Cultist","floor":10,"turns":3},{"damage":16,"enemies":"Large Slime","floor":13,"turns":6},{"damage":10,"enemies":"Lots of Slimes","floor":14,"turns":6},{"damage":0,"enemies":"Fading Forest","floor":16,"turns":11},{"damage":0,"enemies":"Elementarium:VoidCorruption","floor":18,"turns":2},{"damage":1,"enemies":"Elementarium:Cyclone","floor":21,"turns":6},{"damage":32,"enemies":"Elementarium:RubyGolem","floor":24,"turns":7},{"damage":11,"enemies":"Elementarium:VoidBeast","floor":25,"turns":5},{"damage":13,"enemies":"Elementarium:STONE_GOLEMS","floor":28,"turns":3}],"seed_played":"8961071487099832409","potions_obtained":[{"floor":6,"key":"BlessingOfTheForge"},{"floor":8,"key":"FearPotion"},{"floor":10,"key":"Milkshake"},{"floor":16,"key":"construct:ShiftPotion"},{"floor":21,"key":"theDuelist:WhiteBottle"}],"is_trial":false,"path_per_floor":["M","?","?","M","$","E","R","?","MIM","M","$","R","M","M","R","B",null,"M","?","?","M","?","R","M","M","T","$","M"],"character_chosen":"THE_DUELIST","items_purchased":["theDuelist:DragonTreasure","theDuelist:CyberDragonSieger","theDuelist:Duoterion","theDuelist:Monsterbox","theDuelist:GoldenApples","theDuelist:Vandalgyon","theDuelist:BusterDrake","theDuelist:QueenDragunDjinn"],"campfire_rested":1,"item_purchase_floors":[5,11,11,27,27,27,27,27],"current_hp_per_floor":[80,80,80,80,80,22,22,11,73,67,67,67,51,41,41,51,73,73,73,73,72,27,51,19,8,8,8,0,0],"gold":45,"neow_bonus":"THREE_CARDS","is_daily":false,"chose_seed":false,"campfire_upgraded":3,"win_rate":0.0,"timestamp":1613411685,"path_taken":["M","?","?","M","$","E","R","?","MIM","?","?","R","M","?","R","BOSS","M","?","?","M","?","R","M","?","T","?","M"],"items_purchased_type":["Card","Card","Card","Relic","Card","Card","Card","Card"],"build_version":"2020-12-22","purchased_purges":2,"victory":false,"max_hp_per_floor":[80,80,80,80,80,80,80,80,80,80,80,80,80,80,80,80,80,80,80,80,80,80,80,80,80,80,80,80,80],"card_choices":[{"not_picked":["theDuelist:ArtifactIgnition","theDuelist:CyberRevsystem"],"picked":"theDuelist:FrostflameDragon","floor":0},{"not_picked":["theDuelist:Kabazauls","theDuelist:BlackPtera","theDuelist:BlackBrachios","theDuelist:TrihornedDragon"],"picked":"theDuelist:CyberTwinDragon","floor":1},{"not_picked":["theDuelist:WhiteHowling","theDuelist:SilverWing","theDuelist:MiraculousDescent"],"picked":"theDuelist:CastleDragonSouls","floor":4},{"not_picked":["theDuelist:VoidOgreDragon","theDuelist:GaiaDragonChamp","theDuelist:BerserkScales","theDuelist:BSkullDragon"],"picked":"theDuelist:ChimeratechOverdragon","floor":6},{"not_picked":["theDuelist:TrihornedDragon","theDuelist:BlackPtera","theDuelist:BlackBrachios","theDuelist:Kabazauls"],"picked":"theDuelist:BarrelDragon","floor":8},{"not_picked":["theDuelist:TyrantWing","theDuelist:ThreateningRoar","theDuelist:CastleDragonSouls","theDuelist:Berserking"],"picked":"theDuelist:BurstBreath","floor":9},{"not_picked":["theDuelist:DragonTreasure","theDuelist:DragonRavine","theDuelist:DragonMirror"],"picked":"theDuelist:MiraculousDescent","floor":10},{"not_picked":["theDuelist:ViceDragon","theDuelist:Freezadon","theDuelist:Beatraptor","theDuelist:CyberDinosaur"],"picked":"theDuelist:WhiteHornDragon","floor":13},{"not_picked":["theDuelist:MadSwordBeast","theDuelist:ScrapIronScarecrow","theDuelist:CloudianGhost","theDuelist:MoltenDestruction"],"picked":"theDuelist:SilverDragon","floor":14},{"not_picked":["theDuelist:QueenDragunDjinn","theDuelist:DefensiveTactics","theDuelist:ChimeratechOverdragon","theDuelist:BlueDuston"],"picked":"theDuelist:WingedDragonRa","floor":16},{"not_picked":["Finesse","Metamorphosis+1","Panache"],"picked":"Master of Strategy","floor":18},{"not_picked":["Dramatic Entrance","Mind Blast","Purity+1"],"picked":"Magnetism","floor":19},{"not_picked":["theDuelist:AtomicScrapDragon","theDuelist:AxeDespair","theDuelist:AmuletDragon+1","theDuelist:FangCritias"],"picked":"theDuelist:SilverWing","floor":19},{"not_picked":["theDuelist:TyrantWing","theDuelist:SafeZone","theDuelist:DefenseZone+1","theDuelist:DefenseDraw"],"picked":"theDuelist:DragonCaptureJar+1","floor":20},{"not_picked":["theDuelist:Lancephorhynchus","theDuelist:DragonZombie"],"picked":"theDuelist:AncientGearGadjiltron+1","floor":21},{"not_picked":["theDuelist:BigFire","theDuelist:Hinotama","theDuelist:ForbiddenLance+1","theDuelist:SmashingGround"],"picked":"theDuelist:RainbowOverdragon","floor":24},{"not_picked":["theDuelist:MiraculousDescent+1","theDuelist:JurassicImpact","theDuelist:GalaxySoldier","theDuelist:Berserking+1"],"picked":"SKIP","floor":25}],"player_experience":608847,"relics_obtained":[{"floor":6,"key":"theDuelist:DuelistOrichalcum"},{"floor":8,"key":"Odd Mushroom"},{"floor":9,"key":"theDuelist:ZoneToken"}],"event_choices":[{"cards_removed":["theDuelist:CastleWalls"],"damage_healed":0,"gold_gain":0,"player_choice":"Card Removal","damage_taken":0,"max_hp_gain":0,"max_hp_loss":0,"event_name":"The Cleric","floor":2,"gold_loss":50},{"damage_healed":0,"gold_gain":0,"player_choice":"Fought Mushrooms","damage_taken":0,"max_hp_gain":0,"max_hp_loss":0,"event_name":"Mushrooms","floor":8,"gold_loss":0},{"damage_healed":0,"gold_gain":2,"player_choice":"1","damage_taken":0,"max_hp_gain":0,"max_hp_loss":0,"event_name":"betterStone:BetterStone","floor":19,"gold_loss":0},{"damage_healed":0,"gold_gain":0,"player_choice":"2","damage_taken":0,"max_hp_gain":0,"max_hp_loss":0,"event_name":"betterMatch:BetterMatch","floor":20,"gold_loss":0,"cards_obtained":["betterMatch:UncommonCard"]},{"damage_healed":0,"gold_gain":224,"player_choice":"RE GO GO UP ","damage_taken":51,"relics_obtained":["Replay:Baseball"],"max_hp_gain":0,"max_hp_loss":0,"event_name":"betterSkull:BetterSkull","floor":22,"gold_loss":0,"cards_upgraded":["theDuelist:CyberDragonSieger"]}],"is_beta":false,"boss_relics":[{"not_picked":["construct:ClawGrip","hubris:VirtuousBlindfold"],"picked":"hubris:TerracottaHorce"}],"items_purged_floors":[11,27],"is_endless":false,"potions_floor_spawned":[6,8,10,16,21],"killed_by":"Elementarium:STONE_GOLEMS","ascension_level":0}}