{"host":"ypphcgdomtfqpc2w","time":1613400319,"event":{"mods":["BaseMod","DeckTracker","MarisaÅiñ∂âJÅ@ñÇóùçπÅj","Minty Spire (QoL Compilation)","Relic Stats","StSLib"],"gold_per_floor":[114,129,143,143,143,143,166,166,192,192,227,241,241,261,261,354,354,369,25,44,68,88,122,122,24,24,62,76,76,116,116,116,207,207,247,291,624,624,25,81,128,128,208,266,266,330,330,366,366,396,396,396,44,75,75,75],"floor_reached":55,"language":"ENG","playtime":4588,"items_purged":["Strike_P","Pain"],"score":1436,"play_id":"f3c8c448-f598-433c-b56a-f8ad8be6ae00","local_time":"20210215234519","is_ascension_mode":true,"campfire_choices":[{"data":"Eruption","floor":6.0,"key":"SMITH"},{"data":"Vigilance","floor":8.0,"key":"SMITH"},{"data":"SandsOfTime","floor":10.0,"key":"SMITH"},{"data":"Devotion","floor":13.0,"key":"SMITH"},{"data":"EmptyBody","floor":15.0,"key":"SMITH"},{"floor":24.0,"key":"REST"},{"floor":29.0,"key":"REST"},{"data":"Evaluate","floor":32.0,"key":"SMITH"},{"floor":42.0,"key":"REST"},{"floor":45.0,"key":"RECALL"},{"data":"TalkToTheHand","floor":49.0,"key":"SMITH"},{"data":"TalkToTheHand","floor":52.0,"key":"SMITH"}],"circlet_count":0,"master_deck":["AscendersBane","Strike_P+1","Strike_P+1","Defend_P+1","Defend_P+1","Defend_P+1","Defend_P+1","Eruption+1","Vigilance+1","Consecrate","WreathOfFlame","SandsOfTime+1","Consecrate","EmptyBody+1","Devotion+1","EmptyMind","Swivel","MasterReality","Wallop","JustLucky","TalkToTheHand+1","LikeWater","Prostrate","Evaluate+1","Wish","Collect","WaveOfTheHand","Master of Strategy","TalkToTheHand+1","DeceiveReality+1","Nirvana","Madness+1","Halt+1","Sanctity+1","Wireheading"],"relics":["Runic Pyramid","Strawberry","SlaversCollar","Ornamental Fan","Yang","Pantograph","Nunchaku","Mummified Hand","VioletLotus","WarpedTongs","Gremlin Horn","Akabeko","Toxic Egg 2","Orichalcum","Pen Nib","Bronze Scales","Damaru"],"acts_visited":["Exordium","TheCity","TheBeyond","TheEnding"],"potions_floor_usage":[55],"damage_taken":[{"damage":1.0,"enemies":"2 Louse","floor":1.0,"turns":3.0},{"damage":0.0,"enemies":"Cultist","floor":2.0,"turns":3.0},{"damage":0.0,"enemies":"Small Slimes","floor":3.0,"turns":4.0},{"damage":7.0,"enemies":"2 Fungi Beasts","floor":7.0,"turns":3.0},{"damage":8.0,"enemies":"Gremlin Nob","floor":11.0,"turns":5.0},{"damage":3.0,"enemies":"Exordium Thugs","floor":12.0,"turns":4.0},{"damage":15.0,"enemies":"3 Louse","floor":14.0,"turns":2.0},{"damage":9.0,"enemies":"Hexaghost","floor":16.0,"turns":7.0},{"damage":0.0,"enemies":"Chosen","floor":18.0,"turns":3.0},{"damage":0.0,"enemies":"3 Byrds","floor":20.0,"turns":4.0},{"damage":1.0,"enemies":"Cultist and Chosen","floor":21.0,"turns":6.0},{"damage":8.0,"enemies":"Snake Plant","floor":22.0,"turns":5.0},{"damage":49.0,"enemies":"Gremlin Leader","floor":23.0,"turns":8.0},{"damage":16.0,"enemies":"Slavers","floor":27.0,"turns":8.0},{"damage":19.0,"enemies":"Centurion and Healer","floor":28.0,"turns":6.0},{"damage":9.0,"enemies":"Book of Stabbing","floor":30.0,"turns":7.0},{"damage":0.0,"enemies":"Champ","floor":33.0,"turns":10.0},{"damage":9.0,"enemies":"3 Darklings","floor":35.0,"turns":7.0},{"damage":0.0,"enemies":"3 Shapes","floor":36.0,"turns":6.0},{"damage":7.0,"enemies":"Nemesis","floor":40.0,"turns":7.0},{"damage":12.0,"enemies":"3 Darklings","floor":41.0,"turns":8.0},{"damage":3.0,"enemies":"Giant Head","floor":44.0,"turns":9.0},{"damage":4.0,"enemies":"Reptomancer","floor":46.0,"turns":7.0},{"damage":12.0,"enemies":"Transient","floor":48.0,"turns":5.0},{"damage":16.0,"enemies":"Donu and Deca","floor":50.0,"turns":13.0},{"damage":46.0,"enemies":"Shield and Spear","floor":54.0,"turns":12.0},{"damage":53,"enemies":"The Heart","floor":55,"turns":3}],"seed_played":"7420859020108195474","potions_obtained":[{"floor":7.0,"key":"Block Potion"},{"floor":12.0,"key":"Energy Potion"},{"floor":14.0,"key":"SkillPotion"},{"floor":16.0,"key":"EssenceOfSteel"},{"floor":21.0,"key":"Strength Potion"},{"floor":23.0,"key":"AttackPotion"},{"floor":27.0,"key":"EssenceOfSteel"},{"floor":28.0,"key":"Ambrosia"},{"floor":35.0,"key":"EssenceOfSteel"},{"floor":46.0,"key":"FearPotion"},{"floor":48.0,"key":"SteroidPotion"},{"floor":54.0,"key":"SpeedPotion"}],"is_trial":false,"path_per_floor":["M","M","M","?","?","R","M","R","T","R","E","M","R","M","R","B",null,"M","$","M","M","M","E","R","$","T","E","M","R","E","?","R","B",null,"M","M","?","?","$","E","M","R","T","E","R","E","?","M","R","B",null,"R","$","E","B"],"character_chosen":"WATCHER","items_purchased":["Ornamental Fan","JustLucky","FairyPotion","WaveOfTheHand","Gremlin Horn","Master of Strategy","Bronze Scales","Madness+1","Halt+1","Sanctity+1"],"campfire_rested":3,"item_purchase_floors":[19,19,25,39,39,39,53,53,53,53],"current_hp_per_floor":[64,64,64,64,64,64,57,57,57,57,56,53,53,38,38,29,63,63,63,63,62,54,5,27,27,27,11,21,43,34,34,34,59,70,61,61,61,61,61,54,42,64,64,61,61,57,57,45,45,54,69,69,69,23,0,0],"gold":75,"neow_bonus":"BOSS_RELIC","is_daily":false,"chose_seed":false,"campfire_upgraded":8,"win_rate":0.0,"timestamp":1613400319,"path_taken":["M","M","M","?","?","R","M","R","T","R","E","M","R","?","R","BOSS","M","$","?","M","?","E","R","?","T","E","M","R","E","?","R","BOSS","M","M","?","?","$","E","?","R","T","E","R","E","?","M","R","BOSS","R","$","E","BOSS"],"items_purchased_type":["Relic","Card","Potion","Card","Relic","Card","Relic","Card","Card","Card"],"build_version":"2020-12-22","purchased_purges":2,"victory":false,"max_hp_per_floor":[72,72,72,67,67,67,67,67,67,67,74,74,74,74,74,74,74,74,74,74,74,74,74,74,74,74,74,74,74,74,74,74,74,74,74,74,74,74,74,74,74,74,74,74,74,74,74,74,74,74,74,74,74,74,74,74],"relic_stats":{"Gremlin Horn":[10,10],"counters":[27,165],"Yang":[215],"Pen Nib":[6],"Orichalcum":[0],"WarpedTongs":[57],"Nunchaku":[20],"Ornamental Fan":[184],"Mummified Hand":[51],"Pantograph":75,"Bronze Scales":[108],"VioletLotus":[13],"obtain_stats":[{"Gremlin Horn":39,"Golden Idol":4,"Damaru":54,"Yang":23,"Pen Nib":46,"Orichalcum":44,"Akabeko":40,"WarpedTongs":38,"SlaversCollar":17,"Nunchaku":27,"Ornamental Fan":19,"Mummified Hand":30,"Strawberry":11,"Pantograph":26,"Bronze Scales":53,"VioletLotus":34,"PureWater":0,"Toxic Egg 2":43,"Runic Pyramid":0},{"Gremlin Horn":19,"Golden Idol":3,"Damaru":26,"Yang":13,"Pen Nib":23,"Orichalcum":22,"Akabeko":20,"WarpedTongs":19,"SlaversCollar":8,"Nunchaku":14,"Ornamental Fan":9,"Mummified Hand":16,"Strawberry":5,"Pantograph":13,"Bronze Scales":25,"VioletLotus":17,"PureWater":0,"Toxic Egg 2":21,"Runic Pyramid":0},{"Gremlin Horn":101,"Golden Idol":10,"Damaru":162,"Yang":57,"Pen Nib":132,"Orichalcum":125,"Akabeko":108,"WarpedTongs":101,"SlaversCollar":31,"Nunchaku":65,"Ornamental Fan":34,"Mummified Hand":78,"Strawberry":18,"Pantograph":57,"Bronze Scales":150,"VioletLotus":88,"PureWater":0,"Toxic Egg 2":116,"Runic Pyramid":0}]},"card_choices":[{"not_picked":["EmptyFist","FlyingSleeves"],"picked":"Consecrate","floor":1.0},{"not_picked":["ClearTheMind","FollowUp"],"picked":"WreathOfFlame","floor":2.0},{"not_picked":["MentalFortress","Vengeance"],"picked":"SandsOfTime","floor":3.0},{"not_picked":["Meditate","FollowUp"],"picked":"EmptyBody","floor":7.0},{"not_picked":["Adaptation","FlurryOfBlows"],"picked":"Devotion","floor":11.0},{"not_picked":["EmptyBody","PathToVictory"],"picked":"EmptyMind","floor":12.0},{"not_picked":["ClearTheMind","Consecrate"],"picked":"Swivel","floor":14.0},{"not_picked":["ConjureBlade","Omniscience"],"picked":"MasterReality","floor":16.0},{"not_picked":["FollowUp+1","LikeWater"],"picked":"Wallop","floor":18.0},{"not_picked":["Evaluate","Meditate","Consecrate"],"picked":"SKIP","floor":20.0},{"not_picked":["Perseverance","Pray","FollowUp"],"picked":"SKIP","floor":21.0},{"not_picked":["WindmillStrike","Pray"],"picked":"TalkToTheHand","floor":22.0},{"not_picked":["ClearTheMind+1","Swivel"],"picked":"LikeWater","floor":23.0},{"not_picked":["Study","EmptyFist","Crescendo+1"],"picked":"SKIP","floor":27.0},{"not_picked":["Study","EmptyFist","Crescendo+1"],"picked":"SKIP","floor":27.0},{"not_picked":["Vengeance","JustLucky"],"picked":"Prostrate","floor":28.0},{"not_picked":["EmptyMind","Collect"],"picked":"Evaluate","floor":30.0},{"not_picked":["Alpha","Vault"],"picked":"Wish","floor":33.0},{"not_picked":["Worship","EmptyFist","FlyingSleeves+1"],"picked":"SKIP","floor":35.0},{"not_picked":["EmptyBody","FlyingSleeves"],"picked":"Collect","floor":36.0},{"not_picked":["BowlingBash","Conclude","WindmillStrike"],"picked":"SKIP","floor":40.0},{"not_picked":["CutThroughFate","Consecrate","Crescendo"],"picked":"SKIP","floor":41.0},{"not_picked":["CutThroughFate","Consecrate","Crescendo"],"picked":"SKIP","floor":41.0},{"not_picked":["SashWhip","Crescendo+1"],"picked":"TalkToTheHand","floor":44.0},{"not_picked":["FollowUp+1","FlurryOfBlows+1"],"picked":"DeceiveReality+1","floor":46.0},{"not_picked":["Protect+1","EmptyFist"],"picked":"Nirvana","floor":48.0},{"not_picked":["Collect+1","ReachHeaven"],"picked":"Wireheading","floor":54.0}],"player_experience":3305419,"relics_obtained":[{"floor":11.0,"key":"Strawberry"},{"floor":23.0,"key":"Yang"},{"floor":26.0,"key":"Pantograph"},{"floor":27.0,"key":"Nunchaku"},{"floor":30.0,"key":"Mummified Hand"},{"floor":40.0,"key":"Akabeko"},{"floor":43.0,"key":"Toxic Egg 2"},{"floor":44.0,"key":"Orichalcum"},{"floor":46.0,"key":"Pen Nib"},{"floor":54.0,"key":"Damaru"}],"event_choices":[{"damage_healed":0.0,"max_hp_gain":0.0,"max_hp_loss":5.0,"gold_gain":0.0,"event_name":"Golden Idol","player_choice":"Lose Max HP","floor":4.0,"gold_loss":0.0,"damage_taken":0.0,"relics_obtained":["Golden Idol"]},{"damage_healed":0.0,"max_hp_gain":0.0,"max_hp_loss":0.0,"gold_gain":0.0,"cards_transformed":["Strike_P"],"event_name":"Transmorgrifier","player_choice":"Transformed","floor":5.0,"gold_loss":0.0,"damage_taken":0.0,"cards_obtained":["Consecrate"]},{"damage_healed":0.0,"max_hp_gain":0.0,"max_hp_loss":0.0,"gold_gain":0.0,"event_name":"Back to Basics","player_choice":"Simplicity","floor":31.0,"gold_loss":0.0,"damage_taken":0.0,"cards_upgraded":["Strike_P","Strike_P","Defend_P","Defend_P","Defend_P","Defend_P"]},{"damage_healed":0.0,"max_hp_gain":0.0,"max_hp_loss":0.0,"gold_gain":333.0,"event_name":"The Moai Head","player_choice":"Gave Idol","floor":37.0,"relics_lost":["Golden Idol"],"gold_loss":0.0,"damage_taken":0.0},{"damage_healed":0.0,"max_hp_gain":0.0,"max_hp_loss":0.0,"gold_gain":0.0,"event_name":"Accursed Blacksmith","player_choice":"Rummage","floor":38.0,"gold_loss":0.0,"damage_taken":0.0,"relics_obtained":["WarpedTongs"],"cards_obtained":["Pain"]},{"damage_healed":0.0,"max_hp_gain":0.0,"max_hp_loss":0.0,"gold_gain":0.0,"event_name":"Tomb of Lord Red Mask","player_choice":"Ignored","floor":47.0,"gold_loss":0.0,"damage_taken":0.0}],"is_beta":false,"boss_relics":[{"not_picked":["Runic Dome","Snecko Eye"],"picked":"SlaversCollar"},{"not_picked":["Busted Crown","Cursed Key"],"picked":"VioletLotus"}],"items_purged_floors":[19,39],"is_endless":false,"potions_floor_spawned":[7,12,14,16,21,23,27,28,35,46,48,54],"killed_by":"The Heart","ascension_level":13}}