{"host":"6vtgmkkqqeew181q","time":1613377098,"event":{"mods":["100% Spire Juice","BaseMod","Bestiary","Downfall","Faster Ascension Climbing","Hermit","Highlight Path","Minty Spire (QoL Compilation)","Reliquary","Spire Arcade","StSLib","The Jungle"],"gold_per_floor":[213,213,56,72,97,97,124,124,124,136,164,184,111,131,131,230,230,242,242,242,252,271,151,168,168,168,187,197,197,222,239,239,344,344,115,126,173,173,184,184,198,198,198,198,218,229,76,104,104,104],"floor_reached":51,"language":"ENG","playtime":3423,"items_purged":[],"score":738,"play_id":"0585495c-7dc3-4380-9d4e-ca28b35c9670","local_time":"20210215001818","is_ascension_mode":false,"campfire_choices":[{"data":"Moonworks:MiracleWalker","floor":6.0,"key":"SMITH"},{"data":"Moonworks:Ambush","floor":8.0,"key":"SMITH"},{"data":"Moonworks:JonathanRush","floor":15.0,"key":"SMITH"},{"data":"Moonworks:Wanted","floor":23.0,"key":"SMITH"},{"data":"Moonworks:LongDistanceShot","floor":29.0,"key":"SMITH"},{"data":"Moonworks:GoAway","floor":32.0,"key":"SMITH"},{"floor":40,"key":"REST"},{"floor":42,"key":"REST"},{"data":"Moonworks:ShieldCounter","floor":44,"key":"SMITH"},{"floor":49,"key":"REST"}],"circlet_count":0,"master_deck":["Moonworks:Strike","Moonworks:Strike+1","Moonworks:Strike+1","Moonworks:Defend+1","Moonworks:Defend","Moonworks:Defend+1","Moonworks:Defend+1","Moonworks:Ambush+1","Moonworks:LongDistanceShot+1","Moonworks:TreasureThief+1","Moonworks:MiracleWalker+1","Moonworks:SakisCookie","Moonworks:JonathanRush+1","Moonworks:GoAway+1","Moonworks:NicePresent","Moonworks:FinalSurgery+1","Moonworks:NicePresent","Moonworks:Wanted+1","Moonworks:BackdoorTrade+1","Moonworks:SakisCookie","Moonworks:NicePresent+1","Moonworks:IndiscriminateFireSupport+1","Moonworks:FinalSurgery+1","Moonworks:EvilMastermind","Moonworks:MiracleWalker+1","Moonworks:JonathanRush+1","Moonworks:ShieldCounter+1","Moonworks:SweetBattle+1","Moonworks:BindingChains+1"],"relics":["Moonworks:BrokenBomb","Moonworks:Homemark","champ:Barbells","reliquary:SilkGlove","Blue Candle","champ:DuelingGlove","Molten Egg 2","Philosopher\u0027s Stone","StoneCalendar","Lizard Tail","SacredBark","War Paint","Darkstone Periapt","Cauldron","Shuriken"],"acts_visited":["Exordium","TheCity","TheBeyond"],"potions_floor_usage":[38,45,47,50,50,50],"damage_taken":[{"damage":1.0,"enemies":"Jaw Worm","floor":1.0,"turns":3.0},{"damage":2.0,"enemies":"2 Louse","floor":4.0,"turns":3.0},{"damage":8.0,"enemies":"Lagavulin","floor":7.0,"turns":6.0},{"damage":0.0,"enemies":"Small Slimes","floor":10.0,"turns":2.0},{"damage":10.0,"enemies":"Gremlin Nob","floor":11.0,"turns":3.0},{"damage":8.0,"enemies":"Gremlin Gang","floor":12.0,"turns":4.0},{"damage":0.0,"enemies":"Red Slaver","floor":14.0,"turns":3.0},{"damage":0.0,"enemies":"Slime Boss","floor":16.0,"turns":5.0},{"damage":19.0,"enemies":"3 Byrds","floor":18.0,"turns":5.0},{"damage":0.0,"enemies":"Chosen","floor":21.0,"turns":2.0},{"damage":1.0,"enemies":"Shelled Parasite and Fungi","floor":22.0,"turns":3.0},{"damage":0.0,"enemies":"Snake Plant","floor":24.0,"turns":2.0},{"damage":0.0,"enemies":"Snecko","floor":27.0,"turns":3.0},{"damage":0.0,"enemies":"Chosen and Byrds","floor":28.0,"turns":2.0},{"damage":3.0,"enemies":"Slavers","floor":30.0,"turns":3.0},{"damage":0.0,"enemies":"Cultist and Chosen","floor":31.0,"turns":3.0},{"damage":24.0,"enemies":"Automaton","floor":33.0,"turns":7.0},{"damage":14,"enemies":"3 Shapes","floor":35,"turns":4},{"damage":24,"enemies":"3 Darklings","floor":36,"turns":6},{"damage":0,"enemies":"Sphere and 2 Shapes","floor":38,"turns":2},{"damage":6,"enemies":"Writhing Mass","floor":39,"turns":3},{"damage":0,"enemies":"Jaw Worm Horde","floor":41,"turns":3},{"damage":11,"enemies":"4 Shapes","floor":45,"turns":1},{"damage":0,"enemies":"Spire Growth","floor":46,"turns":2},{"damage":36,"enemies":"Nemesis","floor":48,"turns":5},{"damage":34,"enemies":"Donu and Deca","floor":50,"turns":5}],"seed_played":"-8910168147917507165","potions_obtained":[{"floor":1.0,"key":"GamblersBrew"},{"floor":4.0,"key":"GamblersBrew"},{"floor":10.0,"key":"Explosive Potion"},{"floor":18.0,"key":"Energy Potion"},{"floor":21.0,"key":"SteroidPotion"},{"floor":22.0,"key":"LiquidMemories"},{"floor":28.0,"key":"Dexterity Potion"},{"floor":31.0,"key":"EssenceOfSteel"},{"floor":33.0,"key":"SmokeBomb"},{"floor":35,"key":"BlessingOfTheForge"},{"floor":39,"key":"Swift Potion"},{"floor":41,"key":"Dexterity Potion"},{"floor":46,"key":"Dexterity Potion"},{"floor":47,"key":"Fruit Juice"},{"floor":47,"key":"bronze:BurnAndBuffPotion"}],"is_trial":false,"path_per_floor":["M","?","$","M","T","R","E","R","T","M","E","M","$","M","R","B",null,"M","?","?","M","M","R","M","?","T","M","M","R","E","M","R","B",null,"M","M","T","M","M","R","M","R","T","R","M","M","$","E","R","B",null],"character_chosen":"THE_STARBREAKER","items_purchased":["champ:Barbells","Moonworks:FinalSurgery+1","Cauldron"],"campfire_rested":3,"item_purchase_floors":[3,13,47],"current_hp_per_floor":[59,59,59,57,57,57,49,49,49,51,41,35,35,35,35,37,60,41,41,41,41,40,40,40,40,40,42,42,42,41,43,43,21,60,46,22,22,22,20,38,38,56,56,56,45,45,55,19,40,10],"gold":104,"neow_bonus":"HUNDRED_GOLD","is_daily":false,"chose_seed":false,"campfire_upgraded":7,"win_rate":0.0,"timestamp":1613377098,"path_taken":["M","?","$","M","?","R","E","R","T","?","E","M","$","M","R","BOSS","M","?","?","M","M","R","M","?","T","M","M","R","E","M","R","BOSS","M","?","?","M","M","R","M","R","T","R","M","M","$","E","R","BOSS"],"items_purchased_type":["Relic","Card","Relic"],"build_version":"2020-12-22","purchased_purges":0,"victory":true,"max_hp_per_floor":[60,60,60,60,60,60,60,60,60,60,60,60,60,60,60,60,60,60,60,60,60,60,60,60,60,60,60,60,60,60,60,60,60,60,60,60,60,60,60,60,60,60,60,60,60,60,70,70,70,70],"card_choices":[{"not_picked":["Moonworks:Flamethrower","Moonworks:DeployBits"],"picked":"Moonworks:TreasureThief","floor":1.0},{"not_picked":["Moonworks:IndiscriminateFireSupport","Moonworks:SweetBattle"],"picked":"Moonworks:MiracleWalker","floor":4.0},{"not_picked":["Moonworks:Accelerator","Moonworks:BigMagnum"],"picked":"Moonworks:SakisCookie","floor":7.0},{"not_picked":["Moonworks:BigMagnum","Moonworks:DeployBits"],"picked":"Moonworks:JonathanRush","floor":10.0},{"not_picked":["Moonworks:SakisCookie","Moonworks:EvilSpyWorkPreparation"],"picked":"Moonworks:GoAway","floor":11.0},{"not_picked":["Moonworks:CookingTime+1","Moonworks:EvilSpyWorkPreparation"],"picked":"Moonworks:NicePresent","floor":12.0},{"not_picked":["Moonworks:LulusLuckyEgg","Moonworks:ImOnFire"],"picked":"Moonworks:NicePresent","floor":14.0},{"not_picked":["Moonworks:PlushieMaster","Moonworks:ReflectiveShell"],"picked":"Moonworks:Wanted","floor":16.0},{"not_picked":["Moonworks:WindyEnchantment","Moonworks:BigMagnum"],"picked":"Moonworks:BackdoorTrade","floor":18.0},{"not_picked":["Moonworks:IntelligenceOfficer","Moonworks:DeployBits"],"picked":"Moonworks:SakisCookie","floor":21.0},{"not_picked":["Moonworks:ForcedRevival+1","Moonworks:DeployBits+1"],"picked":"Moonworks:NicePresent","floor":22.0},{"not_picked":["Moonworks:NicePresent","Moonworks:SelfDestruct+1"],"picked":"Moonworks:IndiscriminateFireSupport+1","floor":24.0},{"not_picked":["Moonworks:NicePresent+1","Moonworks:DeployBits"],"picked":"Moonworks:FinalSurgery+1","floor":27.0},{"not_picked":["Moonworks:BigMagnum","Moonworks:JonathanRush+1"],"picked":"Moonworks:EvilMastermind","floor":28.0},{"not_picked":["Moonworks:SelfDestruct+1","Moonworks:JonathanRush+1"],"picked":"Moonworks:MiracleWalker+1","floor":30.0},{"not_picked":["Moonworks:BigMagnum","Moonworks:TacticalRetreat"],"picked":"Moonworks:JonathanRush+1","floor":31.0},{"not_picked":["Moonworks:MetallicMonocoque","Moonworks:Blazing"],"picked":"Moonworks:ShieldCounter","floor":33.0},{"not_picked":["Moonworks:IntelligenceOfficer+1","Moonworks:RedAndBlue"],"picked":"Moonworks:SweetBattle+1","floor":35},{"not_picked":["Moonworks:SealedMemories","Moonworks:BackdoorTrade+1"],"picked":"Moonworks:BindingChains","floor":36},{"not_picked":["Moonworks:FinalSurgery+1","Moonworks:Bloodlust","Moonworks:SakisCookie+1"],"picked":"SKIP","floor":39},{"not_picked":["Moonworks:x16BigRocket+1","Moonworks:Assault+1","Moonworks:DeployBits+1"],"picked":"SKIP","floor":41},{"not_picked":["Moonworks:UnluckyCharm+1","Moonworks:JonathanRush+1","Moonworks:ImOnFire+1"],"picked":"SKIP","floor":45},{"not_picked":["Moonworks:ReproductionOfRecords+1","Moonworks:ForcedRevival+1","Moonworks:IndiscriminateFireSupport+1"],"picked":"SKIP","floor":46},{"not_picked":["Moonworks:ReproductionOfRecords+1","Moonworks:IndiscriminateFireSupport+1","Moonworks:ImmovableObject+1"],"picked":"SKIP","floor":48}],"player_experience":649372,"relics_obtained":[{"floor":5.0,"key":"reliquary:SilkGlove"},{"floor":7.0,"key":"Blue Candle"},{"floor":9.0,"key":"champ:DuelingGlove"},{"floor":11.0,"key":"Molten Egg 2"},{"floor":26.0,"key":"StoneCalendar"},{"floor":30.0,"key":"Lizard Tail"},{"floor":37,"key":"War Paint"},{"floor":43,"key":"Darkstone Periapt"},{"floor":48,"key":"Shuriken"}],"event_choices":[{"damage_healed":0.0,"max_hp_gain":0.0,"max_hp_loss":0.0,"gold_gain":0.0,"event_name":"Living Wall","player_choice":"Grow","floor":2.0,"gold_loss":0.0,"damage_taken":0.0,"cards_upgraded":["Moonworks:TreasureThief"]},{"cards_removed":["Moonworks:Strike"],"damage_healed":0.0,"max_hp_gain":0.0,"max_hp_loss":0.0,"gold_gain":0.0,"event_name":"Back to Basics","player_choice":"Elegance","floor":19.0,"gold_loss":0.0,"damage_taken":0.0},{"damage_healed":0.0,"max_hp_gain":0.0,"max_hp_loss":0.0,"gold_gain":0.0,"event_name":"Cursed Tome","player_choice":"Ignored","floor":20.0,"gold_loss":0.0,"damage_taken":0.0},{"damage_healed":0.0,"max_hp_gain":0.0,"max_hp_loss":0.0,"gold_gain":0.0,"event_name":"Accursed Blacksmith","player_choice":"Forge","floor":25.0,"gold_loss":0.0,"damage_taken":0.0,"cards_upgraded":["Moonworks:BackdoorTrade"]}],"is_beta":false,"boss_relics":[{"not_picked":["Empty Cage","Cursed Key"],"picked":"Philosopher\u0027s Stone"},{"not_picked":["Snecko Eye","reliquary:KinkedSpring"],"picked":"SacredBark"}],"items_purged_floors":[],"is_endless":false,"potions_floor_spawned":[1,4,10,18,21,22,28,31,33,35,38,39,41,46],"ascension_level":0}}