{"host":"idjwbq71yrpkph1r","time":1613412669,"event":{"mods":["AchievementEnabler","Alarm Clock","BaseMod","Block Reminder","Colored Map","Colored Powertips","Curses Come First","Displayed Cursed Tome","Hermit","Minty Spire (QoL Compilation)","Monster B Gone","Rare Cards Sparkle","Relic Stats","StSLib","everything is the same but u backflip on backflip"],"gold_per_floor":[115,115,40,51,51,51,69,86,163,179,254,269,169,119,119,217,217,234,159,69,69],"floor_reached":20,"language":"ENG","playtime":601,"items_purged":["Strike_B","Strike_B"],"score":164,"play_id":"089c90ed-1b59-476b-88d8-9404299f9fe4","local_time":"20210215191109","is_ascension_mode":false,"campfire_choices":[{"data":"Defragment","floor":6,"key":"SMITH"},{"floor":15,"key":"REST"}],"circlet_count":0,"master_deck":["Strike_B","Defend_B","Defend_B","Defend_B","Zap","Dualcast","Gash","Defragment+1","Go for the Eyes","Self Repair","Beam Cell"],"relics":["Cracked Core"],"acts_visited":["Exordium","TheCity"],"potions_floor_usage":[16],"damage_taken":[{"damage":0,"enemies":"Small Slimes","floor":1,"turns":3},{"damage":11,"enemies":"Jaw Worm","floor":4,"turns":2},{"damage":1,"enemies":"Cultist","floor":7,"turns":3},{"damage":1,"enemies":"Large Slime","floor":8,"turns":5},{"damage":5,"enemies":"Looter","floor":10,"turns":3},{"damage":16,"enemies":"Blue Slaver","floor":12,"turns":4},{"damage":57,"enemies":"Slime Boss","floor":16,"turns":10},{"damage":35,"enemies":"Shell Parasite","floor":18,"turns":6},{"damage":45,"enemies":"2 Thieves","floor":20,"turns":5}],"seed_played":"4405381721466256356","potions_obtained":[{"floor":5,"key":"Regen Potion"},{"floor":5,"key":"CultistPotion"},{"floor":5,"key":"Explosive Potion"},{"floor":16,"key":"PowerPotion"},{"floor":18,"key":"LiquidBronze"}],"is_trial":false,"path_per_floor":["M","?","$","M","?","R","M","M","T","M","?","M","$","?","R","B",null,"M","?","M"],"character_chosen":"DEFECT","items_purchased":[],"campfire_rested":1,"item_purchase_floors":[],"current_hp_per_floor":[82,82,82,71,71,71,70,69,69,71,60,51,51,51,75,25,82,54,54,9,9],"gold":69,"neow_bonus":"TEN_PERCENT_HP_BONUS","is_daily":false,"chose_seed":false,"campfire_upgraded":1,"win_rate":0.0,"timestamp":1613412669,"path_taken":["M","?","$","M","?","R","?","M","T","M","?","M","$","?","R","BOSS","M","?","M"],"items_purchased_type":[],"build_version":"2020-12-22","purchased_purges":2,"victory":false,"max_hp_per_floor":[82,82,82,82,82,82,82,82,82,82,82,82,82,82,82,82,82,82,82,82,82],"relic_stats":{"counters":[9,41],"obtain_stats":[{"Cracked Core":0},{"Cracked Core":0},{"Cracked Core":0}]},"card_choices":[{"not_picked":["Stack","Hologram"],"picked":"Gash","floor":1},{"not_picked":["Steam","Sweeping Beam"],"picked":"Defragment","floor":4},{"not_picked":["Melter","Streamline"],"picked":"Go for the Eyes","floor":7},{"not_picked":["Loop","Amplify"],"picked":"Self Repair","floor":8},{"not_picked":["Conserve Battery","Cold Snap","Ball Lightning"],"picked":"SKIP","floor":10},{"not_picked":["Sweeping Beam","Storm"],"picked":"Beam Cell","floor":12},{"not_picked":["Cold Snap","Turbo+1","Aggregate"],"picked":"SKIP","floor":18}],"player_experience":358515,"relics_obtained":[],"event_choices":[{"damage_healed":0,"gold_gain":0,"player_choice":"Fled","damage_taken":0,"max_hp_gain":0,"max_hp_loss":0,"event_name":"Scrap Ooze","floor":2,"gold_loss":0},{"damage_healed":0,"gold_gain":0,"player_choice":"Got Potions","damage_taken":0,"max_hp_gain":0,"max_hp_loss":0,"event_name":"Lab","floor":5,"gold_loss":0},{"damage_healed":0,"gold_gain":75,"player_choice":"Gather Gold","damage_taken":11,"max_hp_gain":0,"max_hp_loss":0,"event_name":"World of Goop","floor":11,"gold_loss":0},{"cards_removed":["Defend_B"],"damage_healed":0,"gold_gain":0,"player_choice":"Card Removal","damage_taken":0,"max_hp_gain":0,"max_hp_loss":0,"event_name":"The Cleric","floor":14,"gold_loss":50},{"cards_removed":["Strike_B"],"damage_healed":0,"gold_gain":0,"player_choice":"Gave Gold","damage_taken":0,"max_hp_gain":0,"max_hp_loss":0,"event_name":"Beggar","floor":19,"gold_loss":75}],"is_beta":false,"boss_relics":[{"not_picked":["Nuclear Battery","Ectoplasm","Inserter"]}],"items_purged_floors":[3,13],"is_endless":false,"potions_floor_spawned":[10,12,16,18],"killed_by":"2 Thieves","ascension_level":0}}