{"host":"qxt9611uhnemh1bn","time":1613357248,"event":{"mods":["AchievementEnabler","BaseMod","Minty Spire (QoL Compilation)","StSLib"],"gold_per_floor":[117,134,144,24,38,38,49,63,63,63,80,80,80,95,95,194,194,194,194,37,37,37,37,37,37,37,37,37,37,37,37,37,37,37,37,37,37,37,37,37,37,37,37,37,37,37,37,37,37,37],"floor_reached":51,"language":"ENG","playtime":1970,"items_purged":["Strike_G"],"score":670,"play_id":"305d3a4c-85c3-44d8-9545-ca11d738efa0","local_time":"20210214204728","is_ascension_mode":false,"campfire_choices":[{"data":"Noxious Fumes","floor":6.0,"key":"SMITH"},{"data":"Crippling Poison","floor":12.0,"key":"SMITH"},{"floor":15.0,"key":"REST"},{"floor":23.0,"key":"REST"},{"data":"Wraith Form v2","floor":25.0,"key":"SMITH"},{"data":"Sucker Punch","floor":28.0,"key":"SMITH"},{"data":"Neutralize","floor":32.0,"key":"SMITH"},{"data":"Poisoned Stab","floor":40.0,"key":"SMITH"},{"data":"Dagger Throw","floor":46.0,"key":"SMITH"},{"data":"Backflip","floor":49.0,"key":"SMITH"}],"circlet_count":0,"master_deck":["Defend_G","Defend_G","Defend_G","Defend_G","Defend_G","Survivor+1","Neutralize+1","Sucker Punch+1","Quick Slash","Backflip+1","Dagger Throw+1","Noxious Fumes+1","Wraith Form v2+1","Poisoned Stab+1","Crippling Poison+1","Dash+1","Die Die Die+1","Flying Knee+1","Bite+1","Bite+1","Bite+1","Bite+1","Bite+1","Adrenaline+1","Predator+1","PiercingWail+1"],"relics":["Ring of the Snake","Molten Egg 2","Ectoplasm","Bag of Marbles","Question Card","Peace Pipe","Toxic Egg 2","Tiny House","Turnip","TungstenRod","Ornamental Fan"],"acts_visited":["Exordium","TheCity","TheBeyond"],"potions_floor_usage":[50,50],"damage_taken":[{"damage":0.0,"enemies":"Cultist","floor":1.0,"turns":5.0},{"damage":0.0,"enemies":"Jaw Worm","floor":2.0,"turns":3.0},{"damage":0.0,"enemies":"2 Louse","floor":3.0,"turns":3.0},{"damage":0.0,"enemies":"2 Fungi Beasts","floor":5.0,"turns":5.0},{"damage":12.0,"enemies":"Exordium Thugs","floor":7.0,"turns":5.0},{"damage":0.0,"enemies":"Looter","floor":8.0,"turns":4.0},{"damage":4.0,"enemies":"Blue Slaver","floor":11.0,"turns":4.0},{"damage":11.0,"enemies":"Exordium Wildlife","floor":14.0,"turns":4.0},{"damage":21.0,"enemies":"Hexaghost","floor":16.0,"turns":11.0},{"damage":2.0,"enemies":"Shell Parasite","floor":18.0,"turns":5.0},{"damage":0.0,"enemies":"Chosen","floor":19.0,"turns":5.0},{"damage":14.0,"enemies":"Sentry and Sphere","floor":21.0,"turns":6.0},{"damage":3.0,"enemies":"Centurion and Healer","floor":24.0,"turns":5.0},{"damage":3.0,"enemies":"Snake Plant","floor":29.0,"turns":4.0},{"damage":5.0,"enemies":"Colosseum Slavers","floor":30.0,"turns":3.0},{"damage":3.0,"enemies":"Colosseum Nobs","floor":30.0,"turns":4.0},{"damage":53.0,"enemies":"Automaton","floor":33.0,"turns":12.0},{"damage":0.0,"enemies":"Orb Walker","floor":35.0,"turns":3.0},{"damage":1.0,"enemies":"3 Shapes","floor":36.0,"turns":4.0},{"damage":16.0,"enemies":"2 Orb Walkers","floor":37.0,"turns":6.0},{"damage":5.0,"enemies":"Transient","floor":39.0,"turns":5.0},{"damage":17.0,"enemies":"Sphere and 2 Shapes","floor":42.0,"turns":5.0},{"damage":6.0,"enemies":"4 Shapes","floor":45.0,"turns":4.0},{"damage":11.0,"enemies":"Jaw Worm Horde","floor":47.0,"turns":3.0},{"damage":9.0,"enemies":"Spire Growth","floor":48.0,"turns":5.0},{"damage":44,"enemies":"Donu and Deca","floor":50,"turns":11}],"seed_played":"-6784844552237846676","potions_obtained":[{"floor":2.0,"key":"CultistPotion"},{"floor":3.0,"key":"FairyPotion"},{"floor":7.0,"key":"BlessingOfTheForge"},{"floor":34.0,"key":"GhostInAJar"}],"is_trial":false,"path_per_floor":["M","M","M","$","M","R","M","M","T","$","M","R","?","M","R","B",null,"M","M","$","M","?","R","M","R","T","?","R","M","?","$","R","B",null,"M","M","?","T","M","R","?","M","T","$","M","R","M","M","R","B",null],"character_chosen":"THE_SILENT","items_purchased":["Dagger Throw","Bag of Marbles"],"campfire_rested":2,"item_purchase_floors":[4,20],"current_hp_per_floor":[77,77,77,77,77,77,65,65,65,65,61,61,54,43,66,45,77,75,75,75,61,47,71,68,68,68,57,57,57,57,57,57,31,62,62,62,55,55,62,62,59,51,51,51,48,48,46,54,54,31],"gold":37,"neow_bonus":"TEN_PERCENT_HP_BONUS","is_daily":false,"chose_seed":false,"campfire_upgraded":8,"win_rate":0.0,"timestamp":1613357248,"path_taken":["M","M","?","?","M","R","M","M","T","$","?","R","?","M","R","BOSS","M","M","$","M","?","R","M","R","T","?","R","M","?","$","R","BOSS","M","M","?","?","M","R","?","M","T","?","M","R","?","M","R","BOSS"],"items_purchased_type":["Card","Relic"],"build_version":"2020-12-22","purchased_purges":1,"victory":true,"max_hp_per_floor":[77,77,77,77,77,77,77,77,77,77,77,77,77,77,77,77,77,77,77,77,77,82,82,82,82,82,57,57,57,57,57,57,57,62,62,62,62,62,62,62,59,59,59,59,59,59,59,59,59,59],"card_choices":[{"not_picked":["Prepared","Underhanded Strike"],"picked":"Sucker Punch","floor":1.0},{"not_picked":["Acrobatics","Flying Knee"],"picked":"Quick Slash","floor":2.0},{"not_picked":["Sucker Punch","Leg Sweep"],"picked":"Backflip","floor":3.0},{"not_picked":["Masterful Stab","Dagger Spray"],"picked":"Noxious Fumes","floor":5.0},{"not_picked":["Acrobatics","Endless Agony"],"picked":"Wraith Form v2","floor":7.0},{"not_picked":["Cloak And Dagger","Deflect"],"picked":"Poisoned Stab","floor":8.0},{"not_picked":["Prepared","Poisoned Stab+1"],"picked":"Crippling Poison","floor":11.0},{"not_picked":["Quick Slash+1","Setup"],"picked":"Dash+1","floor":14.0},{"not_picked":["Unload+1","Grand Finale+1"],"picked":"Die Die Die+1","floor":16.0},{"not_picked":["Infinite Blades","Distraction+1","Crippling Poison"],"picked":"SKIP","floor":18.0},{"not_picked":["Cloak And Dagger","Crippling Poison"],"picked":"Flying Knee+1","floor":19.0},{"not_picked":["Underhanded Strike+1","Poisoned Stab+1","Dodge and Roll"],"picked":"SKIP","floor":21.0},{"not_picked":["Setup","Cloak And Dagger","Underhanded Strike+1"],"picked":"SKIP","floor":24.0},{"not_picked":["Outmaneuver+1","Finisher+1","Caltrops","Prepared"],"picked":"SKIP","floor":29.0},{"not_picked":["Unload+1","Die Die Die+1","Phantasmal Killer+1"],"picked":"Adrenaline+1","floor":33.0},{"not_picked":["Dagger Spray+1","Choke+1","Escape Plan+1"],"picked":"Predator+1","floor":34.0},{"not_picked":["Backflip+1","Endless Agony+1","Dodge and Roll+1","Noxious Fumes"],"picked":"SKIP","floor":35.0},{"not_picked":["Deflect+1","Outmaneuver+1","Poisoned Stab+1","Deadly Poison+1"],"picked":"SKIP","floor":36.0},{"not_picked":["Doppelganger+1","Deadly Poison+1","Cloak And Dagger+1","Flying Knee+1"],"picked":"SKIP","floor":39.0},{"not_picked":["Bane+1","Finisher+1","Deadly Poison+1"],"picked":"PiercingWail+1","floor":42.0},{"not_picked":["Dagger Spray+1","Deadly Poison+1","Flying Knee+1","Backflip+1"],"picked":"SKIP","floor":45.0},{"not_picked":["Bouncing Flask+1","Prepared+1","Cloak And Dagger+1","Tactician+1"],"picked":"SKIP","floor":47.0},{"not_picked":["Skewer+1","Acrobatics+1","Setup+1","Dash+1"],"picked":"SKIP","floor":48.0}],"player_experience":246187,"relics_obtained":[{"floor":9.0,"key":"Molten Egg 2"},{"floor":26.0,"key":"Question Card"},{"floor":30.0,"key":"Peace Pipe"},{"floor":30.0,"key":"Toxic Egg 2"},{"floor":37.0,"key":"Turnip"},{"floor":38.0,"key":"TungstenRod"},{"floor":43.0,"key":"Ornamental Fan"}],"event_choices":[{"cards_removed":["Strike_G"],"damage_healed":0.0,"max_hp_gain":0.0,"max_hp_loss":0.0,"gold_gain":0.0,"event_name":"Golden Wing","player_choice":"Card Removal","floor":13.0,"gold_loss":0.0,"damage_taken":7.0},{"damage_healed":0.0,"max_hp_gain":5.0,"max_hp_loss":0.0,"gold_gain":0.0,"event_name":"Forgotten Altar","player_choice":"Shed Blood","floor":22.0,"gold_loss":0.0,"damage_taken":19.0},{"damage_healed":0.0,"max_hp_gain":0.0,"max_hp_loss":25.0,"gold_gain":0.0,"event_name":"Vampires","player_choice":"Became a vampire","floor":27.0,"gold_loss":0.0,"damage_taken":0.0,"cards_obtained":["Bite","Bite","Bite","Bite","Bite"]},{"damage_healed":0.0,"max_hp_gain":0.0,"max_hp_loss":0.0,"gold_gain":0.0,"event_name":"Colosseum","player_choice":"Fight","floor":30.0,"gold_loss":0.0,"damage_taken":0.0},{"damage_healed":0.0,"max_hp_gain":0.0,"max_hp_loss":0.0,"gold_gain":0.0,"event_name":"Colosseum","player_choice":"Fought Nobs","floor":30.0,"gold_loss":0.0,"damage_taken":0.0},{"damage_healed":0.0,"max_hp_gain":0.0,"max_hp_loss":0.0,"gold_gain":0.0,"event_name":"Mysterious Sphere","player_choice":"Fight","floor":37.0,"gold_loss":0.0,"damage_taken":0.0},{"damage_healed":0.0,"max_hp_gain":0.0,"max_hp_loss":3.0,"gold_gain":0.0,"event_name":"Winding Halls","player_choice":"Max HP","floor":41.0,"gold_loss":0.0,"damage_taken":0.0}],"is_beta":false,"boss_relics":[{"not_picked":["Runic Pyramid","HoveringKite"],"picked":"Ectoplasm"},{"not_picked":["Cursed Key","Black Star"],"picked":"Tiny House"}],"items_purged_floors":[4],"is_endless":false,"potions_floor_spawned":[2,3,7,8,16,19,21,30,30,33,39,42,47,48],"ascension_level":0}}