{"host":"1eshbq9n813iloto","time":1613431841,"event":{"mods":["BaseMod","Better Third Choice","Hubris","Infinite Spire","Lobotomy","LobotomyExtend","Minty Spire (QoL Compilation)","StSLib"],"gold_per_floor":[118,66,66,82,7,7,27,60,60,60,78,78,78,91,91,91,91],"floor_reached":16,"language":"ENG","playtime":1104,"items_purged":["Strike_R"],"score":100,"play_id":"d7d1a7ec-cffd-46e2-bdd6-8bfe32f3b146","local_time":"20210215183041","is_ascension_mode":false,"campfire_choices":[{"data":"Disarm","floor":6,"key":"SMITH"},{"data":"Sword Boomerang","floor":10,"key":"SMITH"},{"data":"Bash","floor":12,"key":"SMITH"},{"floor":15,"key":"REST"}],"circlet_count":0,"master_deck":["Strike_R","Strike_R","Strike_R","Strike_R","Defend_R","Defend_R","Defend_R","Defend_R","Bash+1","MHz","Disarm+1","Armaments+1","PunishingBird","Thunderclap","BigBird","Sword Boomerang+1","Wellcheers","Twin Strike","SnowQueen","UniverseFragment"],"relics":["Burning Blood","CogitoBucket","LetterFromLob","Ginger","infinitespire:Beetle Shell","AdjustmentMirror"],"acts_visited":["Exordium"],"potions_floor_usage":[8,11,14],"damage_taken":[{"damage":6,"enemies":"Cultist","floor":1,"turns":3},{"damage":4,"enemies":"2 Louse","floor":4,"turns":4},{"damage":8,"enemies":"Jaw Worm","floor":7,"turns":5},{"damage":32,"enemies":"Gremlin Nob","floor":8,"turns":5},{"damage":21,"enemies":"Exordium Wildlife","floor":11,"turns":5},{"damage":40,"enemies":"Exordium Thugs","floor":14,"turns":5},{"damage":40,"enemies":"Slime Boss","floor":16,"turns":6}],"seed_played":"-6898572182176976779","potions_obtained":[{"floor":4,"key":"EssenceOfSteel"},{"floor":7,"key":"PowerPotion"},{"floor":8,"key":"PowerPotion"}],"is_trial":false,"path_per_floor":["M","$","?","M","$","R","M","E","T","R","M","R","M","M","R","B"],"character_chosen":"IRONCLAD","items_purchased":["Armaments"],"campfire_rested":1,"item_purchase_floors":[2],"current_hp_per_floor":[80,80,80,80,80,80,78,52,52,52,44,44,44,10,34,0,0],"gold":91,"neow_bonus":"","is_daily":false,"chose_seed":false,"campfire_upgraded":3,"win_rate":0.0,"timestamp":1613431841,"path_taken":["M","$","?","?","$","R","M","E","T","R","M","R","M","M","R","BOSS"],"items_purchased_type":["Card"],"build_version":"2020-12-13","purchased_purges":1,"victory":false,"max_hp_per_floor":[80,80,80,80,80,80,80,80,80,80,80,80,80,80,80,80,80],"card_choices":[{"not_picked":["LittlePrince","UniverseFragment"],"picked":"MHz","floor":1},{"not_picked":["Iron Wave","Flex"],"picked":"Disarm","floor":1},{"not_picked":["Murderer","ShyLook"],"picked":"PunishingBird","floor":4},{"not_picked":["Warcry","Second Wind"],"picked":"Thunderclap","floor":4},{"not_picked":["MeatLantern","Murderer"],"picked":"BigBird","floor":7},{"not_picked":["hubris:SharpeningStone","Iron Wave"],"picked":"Sword Boomerang","floor":7},{"not_picked":["VoidDream","OSAHOGD"],"picked":"Wellcheers","floor":8},{"not_picked":["Dropkick","Perfected Strike"],"picked":"Twin Strike","floor":8},{"not_picked":["Scorched","LittlePrince"],"picked":"SnowQueen","floor":11},{"not_picked":["Iron Wave","hubris:ReadiedAction","Warcry"],"picked":"SKIP","floor":11},{"not_picked":["CherryBlossoms","QueenBee"],"picked":"UniverseFragment","floor":14},{"not_picked":["Perfected Strike","hubris:ReadiedAction","Reckless Charge"],"picked":"SKIP","floor":14}],"player_experience":2232,"relics_obtained":[{"floor":1,"key":"LetterFromLob"},{"floor":8,"key":"Ginger"},{"floor":9,"key":"infinitespire:Beetle Shell"}],"event_choices":[{"damage_healed":0,"gold_gain":0,"player_choice":"Forge","damage_taken":0,"max_hp_gain":0,"max_hp_loss":0,"event_name":"Accursed Blacksmith","floor":3,"gold_loss":0,"cards_upgraded":["Armaments"]}],"is_beta":false,"boss_relics":[],"items_purged_floors":[5],"is_endless":false,"potions_floor_spawned":[4,7,8],"killed_by":"Slime Boss","ascension_level":0}}