{"host":"ac6e1xz8pi3qqstb","time":1613381054,"event":{"mods":["BaseMod","Dio Mod","Minty Spire (QoL Compilation)","MostiFishMod","StSLib","¡¾ÒÅÎï¿¨ÅÆ¡¿REMEMod"],"gold_per_floor":[119,130,150,150,150,150,47,47,47,47,66,66,66,77,77,176,176,176,176],"floor_reached":18,"language":"ZHS","playtime":598,"items_purged":[],"score":150,"play_id":"6b661302-383b-413b-ab5f-746e8f269625","local_time":"20210215172414","is_ascension_mode":false,"campfire_choices":[{"data":"MostiFishMod:VineMother","floor":6.0,"key":"SMITH"},{"data":"dioMod:BloodShield","floor":8.0,"key":"SMITH"},{"data":"dioMod:Minions","floor":10.0,"key":"SMITH"},{"data":"dioMod:BlendIn","floor":12.0,"key":"SMITH"},{"data":"dioMod:LaserVision","floor":15.0,"key":"SMITH"}],"circlet_count":0,"master_deck":["dioMod:Strike","dioMod:Strike","dioMod:Strike","dioMod:Strike","Bite+1","dioMod:Defend","dioMod:Defend","dioMod:Defend","dioMod:Defend","MostiFishMod:VineMother+1","dioMod:CautiousMuda+1","dioMod:BlendIn+1","dioMod:RoadRoller+1","dioMod:Minions+1","dioMod:BloodShield+1","dioMod:LaserVision+1","dioMod:LaserVision","dioMod:PathToHeaven"],"relics":["dioMod:VampireBlood","DaveBox","REME_ComplimentaryCards","SynthV:TestCard","Matryoshka","REME_LowDesire","Bag of Preparation","MealTicket"],"acts_visited":["Exordium","TheCity"],"potions_floor_usage":[],"damage_taken":[{"damage":1.0,"enemies":"Cultist","floor":1.0,"turns":4.0},{"damage":6.0,"enemies":"Jaw Worm","floor":2.0,"turns":4.0},{"damage":0.0,"enemies":"Small Slimes","floor":3.0,"turns":3.0},{"damage":9.0,"enemies":"3 Louse","floor":11.0,"turns":3.0},{"damage":5.0,"enemies":"Gremlin Gang","floor":14.0,"turns":3.0},{"damage":15.0,"enemies":"Slime Boss","floor":16.0,"turns":6.0},{"damage":28,"enemies":"Spheric Guardian","floor":18,"turns":6}],"seed_played":"-2418239530264686911","potions_obtained":[{"floor":1.0,"key":"dioMod:HumanBlood"},{"floor":3.0,"key":"SteroidPotion"},{"floor":14.0,"key":"Weak Potion"}],"is_trial":false,"path_per_floor":["M","M","M","?","?","R","$","R","T","R","M","R","$","M","R","B",null,"M"],"character_chosen":"THE_DEFAULT","items_purchased":["dioMod:Minions","dioMod:BloodShield"],"campfire_rested":0,"item_purchase_floors":[7,7],"current_hp_per_floor":[82,79,82,82,66,66,66,66,66,66,66,66,66,76,76,76,82,57,57],"gold":176,"neow_bonus":"TEN_PERCENT_HP_BONUS","is_daily":false,"chose_seed":false,"campfire_upgraded":5,"win_rate":0.0,"timestamp":1613381054,"path_taken":["M","?","M","?","?","R","?","R","T","R","M","R","$","M","R","BOSS","M"],"items_purchased_type":["Card","Card"],"build_version":"2020-12-22","purchased_purges":0,"victory":false,"max_hp_per_floor":[82,82,82,82,82,82,82,82,82,82,82,82,82,82,82,82,82,82,82],"card_choices":[{"not_picked":["dioMod:SlashThroughTime","dioMod:Pluck"],"picked":"dioMod:CautiousMuda","floor":1.0},{"not_picked":["dioMod:BloodShield","dioMod:SecretPlan","dioMod:TripleThreat","dioMod:Diversion"],"picked":"dioMod:BlendIn","floor":2.0},{"not_picked":["dioMod:BloodSuck","dioMod:BloodTransfusion","dioMod:Roundabout","dioMod:StreetSign"],"picked":"dioMod:RoadRoller","floor":3.0},{"not_picked":["dioMod:Muda","dioMod:BloodSplash","dioMod:StreetSign","dioMod:SecretPlan"],"picked":"dioMod:LaserVision","floor":11.0},{"not_picked":["dioMod:TripleThreat","dioMod:DarkRebirth","dioMod:BloodShield","dioMod:Roundabout"],"picked":"dioMod:LaserVision","floor":14.0},{"not_picked":["dioMod:KonoDioDa","dioMod:TheWalk","dioMod:Refresh","dioMod:Despair"],"picked":"dioMod:PathToHeaven","floor":16.0}],"player_experience":439760,"relics_obtained":[{"floor":1.0,"key":"SynthV:TestCard"},{"floor":9.0,"key":"Matryoshka"},{"floor":17,"key":"Bag of Preparation"},{"floor":17,"key":"MealTicket"}],"event_choices":[{"damage_healed":0.0,"max_hp_gain":0.0,"max_hp_loss":0.0,"gold_gain":0.0,"event_name":"Living Wall","player_choice":"Grow","floor":4.0,"gold_loss":0.0,"damage_taken":0.0,"cards_upgraded":["dioMod:RoadRoller"]},{"damage_healed":0.0,"max_hp_gain":0.0,"max_hp_loss":0.0,"gold_gain":0.0,"event_name":"Shining Light","player_choice":"Entered Light","floor":5.0,"gold_loss":0.0,"damage_taken":16.0,"cards_upgraded":["Bite","dioMod:CautiousMuda"]}],"is_beta":false,"boss_relics":[{"not_picked":["Coffee Dripper","EE1DDrone"],"picked":"REME_LowDesire"}],"items_purged_floors":[],"is_endless":false,"potions_floor_spawned":[1,3,14,16],"killed_by":"Spheric Guardian","ascension_level":0}}