{"host":"nzc89rt2v0ulh15o","time":1613357157,"event":{"mods":["2.2 Compatiblity","BaseMod","Downfall","Hermit","Hubris","Minty Spire (QoL Compilation)","Replay The Spire","Shop Mod","StSLib","The Bug Knight","The Construct","The Cursed","The Disciple","The Hierophant","The Runesmith","The Servant 0.9.4"],"gold_per_floor":[99,119,138,138,88,88,161,184,184,195,195,211,211,238,248,345,345,345,356,367,367,383,383,453,453,64,64,99,199,299,299,299],"floor_reached":31,"language":"SPA","playtime":953,"items_purged":["Looming Evil"],"score":328,"play_id":"dc5eb8be-3283-45b4-9741-45a8cbf5e6bc","local_time":"20210214204557","is_ascension_mode":true,"campfire_choices":[{"data":"Zap","floor":1,"key":"SMITH"},{"data":"Bash","floor":6,"key":"SMITH"},{"data":"Streamline","floor":9,"key":"SMITH"},{"data":"Sweeping Beam","floor":11,"key":"SMITH"},{"data":"Lockon","floor":18,"key":"SMITH"},{"floor":23,"key":"REST"},{"floor":25,"key":"REST"},{"data":"Heavy Blade","floor":27,"key":"SMITH"}],"circlet_count":0,"master_deck":["Strike_B","Strike_B","Strike_B","Defend_B","Defend_B","Defend_B","Defend_B","Zap+1","Streamline+1","Sweeping Beam+1","Bash+1","Heavy Blade+1","Lockon+1","BasicCrystalCard","Lockon+1","Defragment"],"relics":["Iron Core","Symbiotic Virus","ReplayTheSpireMod:Ring of Collecting","ReplayTheSpireMod:Ring of Challenge","SlaversCollar","Ring of Shattering","Pantograph","Replay:Frozen Program","Gremlin Food","hubris:ToyBattleship","Du-Vu Doll","Bottled Flame"],"acts_visited":["Exordium","TheCity"],"potions_floor_usage":[20,22,28,30],"damage_taken":[{"damage":0,"enemies":"Small Slimes","floor":2,"turns":3},{"damage":2,"enemies":"Jaw Worm","floor":3,"turns":2},{"damage":1,"enemies":"Cultist","floor":10,"turns":3},{"damage":0,"enemies":"Exordium Wildlife","floor":12,"turns":3},{"damage":9,"enemies":"2 Fungi Beasts","floor":14,"turns":3},{"damage":20,"enemies":"Gremlin Gang","floor":15,"turns":3},{"damage":26,"enemies":"SI_SHIV_ARCHETYPE","floor":16,"turns":6},{"damage":33,"enemies":"downfall:LooterAlt2","floor":19,"turns":3},{"damage":14,"enemies":"Snake Plant","floor":20,"turns":2},{"damage":5,"enemies":"Snecko","floor":22,"turns":3},{"damage":10,"enemies":"downfall:FleeingMerchant","floor":26,"turns":4},{"damage":58,"enemies":"Gremlin Leader","floor":28,"turns":5},{"damage":47,"enemies":"IC_STATUS_ARCHETYPE","floor":30,"turns":5},{"damage":7,"enemies":"3 Cultists","floor":31,"turns":2}],"seed_played":"-9020311408665528145","potions_obtained":[{"floor":2,"key":"LiquidMemories"},{"floor":3,"key":"PowerPotion"},{"floor":14,"key":"Swift Potion"},{"floor":20,"key":"Energy Potion"},{"floor":21,"key":"FairyPotion"},{"floor":28,"key":"LiquidMemories"}],"is_trial":false,"path_per_floor":["R","M","M","?","?","R","T","T","R","M","R","M","?","M","M","B",null,"R","M","M","?","M","R","T","R","$","R","E","?","?","M"],"character_chosen":"DEFECT","items_purchased":["Replay:Frozen Program","Gremlin Food"],"campfire_rested":2,"item_purchase_floors":[26,26],"current_hp_per_floor":[75,75,73,73,73,73,73,73,73,72,72,72,72,63,43,17,66,66,33,19,19,14,38,38,62,52,52,24,24,2,0,0],"gold":299,"neow_bonus":"TEN_PERCENT_HP_BONUS","is_daily":false,"chose_seed":false,"campfire_upgraded":6,"win_rate":0.0,"timestamp":1613357157,"path_taken":["R","M","M","?","?","R","T","?","R","M","R","?","?","M","M","BOSS","R","M","M","?","?","R","T","R","?","R","E","?","?","M"],"items_purchased_type":["Relic","Relic"],"build_version":"2020-12-22","purchased_purges":1,"victory":false,"max_hp_per_floor":[82,82,82,82,82,82,82,82,82,82,82,82,82,82,82,82,82,82,82,82,82,82,82,82,82,82,82,82,82,82,82,82],"card_choices":[{"not_picked":["Rip and Tear","Turbo"],"picked":"Streamline","floor":2},{"not_picked":["Beam Cell","Fusion"],"picked":"Sweeping Beam","floor":3},{"not_picked":["Chill","WeaponsOverheat","Reprogram"],"picked":"SKIP","floor":10},{"not_picked":["Hologram","Compile Driver"],"picked":"Heavy Blade","floor":12},{"not_picked":["Skim","Anger","Redo"],"picked":"SKIP","floor":14},{"not_picked":["Clash","Leap"],"picked":"Lockon","floor":15},{"not_picked":["Recycle","Streamline","Steam"],"picked":"SKIP","floor":19},{"not_picked":["Hello World","hubris:PowerSurge"],"picked":"BasicCrystalCard","floor":20},{"not_picked":["Stack","Barrage"],"picked":"Lockon+1","floor":22},{"not_picked":["Compile Driver","Sweeping Beam","Panic Button"],"picked":"SKIP","floor":26},{"not_picked":["BasicCrystalCard","ReplayTheSpireMod:GoodbyeWorld"],"picked":"Defragment","floor":28}],"player_experience":479858,"relics_obtained":[{"floor":7,"key":"Symbiotic Virus"},{"floor":8,"key":"Pen Nib"},{"floor":13,"key":"ReplayTheSpireMod:Ring of Collecting"},{"floor":13,"key":"ReplayTheSpireMod:Ring of Challenge"},{"floor":24,"key":"Ring of Shattering"},{"floor":24,"key":"Pantograph"},{"floor":28,"key":"hubris:ToyBattleship"},{"floor":30,"key":"Du-Vu Doll"},{"floor":30,"key":"Bottled Flame"}],"event_choices":[{"cards_removed":["Strike_B"],"damage_healed":0,"gold_gain":0,"player_choice":"Card Removal","damage_taken":0,"max_hp_gain":0,"max_hp_loss":0,"event_name":"The Cleric","floor":5,"gold_loss":50}],"is_beta":false,"boss_relics":[{"not_picked":["Cursed Key","Replay:Grab Bag"],"picked":"SlaversCollar"}],"items_purged_floors":[26],"is_endless":false,"potions_floor_spawned":[2,3,14,15,20,28],"killed_by":"3 Cultists","ascension_level":7}}