{"host":"2eh6kef149pfh93v","time":1613359472,"event":{"mods":["2.2 Compatiblity","Act Like it!","Aspiration","BaseMod","Clockwork Mod","Conspire","Energized Spire","Gensokyo","GifTheSpireLib","Hero for Fun","Hubris","Infinite Spire","Marisa????????","Minty Spire (QoL Compilation)","Reliquary","Replay The Spire","Shop Mod","StSLib","Stuff the Spire","The Servant 0.9.4","Waifu the Spire","Yakumo Yukari mod"],"gold_per_floor":[99,99,20,56,98,98,176,176,199,199,211,223,319,70,70,382,532,532,532],"floor_reached":18,"language":"ENG","playtime":499,"items_purged":[],"score":164,"play_id":"eedd7795-4fd4-4666-b414-c8fba57e6707","local_time":"20210214222432","daily_mods":["Hoarder","Vintage","Heirloom","Time Dilation","Flight","Lethality","Midas"],"is_ascension_mode":false,"campfire_choices":[{"floor":6,"key":"REST"},{"floor":8,"key":"REST"},{"floor":12,"key":"REST"},{"floor":15,"key":"REST"}],"circlet_count":0,"master_deck":["Strike_S","Strike_S","Strike_S","Strike_S","Defend_S","Defend_S","Defend_S+1","Defend_S","KidneyShot","Exchange","Inflame","Inflame","Inflame","SilverBlades","GearUp","GearUp","GearUp","hubris:DuctTapeCard","hubris:DuctTapeCard","hubris:DuctTapeCard"],"relics":["StuffTheSpire:Nightcore","m_ScarletBlood","StuffTheSpire:PointBlank","reliquary:RosewoodLute","StuffTheSpire:ForceGauntlet","infinitespire:PuzzleCube","MawBank","hubris:Towel","Replay:Rubber Ducky","hubris:DuctTape","Tiny House"],"acts_visited":["Gensokyo:Gensokyo","Gensokyo:Gensokyoer"],"potions_floor_usage":[7],"damage_taken":[{"damage":0,"enemies":"Gensokyo:Python","floor":4,"turns":2},{"damage":22,"enemies":"Gensokyo:Gryphon","floor":5,"turns":3},{"damage":54,"enemies":"Gensokyo:Cirno","floor":7,"turns":6},{"damage":26,"enemies":"Gensokyo:Aya","floor":13,"turns":5},{"damage":17,"enemies":"Gensokyo:Yukari","floor":16,"turns":9},{"damage":17,"enemies":"Gensokyo:CosmicMonolith","floor":18,"turns":3}],"seed_played":"-9130590079733012577","potions_obtained":[{"floor":5,"key":"SkillPotion"},{"floor":16,"key":"Cursed Concoction"},{"floor":17,"key":"DuplicationPotion"}],"is_trial":true,"path_per_floor":["?","?","$","M","M","R","E","R","T","T","?","R","E","$","R","B",null,"M"],"character_chosen":"THE_SERVANT","items_purchased":["SilverBlades","hubris:DuctTape"],"campfire_rested":4,"item_purchase_floors":[3,14],"current_hp_per_floor":[65,65,65,65,43,62,8,27,27,27,27,46,20,20,39,22,70,53,53],"gold":532,"neow_bonus":"","is_daily":false,"chose_seed":false,"campfire_upgraded":0,"win_rate":0.0,"timestamp":1613359472,"path_taken":["?","?","?","?","?","R","E","R","T","?","?","R","E","?","R","BOSS","M"],"items_purchased_type":["Card","Relic"],"build_version":"2020-12-22","purchased_purges":0,"victory":false,"max_hp_per_floor":[65,65,65,65,65,65,65,65,65,65,65,65,65,65,65,65,70,70,70],"card_choices":[{"not_picked":["Replace","ReplayTheSpireMod:Muscle Training"],"picked":"GearUp","floor":7},{"not_picked":["Ricochet","Deny","Inflame"],"picked":"SKIP","floor":13}],"player_experience":5789,"relics_obtained":[{"floor":4,"key":"StuffTheSpire:PointBlank"},{"floor":5,"key":"reliquary:RosewoodLute"},{"floor":7,"key":"StuffTheSpire:ForceGauntlet"},{"floor":9,"key":"infinitespire:PuzzleCube"},{"floor":10,"key":"MawBank"},{"floor":13,"key":"Replay:Rubber Ducky"}],"event_choices":[],"is_beta":false,"boss_relics":[{"not_picked":["Ring of Chaos","aspiration:SecretTechniqueScroll"],"picked":"Tiny House"}],"items_purged_floors":[],"is_endless":false,"potions_floor_spawned":[5,16],"killed_by":"Gensokyo:CosmicMonolith","ascension_level":0}}