{"host":"syfsfjmzue8y1a6l","time":1613401956,"event":{"mods":["AchievementEnabler","BaseMod","Colored Map","DeckTracker","Minty Spire (QoL Compilation)","SuperFastMode"],"gold_per_floor":[119,132,151,162,182,214,214,214,238,252,252,252],"floor_reached":11,"language":"KOR","playtime":478,"items_purged":[],"score":77,"play_id":"2b945844-d09c-490f-bb63-2ba78442487b","local_time":"20210216001236","is_ascension_mode":false,"campfire_choices":[{"floor":7,"key":"REST"}],"circlet_count":0,"master_deck":["Strike_B","Strike_B","Strike_B","Strike_B","Defend_B","Defend_B","Defend_B","Defend_B","Zap","Dualcast","Gash","Beam Cell","Streamline","Hologram"],"relics":["Sozu","Letter Opener","Nunchaku","Oddly Smooth Stone"],"acts_visited":["Exordium"],"potions_floor_usage":[],"damage_taken":[{"damage":1,"enemies":"Jaw Worm","floor":1,"turns":3},{"damage":2,"enemies":"Small Slimes","floor":2,"turns":3},{"damage":1,"enemies":"Cultist","floor":3,"turns":4},{"damage":5,"enemies":"Looter","floor":4,"turns":4},{"damage":21,"enemies":"Lots of Slimes","floor":5,"turns":5},{"damage":38,"enemies":"3 Sentries","floor":6,"turns":10},{"damage":4,"enemies":"Exordium Thugs","floor":10,"turns":3},{"damage":14,"enemies":"Lagavulin","floor":11,"turns":5}],"seed_played":"-1464742200360491126","potions_obtained":[],"is_trial":false,"path_per_floor":["M","M","M","M","M","E","R","?","T","M","E"],"character_chosen":"DEFECT","items_purchased":[],"campfire_rested":1,"item_purchase_floors":[],"current_hp_per_floor":[74,72,71,66,45,7,29,11,11,7,0,0],"gold":252,"neow_bonus":"BOSS_RELIC","is_daily":false,"chose_seed":false,"campfire_upgraded":0,"win_rate":0.0,"timestamp":1613401956,"path_taken":["M","M","M","M","M","E","R","?","T","M","E"],"items_purchased_type":[],"build_version":"2020-12-22","purchased_purges":0,"victory":false,"max_hp_per_floor":[75,75,75,75,75,75,75,75,75,75,75,75],"card_choices":[{"not_picked":["Recycle","Sweeping Beam"],"picked":"Gash","floor":1},{"not_picked":["Coolheaded","Ball Lightning","Steam"],"picked":"SKIP","floor":2},{"not_picked":["Chill","Doom and Gloom","Consume"],"picked":"SKIP","floor":3},{"not_picked":["Reinforced Body","Ball Lightning"],"picked":"Beam Cell","floor":4},{"not_picked":["Turbo","Rainbow","Leap"],"picked":"SKIP","floor":5},{"not_picked":["Stack","Hello World"],"picked":"Streamline","floor":6},{"not_picked":["Leap","Go for the Eyes"],"picked":"Hologram","floor":10}],"player_experience":70980,"relics_obtained":[{"floor":6,"key":"Letter Opener"},{"floor":9,"key":"Oddly Smooth Stone"}],"event_choices":[{"damage_healed":0,"gold_gain":0,"player_choice":"Success","damage_taken":18,"relics_obtained":["Nunchaku"],"max_hp_gain":0,"max_hp_loss":0,"event_name":"Scrap Ooze","floor":8,"gold_loss":0}],"is_beta":false,"boss_relics":[],"items_purged_floors":[],"is_endless":false,"potions_floor_spawned":[1,3,10],"killed_by":"Lagavulin","ascension_level":0}}