{"host":"tia00321x3ndnwo4","time":1613357638,"event":{"mods":["2.2 Compatiblity","BaseMod","Bestiary","Colored Map","Colored Powertips","Curses Come First","Downfall","Highlight Path","Minty Spire (QoL Compilation)","Relic Stats","Slay the Relics Exporter","StSLib","SuperFastMode"],"gold_per_floor":[349,367,367,387,405,405,405,437,452,452,184,195,195,211,229,324,324,324,338,348,367,24,24,79,79,79,79,79],"floor_reached":26,"language":"ENG","playtime":852,"items_purged":["bronze:WhirlingStrike","downfall:Malfunctioning","bronze:Defend"],"score":247,"play_id":"9e09be5e-3ee5-4b49-9562-1ee46e744c54","local_time":"20210214185358","is_ascension_mode":true,"campfire_choices":[{"data":"bronze:Goto","floor":1,"key":"SMITH"},{"data":"bronze:Flail","floor":6,"key":"SMITH"},{"data":"bronze:Flail","floor":13,"key":"SMITH"},{"data":"bronze:SpaghettiCode","floor":18,"key":"SMITH"},{"data":"bronze:Terminator","floor":25,"key":"SMITH"}],"circlet_count":0,"master_deck":["bronze:Strike","bronze:Strike+1","bronze:Strike","bronze:Strike+1","bronze:Defend","bronze:Defend+1","bronze:Defend","bronze:Replicate","bronze:Goto+1","bronze:Flail+1","bronze:Iterate","bronze:Flail+1","bronze:Boost","bronze:Optimize","bronze:Turbo","bronze:RecursiveStrike","bronze:SpaghettiCode+1","bronze:Terminator+1","bronze:Separator","bronze:Turbo"],"relics":["bronze:PlatinumCore","FossilizedHelix","Singing Bowl","Toolbox","Smiling Mask"],"acts_visited":["Exordium","TheCity"],"potions_floor_usage":[8,16,16,16,16,16,22],"damage_taken":[{"damage":0,"enemies":"2 Louse","floor":2,"turns":3},{"damage":0,"enemies":"Cultist","floor":4,"turns":3},{"damage":0,"enemies":"Small Slimes","floor":5,"turns":2},{"damage":0,"enemies":"Lagavulin","floor":8,"turns":6},{"damage":0,"enemies":"Exordium Wildlife","floor":9,"turns":2},{"damage":4,"enemies":"downfall:FleeingMerchant","floor":11,"turns":4},{"damage":1,"enemies":"Exordium Thugs","floor":12,"turns":3},{"damage":0,"enemies":"Blue Slaver","floor":14,"turns":2},{"damage":0,"enemies":"Red Slaver","floor":15,"turns":2},{"damage":13,"enemies":"IC_STATUS_ARCHETYPE","floor":16,"turns":4},{"damage":0,"enemies":"Chosen","floor":19,"turns":2},{"damage":0,"enemies":"Spheric Guardian","floor":20,"turns":3},{"damage":0,"enemies":"Snecko","floor":21,"turns":3},{"damage":9,"enemies":"downfall:FleeingMerchant","floor":22,"turns":4},{"damage":62,"enemies":"Book of Stabbing","floor":26,"turns":6}],"seed_played":"-249711922438818871","potions_obtained":[{"floor":2,"key":"SkillPotion"},{"floor":12,"key":"DuplicationPotion"},{"floor":14,"key":"Dexterity Potion"},{"floor":15,"key":"EntropicBrew"},{"floor":21,"key":"FearPotion"}],"is_trial":false,"path_per_floor":["R","M","?","M","M","R","T","E","M","?","$","M","R","M","M","B",null,"R","M","M","M","$","?","T","R","E"],"character_chosen":"THE_AUTOMATON","items_purchased":["bronze:Boost","bronze:Turbo","Toolbox"],"campfire_rested":0,"item_purchase_floors":[11,22,22],"current_hp_per_floor":[63,63,63,63,63,63,63,65,67,67,63,62,62,62,62,49,67,67,69,69,69,62,62,62,62,0,0,0],"gold":79,"neow_bonus":"TWO_FIFTY_GOLD","is_daily":false,"chose_seed":false,"campfire_upgraded":5,"win_rate":0.0,"timestamp":1613357638,"path_taken":["R","M","?","M","M","R","T","E","M","?","$","?","R","M","M","BOSS","R","M","M","M","$","?","T","R","E"],"items_purchased_type":["Card","Card","Relic"],"build_version":"2020-12-22","purchased_purges":3,"victory":false,"max_hp_per_floor":[63,63,63,63,63,63,63,65,67,67,67,67,67,67,67,67,67,67,69,69,69,71,71,71,71,71,71,71],"relic_stats":{"Singing Bowl":8,"counters":[15,49],"Smiling Mask":0,"obtain_stats":[{"bronze:PlatinumCore":17,"bronze:BronzeCore":0,"Singing Bowl":8,"Toolbox":22,"Smiling Mask":24,"FossilizedHelix":7},{"bronze:PlatinumCore":10,"bronze:BronzeCore":0,"Singing Bowl":4,"Toolbox":14,"Smiling Mask":14,"FossilizedHelix":3},{"bronze:PlatinumCore":31,"bronze:BronzeCore":0,"Singing Bowl":14,"Toolbox":43,"Smiling Mask":43,"FossilizedHelix":8}]},"card_choices":[{"not_picked":["bronze:DarkDash","bronze:CutThrough"],"picked":"bronze:Flail","floor":2},{"not_picked":["bronze:BronzeArmor","bronze:Fortify"],"picked":"bronze:WhirlingStrike","floor":4},{"not_picked":["bronze:BugBarrage","bronze:Overload"],"picked":"bronze:Iterate","floor":5},{"not_picked":["bronze:Fortify","bronze:Refactor","bronze:Overload"],"picked":"Singing Bowl","floor":8},{"not_picked":["bronze:Philosophize","bronze:Overload","bronze:Deprecate"],"picked":"Singing Bowl","floor":9},{"not_picked":["bronze:FineTuning","bronze:Return"],"picked":"bronze:Flail","floor":11},{"not_picked":["bronze:Fortify","bronze:DelayedGuard"],"picked":"bronze:Optimize","floor":12},{"not_picked":["bronze:Safeguard","bronze:WildBeam"],"picked":"bronze:Turbo","floor":14},{"not_picked":["bronze:Turbo","bronze:Overheat"],"picked":"bronze:RecursiveStrike","floor":15},{"not_picked":["bronze:Virus","bronze:HyperBeam"],"picked":"bronze:SpaghettiCode","floor":16},{"not_picked":["bronze:BugBarrage","bronze:Constructor","bronze:BuggyMess+1"],"picked":"Singing Bowl","floor":19},{"not_picked":["bronze:Optimize","bronze:Return"],"picked":"bronze:Terminator","floor":20},{"not_picked":["bronze:ForceShield","bronze:Deprecate"],"picked":"bronze:Separator","floor":21},{"not_picked":["bronze:Shell","bronze:ClassDefault+1","bronze:Safeguard"],"picked":"Singing Bowl","floor":22}],"player_experience":215112,"relics_obtained":[{"floor":7,"key":"FossilizedHelix"},{"floor":8,"key":"Singing Bowl"},{"floor":24,"key":"Smiling Mask"}],"event_choices":[],"is_beta":false,"boss_relics":[{"not_picked":["Snecko Eye","Black Star"],"picked":"bronze:PlatinumCore"}],"items_purged_floors":[11,11,22],"is_endless":false,"potions_floor_spawned":[2,12,14,15,21],"killed_by":"Book of Stabbing","ascension_level":1}}