{"host":"yy1cu9q9bsxhflzi","time":1613411719,"event":{"mods":["BaseMod","DeckTracker","Minty Spire (QoL Compilation)","Quick Restart","StSLib","SuperFastMode","everything is the same but u backflip on backflip"],"gold_per_floor":[116,127,137,212,231,231,243,168,193,193,193],"floor_reached":10,"language":"KOR","playtime":163,"items_purged":["Strike_G"],"score":111,"play_id":"4cc0f57c-e18f-472d-bddd-db2ef3572c63","local_time":"20210216025519","is_ascension_mode":true,"campfire_choices":[{"data":"Calculated Gamble","floor":6,"key":"SMITH"}],"circlet_count":0,"master_deck":["AscendersBane","Strike_G","Strike_G","Strike_G","Strike_G","Defend_G","Defend_G","Defend_G","Defend_G","Defend_G","Survivor","Neutralize","Glass Knife","Acrobatics","Calculated Gamble+1","Tactician","Masterful Stab","Dagger Throw"],"relics":["Ring of the Snake","Bag of Marbles"],"acts_visited":["Exordium"],"potions_floor_usage":[10],"damage_taken":[{"damage":0,"enemies":"2 Louse","floor":1,"turns":2},{"damage":2,"enemies":"Small Slimes","floor":2,"turns":3},{"damage":1,"enemies":"Cultist","floor":3,"turns":3},{"damage":4,"enemies":"3 Louse","floor":5,"turns":4},{"damage":11,"enemies":"Looter","floor":7,"turns":2},{"damage":14,"enemies":"Lagavulin","floor":10,"turns":9}],"seed_played":"6433408216096185681","potions_obtained":[{"floor":3,"key":"Dexterity Potion"},{"floor":5,"key":"Energy Potion"}],"is_trial":false,"path_per_floor":["M","M","M","?","M","R","M","$","T","E"],"character_chosen":"THE_SILENT","items_purchased":[],"campfire_rested":0,"item_purchase_floors":[],"current_hp_per_floor":[44,42,41,30,26,26,15,15,15,1,1],"gold":193,"neow_bonus":"THREE_RARE_CARDS","is_daily":false,"chose_seed":false,"campfire_upgraded":1,"win_rate":0.0,"timestamp":1613411719,"path_taken":["M","M","M","?","M","R","M","$","T","E"],"items_purchased_type":[],"build_version":"2020-12-22","purchased_purges":1,"victory":false,"max_hp_per_floor":[66,66,66,66,66,66,66,66,66,66,66],"card_choices":[{"not_picked":["Corpse Explosion","Phantasmal Killer"],"picked":"Glass Knife","floor":0},{"not_picked":["All Out Attack","Expertise"],"picked":"Acrobatics","floor":1},{"not_picked":["Riddle With Holes","PiercingWail"],"picked":"Calculated Gamble","floor":2},{"not_picked":["Bane","Slice"],"picked":"Tactician","floor":3},{"not_picked":["Heel Hook","Well Laid Plans"],"picked":"Masterful Stab","floor":5},{"not_picked":["Predator","Concentrate"],"picked":"Dagger Throw","floor":7}],"player_experience":3912494,"relics_obtained":[{"floor":9,"key":"Bag of Marbles"}],"event_choices":[{"damage_healed":0,"gold_gain":75,"player_choice":"Gather Gold","damage_taken":11,"max_hp_gain":0,"max_hp_loss":0,"event_name":"World of Goop","floor":4,"gold_loss":0}],"is_beta":false,"boss_relics":[],"items_purged_floors":[8],"is_endless":false,"potions_floor_spawned":[3,5,7],"killed_by":"Lagavulin","ascension_level":17}}