{"host":"mi0eibewekhugwl1","time":1613405926,"event":{"mods":["AchievementEnabler","BaseMod","Colored Map","Colored Powertips","DeckTracker","Keyboard Shortcuts","Minty Spire (QoL Compilation)","Quick Restart","Rare Cards Sparkle","Relic Stats","StSLib","SuperFastMode","everything is the same but u backflip on backflip"],"gold_per_floor":[211,211,228,58,72,72,89,114,114,147,161,179,207,207,207,284,284,297,138,138,153,153,153,166,5,82,96,96,109,143,193,193,265,265,275,295,310,48,270,270,302,302,302,318,335,363,376,402,402,402,402,402,402,18,45,45],"floor_reached":57,"language":"KOR","playtime":1409,"items_purged":["Strike_G","Strike_G"],"score":3033,"play_id":"146a0ce2-d9de-4f47-9eed-6da81fd1ea30","local_time":"20210216011846","is_ascension_mode":true,"campfire_choices":[{"data":"Neutralize","floor":6.0,"key":"SMITH"},{"data":"Noxious Fumes","floor":15,"key":"SMITH"},{"data":"Accuracy","floor":23,"key":"SMITH"},{"data":"Footwork","floor":32,"key":"SMITH"},{"data":"Infinite Blades","floor":40,"key":"SMITH"},{"floor":42,"key":"RECALL"},{"floor":49,"key":"REST"},{"floor":53,"key":"REST"}],"circlet_count":0,"master_deck":["AscendersBane","Defend_G","Defend_G","Defend_G","Defend_G","Defend_G","Survivor","Neutralize+1","Blade Dance+1","Escape Plan+1","Acrobatics+1","Blade Dance+1","Blade Dance+1","PiercingWail+1","Cloak And Dagger+1","Backflip+1","Noxious Fumes+1","Blur+1","Burst+1","Terror+1","Cloak And Dagger+1","Cloak And Dagger+1","Accuracy+1","Infinite Blades+1","Footwork+1","Dodge and Roll+1","Venomology+1","PiercingWail+1","Acrobatics+1","Backflip+1","Tactician+1","Cloak And Dagger+1","Riddle With Holes+1","Footwork","Master of Strategy+1","Flash of Steel"],"relics":["Ring of the Snake","Toxic Egg 2","Odd Mushroom","Shuriken","Regal Pillow","PreservedInsect","Empty Cage","ClockworkSouvenir","Gremlin Horn","MutagenicStrength","Red Mask","WristBlade","Ornamental Fan","Bag of Marbles","StrikeDummy","Whetstone","Bottled Tornado"],"acts_visited":["Exordium","TheCity","TheBeyond","TheEnding"],"potions_floor_usage":[16,18,18,27,35,37,41,56,56],"damage_taken":[{"damage":1.0,"enemies":"Jaw Worm","floor":1.0,"turns":4.0},{"damage":3.0,"enemies":"Small Slimes","floor":3.0,"turns":4.0},{"damage":0.0,"enemies":"Cultist","floor":5.0,"turns":3.0},{"damage":2.0,"enemies":"Exordium Wildlife","floor":7.0,"turns":3.0},{"damage":4.0,"enemies":"The Mushroom Lair","floor":8.0,"turns":4.0},{"damage":12.0,"enemies":"3 Sentries","floor":10.0,"turns":5.0},{"damage":0.0,"enemies":"3 Louse","floor":11.0,"turns":3.0},{"damage":0.0,"enemies":"2 Fungi Beasts","floor":12.0,"turns":2.0},{"damage":0.0,"enemies":"Gremlin Nob","floor":13.0,"turns":2.0},{"damage":1,"enemies":"Hexaghost","floor":16,"turns":7},{"damage":0,"enemies":"Shell Parasite","floor":18,"turns":2},{"damage":5,"enemies":"2 Thieves","floor":21,"turns":4},{"damage":1,"enemies":"Cultist and Chosen","floor":24,"turns":5},{"damage":6,"enemies":"Snecko","floor":27,"turns":5},{"damage":0,"enemies":"Centurion and Healer","floor":29,"turns":2},{"damage":0,"enemies":"Masked Bandits","floor":30,"turns":1},{"damage":0,"enemies":"Collector","floor":33,"turns":5},{"damage":3,"enemies":"3 Darklings","floor":35,"turns":4},{"damage":0,"enemies":"3 Shapes","floor":36,"turns":1},{"damage":0,"enemies":"Jaw Worm Horde","floor":37,"turns":2},{"damage":0,"enemies":"Reptomancer","floor":41,"turns":3},{"damage":6,"enemies":"Spire Growth","floor":44,"turns":3},{"damage":6,"enemies":"Writhing Mass","floor":45,"turns":5},{"damage":0,"enemies":"Giant Head","floor":46,"turns":2},{"damage":12,"enemies":"Maw","floor":47,"turns":4},{"damage":21,"enemies":"Nemesis","floor":48,"turns":3},{"damage":4,"enemies":"Awakened One","floor":50,"turns":8},{"damage":33,"enemies":"Donu and Deca","floor":51,"turns":6},{"damage":8,"enemies":"Shield and Spear","floor":55,"turns":3},{"damage":88,"enemies":"The Heart","floor":56,"turns":9}],"seed_played":"-7054402973147486342","potions_obtained":[{"floor":5.0,"key":"EntropicBrew"},{"floor":7.0,"key":"EntropicBrew"},{"floor":11.0,"key":"LiquidMemories"},{"floor":13.0,"key":"LiquidMemories"},{"floor":27,"key":"Fruit Juice"},{"floor":29,"key":"FairyPotion"}],"is_trial":false,"path_per_floor":["M","?","M","$","M","R","M","?","T","E","M","M","E","?","R","B",null,"M","$","?","M","?","R","M","$","T","M","?","M","?","?","R","B",null,"M","M","M","$","?","R","E","R","T","M","M","E","M","E","R","B","B",null,"R","$","E","B",null],"character_chosen":"THE_SILENT","items_purchased":["Escape Plan+1","Acrobatics+1","Cloak And Dagger+1","ClockworkSouvenir","Ornamental Fan","Footwork","Master of Strategy+1","Flash of Steel"],"campfire_rested":2,"item_purchase_floors":[4,4,19,25,38,54,54,54],"current_hp_per_floor":[58,47,44,44,44,44,42,38,38,26,26,26,26,26,26,25,56,56,56,56,51,51,51,50,50,50,49,49,49,49,49,49,49,66,63,63,63,63,63,63,63,63,63,57,51,51,39,18,54,50,17,58,71,71,63,21],"gold":45,"neow_bonus":"HUNDRED_GOLD","is_daily":false,"chose_seed":false,"campfire_upgraded":5,"win_rate":0.0,"timestamp":1613405926,"path_taken":["M","?","M","$","M","R","M","?","T","E","M","M","E","?","R","BOSS","M","$","?","M","?","R","M","$","T","M","?","?","?","?","R","BOSS","M","M","?","$","?","R","E","R","T","M","M","E","M","E","R","BOSS","BOSS","R","$","E","BOSS"],"items_purchased_type":["Card","Card","Card","Relic","Relic","Card","Card","Card"],"build_version":"2020-12-22","purchased_purges":2,"victory":true,"max_hp_per_floor":[66,66,66,66,66,66,66,66,66,66,66,66,66,66,66,66,66,66,66,66,66,66,66,66,66,66,71,71,71,71,71,71,71,71,71,71,71,71,71,71,71,71,71,71,71,71,71,71,71,71,71,71,71,71,71,71],"relic_stats":{"Regal Pillow":15,"Gremlin Horn":[21,21],"counters":[30,114],"Shuriken":[119],"Ornamental Fan":[224],"PreservedInsect":319,"Whetstone":[],"obtain_stats":[{"Regal Pillow":10,"Gremlin Horn":26,"PreservedInsect":13,"Whetstone":48,"Odd Mushroom":8,"Bottled Tornado":55,"Empty Cage":17,"ClockworkSouvenir":25,"WristBlade":34,"Shuriken":9,"Ornamental Fan":38,"MutagenicStrength":28,"Red Mask":30,"Bag of Marbles":41,"Toxic Egg 2":2,"StrikeDummy":46,"Ring of the Snake":0},{"Regal Pillow":6,"Gremlin Horn":13,"PreservedInsect":9,"Whetstone":26,"Odd Mushroom":5,"Bottled Tornado":29,"Empty Cage":10,"ClockworkSouvenir":13,"WristBlade":17,"Shuriken":5,"Ornamental Fan":20,"MutagenicStrength":14,"Red Mask":16,"Bag of Marbles":21,"Toxic Egg 2":1,"StrikeDummy":24,"Ring of the Snake":0},{"Regal Pillow":23,"Gremlin Horn":48,"PreservedInsect":30,"Whetstone":88,"Odd Mushroom":18,"Bottled Tornado":105,"Empty Cage":37,"ClockworkSouvenir":48,"WristBlade":61,"Shuriken":18,"Ornamental Fan":68,"MutagenicStrength":53,"Red Mask":56,"Bag of Marbles":71,"Toxic Egg 2":4,"StrikeDummy":81,"Ring of the Snake":0}],"Ring of the Snake":[60]},"card_choices":[{"not_picked":["Sucker Punch","Slice","PiercingWail"],"picked":"SKIP","floor":1.0},{"not_picked":["Bane","Underhanded Strike"],"picked":"Blade Dance+1","floor":3.0},{"not_picked":["Flying Knee","Sucker Punch"],"picked":"Blade Dance+1","floor":5.0},{"not_picked":["Prepared+1","Flying Knee"],"picked":"Blade Dance+1","floor":7.0},{"not_picked":["Underhanded Strike","Blade Dance+1"],"picked":"PiercingWail+1","floor":8.0},{"not_picked":["Envenom","Setup+1"],"picked":"Cloak And Dagger+1","floor":10.0},{"not_picked":["Sucker Punch","Outmaneuver+1"],"picked":"Backflip+1","floor":11.0},{"not_picked":["Flying Knee","Acrobatics+1"],"picked":"Noxious Fumes","floor":12.0},{"not_picked":["Blade Dance+1","Calculated Gamble+1"],"picked":"Blur+1","floor":13.0},{"not_picked":["Corpse Explosion+1","Doppelganger+1"],"picked":"Burst+1","floor":16},{"not_picked":["Bouncing Flask+1","Cloak And Dagger+1"],"picked":"Terror+1","floor":18},{"not_picked":["Quick Slash","Deadly Poison+1"],"picked":"Cloak And Dagger+1","floor":21},{"not_picked":["Prepared+1","Die Die Die"],"picked":"Infinite Blades","floor":24},{"not_picked":["Tactician+1","Blade Dance+1"],"picked":"Footwork","floor":27},{"not_picked":["Bane","Flying Knee"],"picked":"Dodge and Roll+1","floor":29},{"not_picked":["Tools of the Trade","Storm of Steel+1"],"picked":"Venomology+1","floor":33},{"not_picked":["Sucker Punch","Quick Slash","Caltrops+1"],"picked":"SKIP","floor":35},{"not_picked":["All Out Attack","Dagger Throw"],"picked":"PiercingWail+1","floor":36},{"not_picked":["Dagger Spray","Underhanded Strike+1"],"picked":"Acrobatics+1","floor":37},{"not_picked":["Venomology+1","Crippling Poison+1"],"picked":"Backflip+1","floor":41},{"not_picked":["Crippling Poison+1","Caltrops","Deflect+1"],"picked":"SKIP","floor":44},{"not_picked":["Crippling Poison+1","Caltrops","Deflect+1"],"picked":"SKIP","floor":44},{"not_picked":["All Out Attack","Accuracy","Backstab"],"picked":"SKIP","floor":45},{"not_picked":["Prepared+1","Backflip+1"],"picked":"Tactician+1","floor":46},{"not_picked":["Riddle With Holes","Well Laid Plans"],"picked":"Cloak And Dagger+1","floor":47},{"not_picked":["Quick Slash","Dodge and Roll+1"],"picked":"Riddle With Holes+1","floor":48},{"not_picked":["PiercingWail+1","Grand Finale","Skewer"],"picked":"SKIP","floor":55}],"player_experience":1805684,"relics_obtained":[{"floor":8.0,"key":"Odd Mushroom"},{"floor":9.0,"key":"Shuriken"},{"floor":10.0,"key":"Regal Pillow"},{"floor":13.0,"key":"PreservedInsect"},{"floor":26,"key":"Gremlin Horn"},{"floor":30,"key":"Red Mask"},{"floor":41,"key":"Bag of Marbles"},{"floor":46,"key":"StrikeDummy"},{"floor":48,"key":"Whetstone"},{"floor":55,"key":"Bottled Tornado"}],"event_choices":[{"damage_healed":0.0,"max_hp_gain":0.0,"max_hp_loss":0.0,"gold_gain":0.0,"event_name":"Scrap Ooze","player_choice":"Success","floor":2.0,"gold_loss":0.0,"damage_taken":11.0,"relics_obtained":["Toxic Egg 2"]},{"damage_healed":0.0,"max_hp_gain":0.0,"max_hp_loss":0.0,"gold_gain":0.0,"event_name":"Mushrooms","player_choice":"Fought Mushrooms","floor":8.0,"gold_loss":0.0,"damage_taken":0.0},{"damage_healed":0,"gold_gain":0,"player_choice":"0 cards matched","damage_taken":0,"max_hp_gain":0,"max_hp_loss":0,"event_name":"Match and Keep!","floor":14,"gold_loss":0,"cards_obtained":[]},{"cards_removed":["Strike_G"],"damage_healed":0,"gold_gain":0,"player_choice":"Elegance","damage_taken":0,"max_hp_gain":0,"max_hp_loss":0,"event_name":"Back to Basics","floor":20,"gold_loss":0},{"damage_healed":0,"gold_gain":0,"player_choice":"Read","damage_taken":0,"max_hp_gain":0,"max_hp_loss":0,"event_name":"The Library","floor":22,"gold_loss":0,"cards_obtained":["Accuracy"]},{"damage_healed":0,"gold_gain":0,"player_choice":"Inject Mutagens","damage_taken":0,"relics_obtained":["MutagenicStrength"],"max_hp_gain":0,"max_hp_loss":0,"event_name":"Drug Dealer","floor":28,"gold_loss":0},{"damage_healed":0,"gold_gain":0,"player_choice":"Fought Bandits","damage_taken":0,"max_hp_gain":0,"max_hp_loss":0,"event_name":"Masked Bandits","floor":30,"gold_loss":0},{"damage_healed":0,"gold_gain":50,"player_choice":"Pray","damage_taken":0,"max_hp_gain":0,"max_hp_loss":0,"event_name":"Golden Shrine","floor":31,"gold_loss":0},{"damage_healed":0,"gold_gain":222,"player_choice":"Wore Mask","damage_taken":0,"max_hp_gain":0,"max_hp_loss":0,"event_name":"Tomb of Lord Red Mask","floor":39,"gold_loss":0}],"is_beta":false,"boss_relics":[{"not_picked":["Tiny House","Calling Bell"],"picked":"Empty Cage"},{"not_picked":["Coffee Dripper","Velvet Choker"],"picked":"WristBlade"}],"items_purged_floors":[4,19],"is_endless":false,"potions_floor_spawned":[5,7,11,13,27,29,30,37,45,47,48,55],"ascension_level":20}}