{"host":"w7pthw6r6331n954","time":1613409537,"event":{"mods":["AchievementEnabler","Act Like it!","BaseMod","BetterRewards","Colored Map","Colored Powertips","Custom Start","Downfall","Hallownest","Hermit","Jorbs\u0027s Wanderer Trilogy","Minty Spire (QoL Compilation)","Replay The Spire","Shop Mod","StSLib","SuperFastMode"],"gold_per_floor":[116,172,19,19,19,19,74,100,127,127,137,202,221,234,234,333,333,348,111,125,160,160,160,172,172,198,198,178,193,205,205,205,307,307,317,331,23,39,39,39],"floor_reached":39,"language":"ENG","playtime":4981,"items_purged":["Writhe"],"score":686,"play_id":"895aed10-ef87-4eaa-90ef-7b4d9fa785c8","local_time":"20210215121857","is_ascension_mode":true,"campfire_choices":[{"floor":6.0,"key":"REST"},{"floor":10.0,"key":"REST"},{"floor":15.0,"key":"REST"},{"floor":23.0,"key":"RECALL"},{"floor":25.0,"key":"REST"},{"data":"Double Energy","floor":27.0,"key":"SMITH"},{"floor":32.0,"key":"REST"}],"circlet_count":0,"master_deck":["Strike_B","Strike_B","Strike_B","Strike_B","Defend_B+1","Defend_B","Defend_B","Defend_B","Zap","Dualcast","Double Energy+1","FTL","Gash+1","Dark Shackles","Doom and Gloom","Aggregate","Machine Learning","BootSequence","Compile Driver","Reboot","Leap","Beam Cell","Meteor Strike","Auto Shields","Apotheosis","Bandage Up","Beam Cell","Defragment+1","Gash","ReplayTheSpireMod:Reroute Power","Ball Lightning+1","Seek","Genetic Algorithm+1","Loop+1","Double Energy","Self Repair","Magnetism","Undo"],"relics":["Cracked Core","MerchantsRug","Boot","Bronze Scales","Anchor","Red Mask","Ancient Tea Set","Replay:Arrowhead"],"acts_visited":["Exordium","TheCity","TheBeyond"],"potions_floor_usage":[38,39],"damage_taken":[{"damage":3.0,"enemies":"2 Louse","floor":1.0,"turns":2.0},{"damage":25.0,"enemies":"Lagavulin","floor":8.0,"turns":6.0},{"damage":0.0,"enemies":"Small Slimes","floor":11.0,"turns":2.0},{"damage":11.0,"enemies":"3 Sentries","floor":12.0,"turns":6.0},{"damage":0.0,"enemies":"Jaw Worm","floor":13.0,"turns":2.0},{"damage":0.0,"enemies":"2 Fungi Beasts","floor":14.0,"turns":3.0},{"damage":35.0,"enemies":"Slime Boss","floor":16.0,"turns":8.0},{"damage":0.0,"enemies":"3 Byrds","floor":18.0,"turns":2.0},{"damage":0.0,"enemies":"Spheric Guardian","floor":20.0,"turns":3.0},{"damage":14.0,"enemies":"Masked Bandits","floor":21.0,"turns":5.0},{"damage":5.0,"enemies":"Centurion and Healer","floor":24.0,"turns":4.0},{"damage":25.0,"enemies":"Cultist and Chosen","floor":29.0,"turns":7.0},{"damage":16.0,"enemies":"Snecko","floor":30.0,"turns":4.0},{"damage":50.0,"enemies":"Collector","floor":33.0,"turns":9.0},{"damage":21,"enemies":"3 Darklings","floor":35,"turns":3},{"damage":0,"enemies":"Orb Walker","floor":36,"turns":3},{"damage":63,"enemies":"Spire Growth","floor":38,"turns":7},{"damage":31,"enemies":"Maw","floor":39,"turns":7}],"seed_played":"4147873564372096476","potions_obtained":[{"floor":11.0,"key":"Weak Potion"},{"floor":13.0,"key":"ColorlessPotion"},{"floor":20.0,"key":"PotionOfCapacity"},{"floor":21.0,"key":"Swift Potion"},{"floor":28.0,"key":"Weak Potion"},{"floor":29.0,"key":"Block Potion"},{"floor":30.0,"key":"Elixir"},{"floor":38,"key":"ColorlessPotion"}],"is_trial":false,"path_per_floor":["M","?","$","?","$","R","T","E","T","R","M","?","M","M","R","B",null,"M","$","M","?","?","R","M","R","T","R","?","M","M","?","R","B",null,"M","M","$","M","M"],"character_chosen":"DEFECT","items_purchased":["MerchantsRug","Double Energy","FTL","Gash","Dark Shackles","Aggregate","Machine Learning","Fruit Juice","Apotheosis","Bandage Up","Double Energy","Self Repair","Magnetism","Regen Potion"],"campfire_rested":5,"item_purchase_floors":[0,0,0,0,0,3,3,19,19,19,37,37,37,37],"current_hp_per_floor":[56,56,56,41,41,63,63,38,38,60,60,49,49,49,71,36,65,65,70,70,62,62,62,61,80,80,80,80,55,45,45,69,25,66,51,51,51,19,0,0],"gold":39,"neow_bonus":"","is_daily":false,"chose_seed":false,"campfire_upgraded":1,"win_rate":0.0,"timestamp":1613409537,"path_taken":["M","?","$","?","$","R","?","E","T","R","M","?","M","?","R","BOSS","M","$","M","?","?","R","M","R","T","R","?","?","?","?","R","BOSS","M","?","$","M","M"],"items_purchased_type":["Relic","Card","Card","Card","Card","Card","Card","Potion","Card","Card","Card","Card","Card","Potion"],"build_version":"2020-12-22","purchased_purges":1,"victory":false,"max_hp_per_floor":[75,75,75,75,75,75,75,75,75,75,75,75,75,75,75,75,75,75,80,80,80,80,80,80,80,80,80,80,80,80,80,80,80,80,80,80,80,80,80,80],"card_choices":[{"not_picked":["ReplayTheSpireMod:Repulse","Compile Driver"],"picked":"Doom and Gloom","floor":1.0},{"not_picked":["Steam","Sweeping Beam"],"picked":"BootSequence","floor":8.0},{"not_picked":["Cold Snap","Force Field"],"picked":"Compile Driver","floor":11.0},{"not_picked":["Go for the Eyes","Coolheaded"],"picked":"Reboot","floor":12.0},{"not_picked":["Blizzard","Static Discharge"],"picked":"Leap","floor":13.0},{"not_picked":["Rebound","Panic Button"],"picked":"Beam Cell","floor":14.0},{"not_picked":["Thunder Strike","Buffer"],"picked":"Meteor Strike","floor":16.0},{"not_picked":[],"picked":"Auto Shields","floor":18.0},{"not_picked":["FIFO Queue","Barrage"],"picked":"Beam Cell","floor":20.0},{"not_picked":["Tempest","Chaos+1"],"picked":"Defragment+1","floor":21.0},{"not_picked":["Hologram","ReplayTheSpireMod:GoodbyeWorld"],"picked":"Gash","floor":24.0},{"not_picked":["Compile Driver","Hologram"],"picked":"ReplayTheSpireMod:Reroute Power","floor":29.0},{"not_picked":["Coolheaded+1","Streamline"],"picked":"Ball Lightning+1","floor":30.0},{"not_picked":["Electrodynamics","Biased Cognition"],"picked":"Seek","floor":33.0},{"not_picked":["Lockon+1","Hello World+1"],"picked":"Genetic Algorithm+1","floor":35},{"not_picked":["Sweeping Beam+1","Rebound+1"],"picked":"Loop+1","floor":36},{"not_picked":["Coolheaded","BootSequence+1"],"picked":"Undo","floor":38}],"player_experience":1262637,"relics_obtained":[{"floor":7.0,"key":"Boot"},{"floor":8.0,"key":"Bronze Scales"},{"floor":12.0,"key":"Anchor"},{"floor":21.0,"key":"Red Mask"},{"floor":26.0,"key":"Ancient Tea Set"}],"event_choices":[{"damage_healed":0.0,"max_hp_gain":0.0,"max_hp_loss":0.0,"gold_gain":56.0,"event_name":"Golden Wing","player_choice":"Gained Gold","floor":2.0,"gold_loss":0.0,"damage_taken":0.0},{"damage_healed":0.0,"max_hp_gain":0.0,"max_hp_loss":0.0,"gold_gain":0.0,"event_name":"Shining Light","player_choice":"Entered Light","floor":4.0,"gold_loss":0.0,"damage_taken":15.0,"cards_upgraded":["Gash","Defend_B"]},{"damage_healed":0.0,"max_hp_gain":0.0,"max_hp_loss":0.0,"gold_gain":30.0,"event_name":"Dead Adventurer","player_choice":"Searched \u00272\u0027 times","floor":12.0,"gold_loss":0.0,"damage_taken":0.0},{"damage_healed":0.0,"max_hp_gain":0.0,"max_hp_loss":0.0,"gold_gain":0.0,"event_name":"Masked Bandits","player_choice":"Fought Bandits","floor":21.0,"gold_loss":0.0,"damage_taken":0.0},{"damage_healed":0.0,"max_hp_gain":0.0,"max_hp_loss":0.0,"gold_gain":0.0,"event_name":"The Woman in Blue","player_choice":"Bought 1 Potion","floor":28.0,"gold_loss":0.0,"damage_taken":0.0}],"is_beta":false,"boss_relics":[{"not_picked":["Philosopher\u0027s Stone","Velvet Choker"],"picked":"Busted Crown"},{"not_picked":["Runic Pyramid","Fusion Hammer"],"picked":"Cursed Key"}],"items_purged_floors":[37],"is_endless":false,"potions_floor_spawned":[11,13,20,21,29,30,38],"killed_by":"Maw","ascension_level":5}}