{"host":"id23shmscryl4psl","time":1613357796,"event":{"mods":["BaseMod","Better Altar","Better Match","Better Note","Better Sensory Stone","Better Skull","Better Third Choice","Colored Map","Colored Powertips","Dark Map","HololiveMod","Minty Spire (QoL Compilation)","Rare Cards Sparkle","Relic Stats","Robot Space Explorer","StSLib"],"gold_per_floor":[82,96,111,123,139,139,153,153,153],"floor_reached":8,"language":"ENG","playtime":440,"items_purged":[],"score":60,"play_id":"3ae15d83-37a7-4fed-88d1-326a8b20e7f2","local_time":"20210214195636","is_ascension_mode":true,"campfire_choices":[{"data":"Hololive_CallNekomataOkayu","floor":6,"key":"SMITH"}],"circlet_count":0,"master_deck":["Hololive_Strike","Hololive_Strike","Hololive_Defend","Hololive_Defend","Hololive_ILoveYou","Hololive_CallInugamiKorone","Hololive_CallNekomataOkayu","Hololive_CallTokoyamiTowa","Hololive_CallNekomataOkayu+1","Hololive_CallAiraniIofifteen","Hololive_CallYogiri","Hololive_CallYukihanaLamy","Hololive_CallArtia","Hololive_CallUsadaPekora","Hololive_CallKiryuuCoco","Hololive_CallOmaruPolka"],"relics":["Hololive_TheStar","Boot"],"acts_visited":["Exordium"],"potions_floor_usage":[8],"damage_taken":[{"damage":0,"enemies":"Cultist","floor":1,"turns":4},{"damage":0,"enemies":"2 Louse","floor":2,"turns":3},{"damage":1,"enemies":"Jaw Worm","floor":3,"turns":5},{"damage":0,"enemies":"Large Slime","floor":4,"turns":6},{"damage":0,"enemies":"2 Fungi Beasts","floor":5,"turns":4},{"damage":3,"enemies":"Red Slaver","floor":7,"turns":4},{"damage":31,"enemies":"3 Sentries","floor":8,"turns":4}],"seed_played":"6951154331016292753","potions_obtained":[{"floor":1,"key":"Ancient Potion"},{"floor":2,"key":"CultistPotion"},{"floor":5,"key":"Explosive Potion"}],"is_trial":false,"path_per_floor":["M","M","M","M","M","R","M","E"],"character_chosen":"Hololive_HololiveCharacter","items_purchased":[],"campfire_rested":0,"item_purchase_floors":[],"current_hp_per_floor":[35,35,34,34,34,34,31,0,0],"gold":153,"neow_bonus":"RANDOM_COMMON_RELIC","is_daily":false,"chose_seed":false,"campfire_upgraded":1,"win_rate":0.0,"timestamp":1613357796,"path_taken":["M","M","M","M","M","R","?","E"],"items_purchased_type":[],"build_version":"2020-12-22","purchased_purges":0,"victory":false,"max_hp_per_floor":[35,35,35,35,35,35,35,35,35],"relic_stats":{"counters":[7,30],"Boot":[127],"obtain_stats":[{"Hololive_TheStar":0,"Boot":0},{"Hololive_TheStar":0,"Boot":0},{"Hololive_TheStar":0,"Boot":0}]},"card_choices":[{"not_picked":["Hololive_CallCivia","Hololive_HuntDinosaur","Hololive_CallOkamiMio"],"picked":"Hololive_CallYogiri","floor":1},{"not_picked":["Hololive_Psychosis","Hololive_Breathe","Hololive_HuntDinosaur"],"picked":"Hololive_CallYukihanaLamy","floor":2},{"not_picked":["Hololive_OvertimeWork","Hololive_LuckPotion","Hololive_CallYukihanaLamy"],"picked":"Hololive_CallArtia","floor":3},{"not_picked":["Hololive_Sequa","Hololive_CallOkamiMio","Hololive_StrengthChampion"],"picked":"Hololive_CallUsadaPekora","floor":4},{"not_picked":["Hololive_CallTokoyamiTowa","Hololive_FlyingPonyTail","Hololive_Trident"],"picked":"Hololive_CallKiryuuCoco","floor":5},{"not_picked":["Hololive_CallUsadaPekora","Hololive_Sequa","Hololive_RevenueBasedLive"],"picked":"Hololive_CallOmaruPolka","floor":7}],"player_experience":105236,"relics_obtained":[],"event_choices":[],"is_beta":false,"boss_relics":[],"items_purged_floors":[],"is_endless":false,"potions_floor_spawned":[1,2,5,7],"killed_by":"3 Sentries","ascension_level":3}}