{"host":"97k3n5kp0psabqmo","time":1613422455,"event":{"mods":["BaseMod","Colored Powertips","Minty Spire (QoL Compilation)","StSLib"],"gold_per_floor":[112,123,142,19,19,45,45,80,134,34,60,135,199,233,233,337,337,350,202,212,243,342,353,382,397,443,443,88,108,140,152,152,247,247,264,539,57,69,69,100,100,131,177,225,225,253,267,267,267,267],"floor_reached":51,"language":"ENG","playtime":2194,"items_purged":["Strike_R","Strike_R","Strike_R","Strike_R","Regret"],"score":1036,"play_id":"978330d1-8866-4270-afa0-094bc635e1da","local_time":"20210215155415","is_ascension_mode":true,"campfire_choices":[{"data":"Whirlwind","floor":7,"key":"SMITH"},{"data":"True Grit","floor":15,"key":"SMITH"},{"data":"Barricade","floor":27,"key":"SMITH"},{"data":"Disarm","floor":32,"key":"SMITH"},{"data":"Disarm","floor":49,"key":"SMITH"}],"circlet_count":0,"master_deck":["Strike_R","Defend_R","Defend_R","Defend_R","Defend_R","Bash","Clothesline","Whirlwind+1","Flex+1","Pommel Strike","Clash","Pommel Strike","True Grit+1","Barricade+1","Pommel Strike","Shrug It Off+1","Flex+1","Intimidate+1","Shrug It Off+1","Shrug It Off","Disarm+1","Disarm+1","Juggernaut","Combust+1","Battle Trance"],"relics":["Burning Blood","NeowsBlessing","Nunchaku","HornCleat","Toy Ornithopter","Bronze Scales","Bag of Marbles","White Beast Statue","Philosopher\u0027s Stone","Red Mask","Eternal Feather","Juzu Bracelet","Bag of Preparation","Mummified Hand","Velvet Choker","Ginger","Art of War","War Paint","Ancient Tea Set","TungstenRod","Shuriken"],"acts_visited":["Exordium","TheCity","TheBeyond"],"potions_floor_usage":[16,16,21,21,24,24,30,33,33,40,40,44,46,47,50,50],"damage_taken":[{"damage":0,"enemies":"Cultist","floor":1,"turns":1},{"damage":0,"enemies":"Jaw Worm","floor":2,"turns":1},{"damage":0,"enemies":"Small Slimes","floor":3,"turns":1},{"damage":40,"enemies":"Lagavulin","floor":6,"turns":10},{"damage":0,"enemies":"Gremlin Nob","floor":8,"turns":3},{"damage":4,"enemies":"3 Sentries","floor":11,"turns":5},{"damage":0,"enemies":"3 Sentries","floor":13,"turns":3},{"damage":13,"enemies":"Lagavulin","floor":14,"turns":5},{"damage":0,"enemies":"Hexaghost","floor":16,"turns":9},{"damage":5,"enemies":"Chosen","floor":18,"turns":3},{"damage":15,"enemies":"2 Thieves","floor":20,"turns":3},{"damage":48,"enemies":"Masked Bandits","floor":21,"turns":5},{"damage":8,"enemies":"Sentry and Sphere","floor":23,"turns":4},{"damage":4,"enemies":"Gremlin Leader","floor":24,"turns":3},{"damage":0,"enemies":"3 Cultists","floor":25,"turns":4},{"damage":2,"enemies":"Cultist and Chosen","floor":29,"turns":4},{"damage":0,"enemies":"Slavers","floor":30,"turns":1},{"damage":0,"enemies":"Snecko","floor":31,"turns":6},{"damage":46,"enemies":"Automaton","floor":33,"turns":13},{"damage":15,"enemies":"3 Shapes","floor":35,"turns":4},{"damage":0,"enemies":"Orb Walker","floor":38,"turns":4},{"damage":29,"enemies":"Nemesis","floor":40,"turns":5},{"damage":23,"enemies":"Reptomancer","floor":42,"turns":6},{"damage":28,"enemies":"2 Orb Walkers","floor":44,"turns":5},{"damage":0,"enemies":"Nemesis","floor":46,"turns":7},{"damage":10,"enemies":"Jaw Worm Horde","floor":47,"turns":2},{"damage":39,"enemies":"Time Eater","floor":50,"turns":12}],"seed_played":"2827378988829963098","potions_obtained":[{"floor":2,"key":"SteroidPotion"},{"floor":6,"key":"HeartOfIron"},{"floor":8,"key":"SpeedPotion"},{"floor":16,"key":"Fruit Juice"},{"floor":18,"key":"Block Potion"},{"floor":21,"key":"PowerPotion"},{"floor":23,"key":"SpeedPotion"},{"floor":24,"key":"Swift Potion"},{"floor":25,"key":"Strength Potion"},{"floor":29,"key":"BlessingOfTheForge"},{"floor":30,"key":"Fire Potion"},{"floor":33,"key":"AttackPotion"},{"floor":35,"key":"BloodPotion"},{"floor":40,"key":"ElixirPotion"},{"floor":42,"key":"DistilledChaos"},{"floor":44,"key":"Dexterity Potion"},{"floor":46,"key":"ColorlessPotion"},{"floor":47,"key":"LiquidMemories"}],"is_trial":false,"path_per_floor":["M","M","M","$","T","E","R","E","T","$","E","?","?","E","R","B",null,"M","$","M","?","?","M","E","M","T","R","$","M","E","M","R","B",null,"M","?","$","M","$","E","?","E","T","?","?","E","M","?","R","B",null],"character_chosen":"IRONCLAD","items_purchased":["Flex","Shrug It Off","Bag of Preparation","Shrug It Off","Ginger"],"campfire_rested":0,"item_purchase_floors":[4,19,28,28,37],"current_hp_per_floor":[80,80,80,80,80,46,46,52,52,52,54,43,49,42,42,58,80,80,80,71,43,43,41,53,59,59,71,71,75,85,85,85,45,85,76,76,76,82,82,69,69,52,52,51,51,62,63,63,78,53],"gold":267,"neow_bonus":"THREE_ENEMY_KILL","is_daily":false,"chose_seed":false,"campfire_upgraded":5,"win_rate":0.0,"timestamp":1613422455,"path_taken":["M","?","M","$","?","E","R","E","T","$","E","?","?","E","R","BOSS","M","$","M","?","?","M","E","M","T","R","$","M","E","M","R","BOSS","M","?","$","M","?","E","?","E","T","?","?","E","M","?","R","BOSS"],"items_purchased_type":["Card","Card","Relic","Card","Relic"],"build_version":"2020-12-22","purchased_purges":5,"victory":true,"max_hp_per_floor":[80,80,80,80,80,80,80,80,80,80,80,80,80,80,80,80,80,80,80,80,85,85,85,85,85,85,85,85,85,85,85,85,85,85,85,85,85,85,85,85,81,81,81,81,81,81,81,81,81,81],"card_choices":[{"not_picked":["Warcry","Flex"],"picked":"Clothesline","floor":1},{"not_picked":["Anger","Thunderclap","Heavy Blade"],"picked":"SKIP","floor":2},{"not_picked":["Evolve","Headbutt"],"picked":"Whirlwind","floor":3},{"not_picked":["Wild Strike","Twin Strike"],"picked":"Pommel Strike","floor":6},{"not_picked":["Hemokinesis","Headbutt"],"picked":"Clash","floor":8},{"not_picked":["Limit Break","Sword Boomerang"],"picked":"Pommel Strike","floor":11},{"not_picked":["Whirlwind","Headbutt"],"picked":"True Grit","floor":13},{"not_picked":["Thunderclap","Twin Strike","Wild Strike"],"picked":"SKIP","floor":14},{"not_picked":["Demon Form","Impervious"],"picked":"Barricade","floor":16},{"not_picked":["Clothesline","Warcry"],"picked":"Pommel Strike","floor":18},{"not_picked":["Infernal Blade","Thunderclap+1"],"picked":"Flex+1","floor":20},{"not_picked":["Clash","Sever Soul"],"picked":"Intimidate+1","floor":21},{"not_picked":["Berserk","Thunderclap+1"],"picked":"Shrug It Off+1","floor":23},{"not_picked":["Searing Blow","Perfected Strike","Heavy Blade"],"picked":"SKIP","floor":24},{"not_picked":["Heavy Blade","Metallicize","Headbutt"],"picked":"SKIP","floor":25},{"not_picked":["Rage","Impervious"],"picked":"Disarm","floor":29},{"not_picked":["Anger","Clash","Limit Break"],"picked":"SKIP","floor":30},{"not_picked":["Clash","Shrug It Off"],"picked":"Disarm","floor":31},{"not_picked":["Corruption","Feed"],"picked":"Juggernaut","floor":33},{"not_picked":["Clash","Flex+1","Combust"],"picked":"SKIP","floor":35},{"not_picked":["Spot Weakness","Clash+1"],"picked":"Combust+1","floor":38},{"not_picked":["Flex","Fire Breathing","Limit Break"],"picked":"SKIP","floor":40},{"not_picked":["Headbutt+1","Limit Break","Sword Boomerang"],"picked":"SKIP","floor":42},{"not_picked":["Uppercut","Flex"],"picked":"Battle Trance","floor":44},{"not_picked":["Sword Boomerang","Clash","Evolve"],"picked":"SKIP","floor":46},{"not_picked":["Hemokinesis","Body Slam+1","Flex"],"picked":"SKIP","floor":47}],"player_experience":62731,"relics_obtained":[{"floor":5,"key":"Nunchaku"},{"floor":6,"key":"HornCleat"},{"floor":8,"key":"Toy Ornithopter"},{"floor":9,"key":"Bronze Scales"},{"floor":13,"key":"Bag of Marbles"},{"floor":14,"key":"White Beast Statue"},{"floor":21,"key":"Red Mask"},{"floor":24,"key":"Eternal Feather"},{"floor":26,"key":"Juzu Bracelet"},{"floor":30,"key":"Mummified Hand"},{"floor":40,"key":"Art of War"},{"floor":42,"key":"War Paint"},{"floor":43,"key":"Ancient Tea Set"},{"floor":44,"key":"TungstenRod"},{"floor":46,"key":"Shuriken"}],"event_choices":[{"damage_healed":0,"gold_gain":75,"player_choice":"Gather Gold","damage_taken":11,"max_hp_gain":0,"max_hp_loss":0,"event_name":"World of Goop","floor":12,"gold_loss":0},{"damage_healed":0,"gold_gain":0,"player_choice":"Searched \u00271\u0027 times","damage_taken":0,"max_hp_gain":0,"max_hp_loss":0,"event_name":"Dead Adventurer","floor":13,"gold_loss":0},{"damage_healed":0,"gold_gain":0,"player_choice":"Fought Bandits","damage_taken":0,"max_hp_gain":0,"max_hp_loss":0,"event_name":"Masked Bandits","floor":21,"gold_loss":0},{"damage_healed":0,"gold_gain":99,"player_choice":"Stole From Cult","damage_taken":0,"max_hp_gain":0,"max_hp_loss":0,"event_name":"Nest","floor":22,"gold_loss":0},{"damage_healed":0,"gold_gain":275,"player_choice":"Desecrate","damage_taken":0,"max_hp_gain":0,"max_hp_loss":0,"event_name":"Golden Shrine","floor":36,"gold_loss":0,"cards_obtained":["Regret"]},{"damage_healed":0,"gold_gain":0,"player_choice":"Max HP","damage_taken":0,"max_hp_gain":0,"max_hp_loss":4,"event_name":"Winding Halls","floor":41,"gold_loss":0},{"damage_healed":0,"gold_gain":0,"player_choice":"Fight","damage_taken":0,"max_hp_gain":0,"max_hp_loss":0,"event_name":"Mysterious Sphere","floor":44,"gold_loss":0},{"damage_healed":0,"gold_gain":0,"player_choice":"Ignored","damage_taken":0,"max_hp_gain":0,"max_hp_loss":0,"event_name":"Tomb of Lord Red Mask","floor":45,"gold_loss":0},{"damage_healed":0,"gold_gain":0,"player_choice":"0 cards matched","damage_taken":0,"max_hp_gain":0,"max_hp_loss":0,"event_name":"Match and Keep!","floor":48,"gold_loss":0,"cards_obtained":[]}],"is_beta":false,"boss_relics":[{"not_picked":["Fusion Hammer","Black Blood"],"picked":"Philosopher\u0027s Stone"},{"not_picked":["Astrolabe","Snecko Eye"],"picked":"Velvet Choker"}],"items_purged_floors":[4,10,19,28,37],"is_endless":false,"potions_floor_spawned":[2,6,8,14,16,18,20,21,23,24,25,29,30,31,33,35,38,40,42,44,46,47],"ascension_level":2}}