{"host":"raaimkojny05jekw","time":1613409051,"event":{"mods":["AchievementEnabler","BaseMod","Colored Map","Colored Powertips","DeckTracker","Minty Spire (QoL Compilation)","Quick Restart","Rare Cards Sparkle","everything is the same but u backflip on backflip"],"gold_per_floor":[117,129,26,26,26,60,60,79,79,97,97,97,113,147,147,248,248,262,242,252,32,51,51,69,69,118,136,136,154,154,154,154,154,154],"floor_reached":33,"language":"KOR","playtime":1023,"items_purged":[],"score":347,"play_id":"9df49f93-9b11-4463-9d4d-82957980e15e","local_time":"20210216021051","is_ascension_mode":true,"campfire_choices":[{"data":"Limit Break","floor":7,"key":"SMITH"},{"data":"Spot Weakness","floor":11,"key":"SMITH"},{"data":"True Grit","floor":15,"key":"SMITH"},{"data":"Battle Trance","floor":23,"key":"SMITH"},{"data":"Offering","floor":25,"key":"SMITH"},{"data":"Double Tap","floor":28,"key":"SMITH"},{"data":"Seeing Red","floor":30,"key":"SMITH"},{"floor":32,"key":"DIG"}],"circlet_count":0,"master_deck":["Strike_R","Strike_R","Strike_R","Strike_R","Strike_R","Defend_R","Defend_R","Defend_R","Defend_R","Bash+1","Battle Trance+1","Clothesline+1","Spot Weakness+1","Shockwave","Limit Break+1","Headbutt","Twin Strike","True Grit+1","Offering+1","Double Tap+1","CurseOfTheBell","Cleave","Perfected Strike+1","Seeing Red+1","Ghostly Armor"],"relics":["Burning Blood","Shovel","Kunai","Bird Faced Urn","Calling Bell","Ancient Tea Set","Frozen Egg 2","Charon\u0027s Ashes","Lee\u0027s Waffle","Smiling Mask","StrikeDummy"],"acts_visited":["Exordium","TheCity"],"potions_floor_usage":[6,14,14,20,20,27,33,33],"damage_taken":[{"damage":6,"enemies":"Cultist","floor":1,"turns":4},{"damage":9,"enemies":"Jaw Worm","floor":2,"turns":4},{"damage":30,"enemies":"3 Sentries","floor":6,"turns":6},{"damage":16,"enemies":"Small Slimes","floor":8,"turns":4},{"damage":15,"enemies":"Gremlin Gang","floor":10,"turns":7},{"damage":7,"enemies":"2 Fungi Beasts","floor":13,"turns":3},{"damage":12,"enemies":"Gremlin Nob","floor":14,"turns":3},{"damage":25,"enemies":"Slime Boss","floor":16,"turns":9},{"damage":10,"enemies":"Chosen","floor":18,"turns":5},{"damage":54,"enemies":"Spheric Guardian","floor":20,"turns":6},{"damage":28,"enemies":"Chosen and Byrds","floor":22,"turns":6},{"damage":20,"enemies":"3 Cultists","floor":24,"turns":5},{"damage":6,"enemies":"Snake Plant","floor":27,"turns":2},{"damage":6,"enemies":"Centurion and Healer","floor":29,"turns":5},{"damage":62,"enemies":"Collector","floor":33,"turns":5}],"seed_played":"8087066037318001667","potions_obtained":[{"floor":1,"key":"Ancient Potion"},{"floor":2,"key":"Fire Potion"},{"floor":8,"key":"SpeedPotion"},{"floor":13,"key":"BloodPotion"},{"floor":19,"key":"Strength Potion"},{"floor":22,"key":"EssenceOfSteel"},{"floor":24,"key":"Strength Potion"},{"floor":27,"key":"SpeedPotion"}],"is_trial":false,"path_per_floor":["M","M","$","?","$","E","R","M","T","M","R","?","M","E","R","B",null,"M","?","M","$","M","R","M","R","T","M","R","M","R","?","R","B"],"character_chosen":"IRONCLAD","items_purchased":["Spot Weakness","Shockwave","Lee\u0027s Waffle","Seeing Red"],"campfire_rested":0,"item_purchase_floors":[3,3,21,21],"current_hp_per_floor":[72,69,69,69,69,45,45,35,35,26,26,26,25,35,35,16,64,60,60,12,87,65,65,51,51,51,51,51,51,51,34,34,0,0],"gold":154,"neow_bonus":"UPGRADE_CARD","is_daily":false,"chose_seed":false,"campfire_upgraded":7,"win_rate":0.0,"timestamp":1613409051,"path_taken":["M","?","$","?","?","E","R","?","T","M","R","?","M","E","R","BOSS","M","?","M","$","M","R","?","R","T","M","R","M","R","?","R","BOSS"],"items_purchased_type":["Card","Card","Relic","Card"],"build_version":"2020-12-22","purchased_purges":0,"victory":false,"max_hp_per_floor":[80,80,80,80,80,80,80,80,80,80,80,80,80,80,80,80,80,80,80,80,87,87,87,87,87,87,87,87,87,87,92,92,92,92],"card_choices":[{"not_picked":["Rupture","Heavy Blade"],"picked":"Battle Trance","floor":1},{"not_picked":["Searing Blow","True Grit"],"picked":"Clothesline","floor":2},{"not_picked":["Rampage","Thunderclap"],"picked":"Limit Break","floor":6},{"not_picked":["Pommel Strike","Intimidate"],"picked":"Headbutt","floor":8},{"not_picked":["Disarm","Anger"],"picked":"Twin Strike","floor":10},{"not_picked":["Anger","Shrug It Off"],"picked":"True Grit","floor":13},{"not_picked":["Warcry","Twin Strike"],"picked":"Offering","floor":14},{"not_picked":["Limit Break","Barricade"],"picked":"Double Tap","floor":16},{"not_picked":["Thunderclap","Combust+1"],"picked":"Cleave","floor":18},{"not_picked":["Uppercut","Hemokinesis+1"],"picked":"Perfected Strike+1","floor":20},{"not_picked":["Shockwave","Flame Barrier"],"picked":"Ghostly Armor","floor":22},{"not_picked":["Cleave","Headbutt+1","Anger+1"],"picked":"SKIP","floor":24},{"not_picked":["Shockwave+1","Feed","Anger"],"picked":"SKIP","floor":27},{"not_picked":["Havoc","Clash+1","Shrug It Off"],"picked":"SKIP","floor":29}],"player_experience":750513,"relics_obtained":[{"floor":6,"key":"Shovel"},{"floor":9,"key":"Kunai"},{"floor":14,"key":"Bird Faced Urn"},{"floor":17,"key":"Ancient Tea Set"},{"floor":17,"key":"Frozen Egg 2"},{"floor":17,"key":"Charon\u0027s Ashes"},{"floor":26,"key":"Smiling Mask"},{"floor":32,"key":"StrikeDummy"}],"event_choices":[{"damage_healed":0,"gold_gain":0,"player_choice":"Grow","damage_taken":0,"max_hp_gain":0,"max_hp_loss":0,"event_name":"Living Wall","floor":4,"gold_loss":0,"cards_upgraded":["Clothesline"]},{"damage_healed":0,"gold_gain":0,"player_choice":"Ignored","damage_taken":0,"max_hp_gain":0,"max_hp_loss":0,"event_name":"Liars Game","floor":12,"gold_loss":0},{"damage_healed":0,"gold_gain":0,"player_choice":"Bought 1 Potion","damage_taken":0,"max_hp_gain":0,"max_hp_loss":0,"event_name":"The Woman in Blue","floor":19,"gold_loss":0},{"damage_healed":0,"gold_gain":0,"player_choice":"Shed Blood","damage_taken":22,"max_hp_gain":5,"max_hp_loss":0,"event_name":"Forgotten Altar","floor":31,"gold_loss":0}],"is_beta":false,"boss_relics":[{"not_picked":["SacredBark","Fusion Hammer"],"picked":"Calling Bell"}],"items_purged_floors":[],"is_endless":false,"potions_floor_spawned":[1,2,8,13,22,24,27],"killed_by":"Collector","ascension_level":7}}