{"host":"la4578xgyusbaxfx","time":1613397852,"event":{"mods":["Act Like it!","BaseMod","Conspire","Custom Start","Gensokyo","Hallownest","Jorbs\u0027s Wanderer Trilogy","Lobotomy","LobotomyExtend","Minty Spire (QoL Compilation)","MostiFishMod","Reliquary","Replay The Spire","StSLib","The Jungle","Uncapped","Warlord Emblem","[GremlinLeader]The Maniac","noobMod","≤–¡Ù÷ÆŒÔ"],"gold_per_floor":[109,59,88,14,48,116,116,172,197,197,197,218,218,236,236,359,359,383,399,425,470,164,164,184,30,30,47,68,92,92,106,106,218,218,245,245,268,24,24,24,50,114,137,160,198,198,198,198,198,359,359,371,12,175,144,165,165,210,224,247,245,105,119,162,162,162,264,264,289,326,551,145,175,266,266,378,453,537,13,13,13,35,112,258,258,293,308,326,359,379,409,409,59,108,108,156,176,227,202,202,480,480,491,193,247,9,61,61,84,170,242,282,321,321,375,375,375,531,531,646,610,620,620,755,878,878,963,1087,1087,692,829,882,932,944,1205,1217,1276,1361,1452,1534,1591,1591],"floor_reached":141,"language":"ZHS","playtime":12911,"items_purged":["stsjorbsmod:Strike_Wanderer","stsjorbsmod:Strike_Wanderer","stsjorbsmod:Strike_Wanderer","stsjorbsmod:Defend_Wanderer","stsjorbsmod:Defend_Wanderer"],"score":3591,"play_id":"4f1504c1-0d1a-4b3b-8a23-a8952ec378f1","local_time":"20210215220412","daily_mods":["Vintage"],"is_ascension_mode":false,"campfire_choices":[{"data":"stsjorbsmod:Mending","floor":7.0,"key":"SMITH"},{"data":"stsjorbsmod:BookOfTongues","floor":10.0,"key":"SMITH"},{"floor":15.0,"key":"REST"},{"floor":30.0,"key":"REST"},{"floor":32.0,"key":"REST"},{"floor":40.0,"key":"REST"},{"floor":46.0,"key":"REST"},{"data":"stsjorbsmod:Pyromancy","floor":49.0,"key":"SMITH"},{"data":"stsjorbsmod:ScorchingRay","floor":57.0,"key":"SMITH"},{"data":"stsjorbsmod:IvoryTower","floor":66.0,"key":"SMITH"},{"floor":75.0,"key":"REST"},{"floor":81.0,"key":"REST"},{"data":"stsjorbsmod:ThirstingSword","floor":92.0,"key":"SMITH"},{"data":"stsjorbsmod:Fireball","floor":100.0,"key":"SMITH"},{"data":"stsjorbsmod:SmithingStrike","floor":108.0,"key":"SMITH"},{"data":"stsjorbsmod:SmithingStrike","floor":114.0,"key":"SMITH"},{"data":"stsjorbsmod:ChainLightning","floor":126.0,"key":"SMITH"},{"data":"stsjorbsmod:Firebolt","floor":129.0,"key":"SMITH"},{"data":"stsjorbsmod:Firebolt","floor":134.0,"key":"SMITH"}],"circlet_count":0,"master_deck":["stsjorbsmod:ForbiddenGrimoire+1","stsjorbsmod:Strike_Wanderer+1","stsjorbsmod:Defend_Wanderer","stsjorbsmod:FreshAdventure+1","stsjorbsmod:EyeOfTheStorm+1","conspire:SpireCoStock+1","stsjorbsmod:Mending+1","stsjorbsmod:ColorSpray+1","stsjorbsmod:BookOfTongues+1","stsjorbsmod:AnimateObjects","stsjorbsmod:Firebolt+1","stsjorbsmod:Firebolt+1","Panache","Violence+1","Madness","stsjorbsmod:Pyromancy+1","Transmutation","stsjorbsmod:FlameWard+1","stsjorbsmod:ScorchingRay+1","stsjorbsmod:IvoryTower+1","stsjorbsmod:ChainLightning+1","stsjorbsmod:Mindworm","stsjorbsmod:Fireball+1","stsjorbsmod:OldPocket+1","stsjorbsmod:ScorchingRay+1","stsjorbsmod:SmithingStrike+1","stsjorbsmod:Withdraw+1","stsjorbsmod:GatherPower+1","stsjorbsmod:MirrorImage+1","stsjorbsmod:ThirstingSword+1","stsjorbsmod:SmithingStrike+1","stsjorbsmod:SmithingStrike+1","stsjorbsmod:ColorSpray+1","stsjorbsmod:MirrorImage+1","stsjorbsmod:Feast+1"],"relics":["stsjorbsmod:GrimoireRelic","replay:Trail_Library","ice","DaveBox","OrangePellets","WarlordEmblem:MantleReynold","SynthV:TestCard","LetterFromLob","ReplayFunnel","reliquary:Buckler","Eternal Feather","Omamori","MagicBullet_r","Pear","Pen Nib","RhineSuit","Simple Rune","Kunai","CaptainsWheel","ReplayTheSpireMod:ShopPack","Replay:Baseball","Bag of Preparation","Blue Candle","Pantograph","reliquary:Firecrackers","reliquary:TuningFork","Centennial Puzzle","StrikeDummy","WarlordEmblem:GoldMime","stsjorbsmod:AlchemistsFireRelic","Darkstone Periapt","Tiny Chest","reliquary:TatteredRug","reliquary:FerryPass","WingedGreaves","WarlordEmblem:Scar","Bird Faced Urn","Toolbox","conspire:Flyswatter","reliquary:WeakTea","ReplayTheSpireMod:Lightbulb","Vajra","Mango","Toxic Egg 2","Runic Pyramid","WarlordEmblem:WuziBook","WarlordEmblem:SoftArmor","stsjorbsmod:BottledMemoryRelic","WarlordEmblem:MantleBaku","TheAbacus","reliquary:HotPoker","Anchor","reliquary:TridentHead","Strawberry","Counterbalance","ExusiaiGun","Blue Doll","reliquary:RoseTintedGlasses","WarlordEmblem:MantleLazz","reliquary:BoilingFlask","reliquary:Bookmark","Durian","Question Card","reliquary:Stiletto","NightmareShop","ice","Oddly Smooth Stone","Replay:Bandana","Orichalcum","conspire:DeflatedDodgeball","Replay:Bottled Snecko","WarlordEmblem:MantleWalana","Happy Flower","WarlordEmblem:MantleKazakus","FeatherPendant","BargainBundle","WarlordEmblem:MantleJean","Singing Bowl","Lee\u0027s Waffle","Prayer Wheel","MawBank","xbg","Bronze Scales","Pet Ghost","PreservedInsect"],"acts_visited":["Exordium","TheCity","TheBeyond","Gensokyo:Gensokyo","Gensokyo:Gensokyoer","Hallownest:KingdomsEdge","theJungle:Jungle","TheBeyond"],"potions_floor_usage":[],"damage_taken":[{"damage":1.0,"enemies":"Cultist","floor":1.0,"turns":3.0},{"damage":0.0,"enemies":"2 Louse","floor":3.0,"turns":3.0},{"damage":13.0,"enemies":"Jaw Worm","floor":5.0,"turns":4.0},{"damage":43.0,"enemies":"3 Sentries","floor":6.0,"turns":7.0},{"damage":0.0,"enemies":"Exordium Wildlife","floor":12.0,"turns":3.0},{"damage":8.0,"enemies":"Lots of Slimes","floor":14.0,"turns":2.0},{"damage":19.0,"enemies":"Fading Forest","floor":16.0,"turns":11.0},{"damage":0.0,"enemies":"Spheric Guardian","floor":18.0,"turns":3.0},{"damage":0.0,"enemies":"Shell Parasite","floor":19.0,"turns":5.0},{"damage":21.0,"enemies":"Snake Plant","floor":20.0,"turns":3.0},{"damage":41.0,"enemies":"Centurion and Healer","floor":21.0,"turns":4.0},{"damage":17.0,"enemies":"Cultist and Chosen","floor":24.0,"turns":6.0},{"damage":33.0,"enemies":"Snake Plant","floor":27.0,"turns":4.0},{"damage":0.0,"enemies":"Chosen and Byrds","floor":28.0,"turns":4.0},{"damage":17.0,"enemies":"Shelled Parasite and Fungi","floor":29.0,"turns":5.0},{"damage":0.0,"enemies":"3 Cultists","floor":31.0,"turns":4.0},{"damage":15.0,"enemies":"conspire:MysteriousRune","floor":33.0,"turns":6.0},{"damage":45.0,"enemies":"3 Shapes","floor":35.0,"turns":4.0},{"damage":2.0,"enemies":"Orb Walker","floor":37.0,"turns":2.0},{"damage":16.0,"enemies":"Spire Growth","floor":41.0,"turns":2.0},{"damage":32.0,"enemies":"Reptomancer","floor":42.0,"turns":4.0},{"damage":1.0,"enemies":"Sphere and 2 Shapes","floor":44.0,"turns":4.0},{"damage":20.0,"enemies":"3 Darklings","floor":45.0,"turns":4.0},{"damage":32.0,"enemies":"Time Eater","floor":50.0,"turns":6.0},{"damage":21.0,"enemies":"Gensokyo:Python","floor":52.0,"turns":1.0},{"damage":5.0,"enemies":"Gensokyo:Mamizou","floor":54.0,"turns":5.0},{"damage":2.0,"enemies":"Gensokyo:3_Fairies","floor":56.0,"turns":2.0},{"damage":1.0,"enemies":"Gensokyo:Gryphon","floor":59.0,"turns":1.0},{"damage":2.0,"enemies":"Gensokyo:Python_and_Kodama","floor":63.0,"turns":2.0},{"damage":14.0,"enemies":"Gensokyo:Aya","floor":64.0,"turns":4.0},{"damage":3.0,"enemies":"Gensokyo:Reimu","floor":67.0,"turns":3.0},{"damage":32.0,"enemies":"Gensokyo:AngelMirror","floor":69.0,"turns":2.0},{"damage":9.0,"enemies":"Gensokyo:3_Dogs","floor":71.0,"turns":2.0},{"damage":2.0,"enemies":"Gensokyo:Chomper_and_Gloop","floor":73.0,"turns":2.0},{"damage":30.0,"enemies":"Gensokyo:Koishi","floor":74.0,"turns":4.0},{"damage":73.0,"enemies":"Gensokyo:Tenshi","floor":76.0,"turns":3.0},{"damage":21.0,"enemies":"Gensokyo:Koishi","floor":77.0,"turns":4.0},{"damage":22.0,"enemies":"Gensokyo:Tenshi","floor":78.0,"turns":3.0},{"damage":23.0,"enemies":"Gensokyo:Swordslinger","floor":82.0,"turns":3.0},{"damage":27.0,"enemies":"conspire:MimicChest","floor":83.0,"turns":4.0},{"damage":27.0,"enemies":"Gensokyo:Eiki","floor":84.0,"turns":5.0},{"damage":1.0,"enemies":"Hallownest:2_Littles","floor":86.0,"turns":1.0},{"damage":1.0,"enemies":"Hallownest:Shield_Heavy","floor":87.0,"turns":1.0},{"damage":2.0,"enemies":"Hallownest:monsterPrimalAspid","floor":88.0,"turns":2.0},{"damage":3.0,"enemies":"Hallownest:eliteCollector","floor":89.0,"turns":3.0},{"damage":21.0,"enemies":"Hallownest:2_Soldiers_and_1_Guardian","floor":90.0,"turns":1.0},{"damage":6.0,"enemies":"Hallownest:eliteHiveKnight","floor":91.0,"turns":2.0},{"damage":19.0,"enemies":"Hallownest:eliteCollector","floor":94.0,"turns":5.0},{"damage":2.0,"enemies":"Hallownest:Xero_Hu_Marmu","floor":96.0,"turns":2.0},{"damage":1.0,"enemies":"Hallownest:2_Great","floor":97.0,"turns":2.0},{"damage":2.0,"enemies":"Hallownest:2_Wandering_and_1_Horned","floor":98.0,"turns":2.0},{"damage":191.0,"enemies":"Hallownest:BossHollowKnight","floor":101.0,"turns":4.0},{"damage":21.0,"enemies":"Jaw Worm","floor":103.0,"turns":1.0},{"damage":1.0,"enemies":"Gremlin Nob","floor":105.0,"turns":1.0},{"damage":1.0,"enemies":"Cultist","floor":107.0,"turns":1.0},{"damage":1.0,"enemies":"Small Slimes","floor":109.0,"turns":1.0},{"damage":1.0,"enemies":"3 Sentries","floor":110.0,"turns":1.0},{"damage":1.0,"enemies":"Gremlin Nob","floor":111.0,"turns":2.0},{"damage":1.0,"enemies":"Blue Slaver","floor":112.0,"turns":1.0},{"damage":21.0,"enemies":"2 Fungi Beasts","floor":113.0,"turns":1.0},{"damage":1.0,"enemies":"Looter","floor":115.0,"turns":1.0},{"damage":1.0,"enemies":"Slime Boss","floor":118.0,"turns":1.0},{"damage":1.0,"enemies":"theJungle:GiantWrat","floor":120.0,"turns":2.0},{"damage":1.0,"enemies":"theJungle:2_Phrogs","floor":124.0,"turns":1.0},{"damage":2.0,"enemies":"theJungle:Cassacara","floor":125.0,"turns":2.0},{"damage":1.0,"enemies":"theJungle:2_Phrogs","floor":127.0,"turns":1.0},{"damage":21.0,"enemies":"theJungle:MamaSnecko","floor":128.0,"turns":2.0},{"damage":1.0,"enemies":"theJungle:5_Spyders","floor":131.0,"turns":1.0},{"damage":1.0,"enemies":"theJungle:2_Snecko_Cultists","floor":132.0,"turns":1.0},{"damage":1.0,"enemies":"theJungle:Lyon","floor":133.0,"turns":1.0},{"damage":1.0,"enemies":"theJungle:FunGuy","floor":135.0,"turns":3.0},{"damage":1.0,"enemies":"Orb Walker","floor":137.0,"turns":1.0},{"damage":1.0,"enemies":"3 Darklings","floor":138.0,"turns":1.0},{"damage":21.0,"enemies":"4 Shapes","floor":139.0,"turns":1.0},{"damage":1,"enemies":"Spire Growth","floor":140,"turns":1}],"seed_played":"-8404652870076678857","potions_obtained":[{"floor":1.0,"key":"PowerPotion"},{"floor":3.0,"key":"SkillPotion"},{"floor":16.0,"key":"stsjorbsmod:BurningPotion"},{"floor":24.0,"key":"Milkshake"},{"floor":31.0,"key":"CultistPotion"},{"floor":44.0,"key":"Strength Potion"},{"floor":45.0,"key":"stsjorbsmod:LiquidVirtue"},{"floor":50.0,"key":"Energy Potion"},{"floor":56.0,"key":"Explosive Potion"},{"floor":63.0,"key":"Fire Potion"},{"floor":76.0,"key":"stsjorbsmod:DimensionDoorPotion"},{"floor":77.0,"key":"DistilledChaos"},{"floor":78.0,"key":"Block Potion"},{"floor":83.0,"key":"Energy Potion"},{"floor":90.0,"key":"Swift Potion"},{"floor":94.0,"key":"FearPotion"},{"floor":105.0,"key":"Fire Potion"},{"floor":124.0,"key":"Weak Potion"},{"floor":132.0,"key":"EssenceOfSteel"},{"floor":133.0,"key":"Weak Potion"},{"floor":140,"key":"ColorlessPotion"}],"is_trial":true,"path_per_floor":["M","?","M","$","M","E","R","?","T","R","M","M","?","M","R","B",null,"M","M","M","M","$","?","M","$","T","M","M","M","R","M","R","B",null,"M","?","M","$","?","R","M","E","T","M","M","R","?","?","R","B",null,"M","$","E","COS","M","R","$","M","T","?","?","M","E","?","R","B",null,"M","?","M","$","M","E","R","E","E","E","$","?","R","M","R","B",null,"M","M","M","E","M","E","R","$","E","$","M","M","M","?","R","B",null,"M","$","E","$","M","R","M","E","E","M","M","R","M","$","R","B",null,"M","$","?","?","E","E","R","E","E","R","$","M","M","M","R","B",null,"M","M","M","M","$"],"character_chosen":"WANDERER","items_purchased":["stsjorbsmod:Mending","stsjorbsmod:AnimateObjects","ReplayTheSpireMod:ShopPack","stsjorbsmod:Firebolt","Bag of Preparation","stsjorbsmod:AlchemistsFireRelic","Toolbox","conspire:Flyswatter","WarlordEmblem:MantleBaku","TheAbacus","Anchor","reliquary:TridentHead","reliquary:Bookmark","stsjorbsmod:ColorSpray+1","Replay:Bandana","Orichalcum","conspire:DeflatedDodgeball","BargainBundle","Singing Bowl","Lee\u0027s Waffle"],"campfire_rested":7,"item_purchase_floors":[4,22,22,22,25,38,53,53,72,72,79,79,93,93,104,104,106,121,130,130],"current_hp_per_floor":[68,68,68,68,67,45,51,51,51,57,18,31,31,23,55,46,78,78,78,78,58,58,58,52,52,52,20,23,9,44,45,78,69,78,34,34,33,33,33,68,52,26,26,29,30,65,65,65,78,69,78,57,57,64,64,66,78,78,77,77,78,92,91,84,92,92,92,92,64,64,57,57,63,40,85,41,25,9,9,9,54,60,63,73,99,98,97,95,97,76,70,91,91,80,80,87,92,93,93,104,8,110,90,90,91,91,90,110,109,108,110,110,89,110,109,109,120,119,120,120,120,110,110,109,107,120,119,106,120,127,126,125,126,127,121,121,121,120,99,98,98,98],"gold":1591,"neow_bonus":"","is_daily":false,"chose_seed":false,"campfire_upgraded":12,"win_rate":0.0,"timestamp":1613397852,"path_taken":["M","?","M","$","M","E","R","?","T","R","M","M","?","?","R","BOSS","M","?","M","?","$","?","M","?","T","M","M","M","R","M","R","BOSS","M","?","M","$","?","R","M","E","T","M","?","R","?","?","R","BOSS","M","$","?","COS","M","R","$","?","T","?","?","M","?","?","R","BOSS","M","?","M","$","?","E","R","E","E","?","?","?","R","M","R","BOSS","M","?","M","?","M","E","R","$","E","?","M","M","?","?","R","BOSS","M","$","?","$","M","R","M","E","E","M","M","R","M","?","R","BOSS","M","$","?","?","?","E","R","E","E","R","$","M","M","M","R","BOSS","M","M","M","M","$"],"items_purchased_type":["Card","Card","Relic","Card","Relic","Relic","Relic","Relic","Relic","Relic","Relic","Relic","Relic","Card","Relic","Relic","Relic","Relic","Relic","Relic"],"build_version":"2020-12-22","purchased_purges":5,"victory":false,"max_hp_per_floor":[68,68,68,68,68,68,68,68,68,68,68,78,78,78,78,78,78,78,78,78,78,78,78,78,78,78,78,78,78,78,78,78,78,78,78,78,78,78,78,78,78,78,78,78,78,78,78,78,78,78,78,78,78,78,78,78,78,78,78,78,78,92,92,92,92,92,92,92,92,92,92,92,92,92,92,92,92,92,92,92,92,99,99,99,99,99,99,99,99,99,99,99,99,99,99,104,104,104,104,104,110,110,110,110,110,110,110,110,110,110,110,110,110,110,110,110,120,120,120,120,120,120,120,120,120,120,120,120,120,127,127,127,127,127,121,121,121,121,121,121,121,121],"card_choices":[{"not_picked":["stsjorbsmod:AnimateObjects","stsjorbsmod:Channel","stsjorbsmod:Message","stsjorbsmod:BurningFlask"],"picked":"stsjorbsmod:ColorSpray","floor":6.0},{"not_picked":["stsjorbsmod:GatherPower","stsjorbsmod:SiphonEnergy","stsjorbsmod:IvoryTower","stsjorbsmod:Fireball"],"picked":"stsjorbsmod:Rediscovery","floor":16.0},{"not_picked":["MostiFishMod:BrokenBlackCloak","ReplayTheSpireMod:Necrogeddon","MostiFishMod:TheLastGuard","MostiFishMod:Awakening"],"picked":"Panache","floor":22.0},{"not_picked":["Deep Breath","ReplayTheSpireMod:Trickstab","Impatience","Trip"],"picked":"Violence","floor":22.0},{"not_picked":["ReplayTheSpireMod:Uncanny Aura","MostiFishMod:BrokenBlackCloak","Panacea","Replay:Sssssssssshield"],"picked":"Madness","floor":22.0},{"not_picked":["stsjorbsmod:Trauma","stsjorbsmod:DeathThroes","stsjorbsmod:Determination","stsjorbsmod:Banish"],"picked":"stsjorbsmod:Pyromancy","floor":33.0},{"not_picked":["Finesse","Bandage Up","Trip","Thinking Ahead"],"picked":"Transmutation","floor":36.0},{"not_picked":["stsjorbsmod:ArcaneWeapon+1","stsjorbsmod:DisguiseSelf+1","stsjorbsmod:ParryingBlow+1","stsjorbsmod:MistyStep+1"],"picked":"stsjorbsmod:FlameWard+1","floor":42.0},{"not_picked":["stsjorbsmod:Pyromancy","stsjorbsmod:PurgeMind","stsjorbsmod:HoldMonster","stsjorbsmod:Trauma"],"picked":"stsjorbsmod:IvoryTower","floor":50.0},{"not_picked":["stsjorbsmod:Prepare","stsjorbsmod:Materialize","stsjorbsmod:Stalwart","stsjorbsmod:Hibernate"],"picked":"stsjorbsmod:ChainLightning","floor":54.0},{"not_picked":["stsjorbsmod:SchoolsOfMagic+1","stsjorbsmod:SmithingStrike","stsjorbsmod:Hibernate+1","stsjorbsmod:ArcaneWeapon","stsjorbsmod:Index+1"],"picked":"SKIP","floor":64.0},{"not_picked":["stsjorbsmod:CorrodingBarrier+1","stsjorbsmod:Trauma","stsjorbsmod:SiphonEnergy+1","stsjorbsmod:Entangle"],"picked":"stsjorbsmod:Fireball","floor":67.0},{"not_picked":["stsjorbsmod:Index+1","stsjorbsmod:ParryingBlow+1","stsjorbsmod:TrueStrike","stsjorbsmod:BurningFlask+1"],"picked":"stsjorbsmod:OldPocket+1","floor":70.0},{"not_picked":["stsjorbsmod:Mindworm+1","stsjorbsmod:Will+1","stsjorbsmod:ArcaneWeapon","stsjorbsmod:Hibernate+1"],"picked":"stsjorbsmod:ScorchingRay+1","floor":70.0},{"not_picked":["stsjorbsmod:HedgeWizard+1","stsjorbsmod:Counterspell+1","stsjorbsmod:ColorSpray","stsjorbsmod:MagicMissiles"],"picked":"stsjorbsmod:SmithingStrike","floor":74.0},{"not_picked":["stsjorbsmod:Will+1","stsjorbsmod:SchoolsOfMagic+1","stsjorbsmod:FlameWard+1","stsjorbsmod:FindFamiliar"],"picked":"stsjorbsmod:Withdraw+1","floor":76.0},{"not_picked":["stsjorbsmod:Materialize+1","stsjorbsmod:OldPocket+1","stsjorbsmod:TrueStrike","stsjorbsmod:UnseenServant+1"],"picked":"stsjorbsmod:GatherPower+1","floor":77.0},{"not_picked":["stsjorbsmod:RefuseToForget+1","stsjorbsmod:ColorSpray","stsjorbsmod:Mindworm","stsjorbsmod:Materialize+1"],"picked":"stsjorbsmod:MirrorImage+1","floor":78.0},{"not_picked":["stsjorbsmod:Withdraw+1","stsjorbsmod:Pyromancy","stsjorbsmod:HoldMonster+1","stsjorbsmod:Trauma"],"picked":"stsjorbsmod:ThirstingSword","floor":84.0},{"not_picked":["stsjorbsmod:Index+1","stsjorbsmod:HoldMonster+1","stsjorbsmod:TrueStrike+1","stsjorbsmod:Firebolt"],"picked":"stsjorbsmod:SmithingStrike","floor":89.0},{"not_picked":["stsjorbsmod:AnimateObjects+1","stsjorbsmod:WanderingMind+1","stsjorbsmod:FaerieFire+1","stsjorbsmod:MageArmor+1"],"picked":"stsjorbsmod:SmithingStrike+1","floor":91.0},{"not_picked":["stsjorbsmod:Hibernate+1","stsjorbsmod:Prestidigitation","stsjorbsmod:TrueStrike","stsjorbsmod:RayOfFrost+1","stsjorbsmod:DisguiseSelf+1"],"picked":"SKIP","floor":94.0},{"not_picked":["stsjorbsmod:DeathThroes","stsjorbsmod:IvoryTower+1","stsjorbsmod:CorrodingBarrier+1","stsjorbsmod:Pyromancy","stsjorbsmod:GatherPower+1"],"picked":"stsjorbsmod:MirrorImage+1","floor":101.0},{"not_picked":["stsjorbsmod:ArcaneWeapon","stsjorbsmod:Materialize+1","stsjorbsmod:Hurt","stsjorbsmod:WeightOfMemory","stsjorbsmod:UnseenServant+1","stsjorbsmod:DisguiseSelf+1"],"picked":"SKIP","floor":105.0},{"not_picked":["stsjorbsmod:RayOfFrost","stsjorbsmod:Entangle","stsjorbsmod:Hurt","stsjorbsmod:FracturedMind","stsjorbsmod:DoubleCheck+1","stsjorbsmod:UnseenServant+1"],"picked":"SKIP","floor":110.0},{"not_picked":["stsjorbsmod:Mania","stsjorbsmod:BlackTentacles","stsjorbsmod:DoubleCheck+1","stsjorbsmod:BookOfTongues","stsjorbsmod:Index+1","stsjorbsmod:UnseenServant+1"],"picked":"SKIP","floor":111.0},{"not_picked":["stsjorbsmod:Entangle","stsjorbsmod:IvoryTower+1","stsjorbsmod:PurgeMind","stsjorbsmod:Determination+1","stsjorbsmod:Fireball"],"picked":"stsjorbsmod:Feast+1","floor":118.0},{"not_picked":["stsjorbsmod:FindFamiliar","stsjorbsmod:Will+1","stsjorbsmod:ScorchingRay+1","stsjorbsmod:Rest+1","stsjorbsmod:DoubleCheck+1","stsjorbsmod:Inferno+1"],"picked":"SKIP","floor":124.0},{"not_picked":["stsjorbsmod:PurgeMind","stsjorbsmod:Channel+1","stsjorbsmod:Rest+1","stsjorbsmod:Determination+1","stsjorbsmod:Aid+1","stsjorbsmod:MagicMissiles"],"picked":"SKIP","floor":125.0},{"not_picked":["stsjorbsmod:Inferno+1","stsjorbsmod:FracturedMind","stsjorbsmod:FranticSearch+1","stsjorbsmod:Mindworm+1","stsjorbsmod:Prepare+1","stsjorbsmod:Channel+1"],"picked":"SKIP","floor":127.0},{"not_picked":["stsjorbsmod:DisguiseSelf+1","stsjorbsmod:Counterspell+1","stsjorbsmod:Inferno+1","stsjorbsmod:SchoolsOfMagic+1","stsjorbsmod:FlameWard+1","stsjorbsmod:WeightOfMemory"],"picked":"SKIP","floor":128.0},{"not_picked":["stsjorbsmod:Feast+1","stsjorbsmod:MirrorImage+1","stsjorbsmod:GatherPower+1","stsjorbsmod:CorrodingBarrier+1","stsjorbsmod:HoldMonster+1","stsjorbsmod:Fear+1"],"picked":"Singing Bowl","floor":135.0}],"player_experience":264888,"relics_obtained":[{"floor":1.0,"key":"WarlordEmblem:MantleReynold"},{"floor":1.0,"key":"SynthV:TestCard"},{"floor":1.0,"key":"LetterFromLob"},{"floor":3.0,"key":"ReplayFunnel"},{"floor":5.0,"key":"reliquary:Buckler"},{"floor":6.0,"key":"Eternal Feather"},{"floor":9.0,"key":"Omamori"},{"floor":12.0,"key":"Pear"},{"floor":14.0,"key":"Pen Nib"},{"floor":18.0,"key":"Simple Rune"},{"floor":19.0,"key":"Kunai"},{"floor":20.0,"key":"CaptainsWheel"},{"floor":24.0,"key":"Replay:Baseball"},{"floor":26.0,"key":"Blue Candle"},{"floor":27.0,"key":"Pantograph"},{"floor":28.0,"key":"reliquary:Firecrackers"},{"floor":29.0,"key":"reliquary:TuningFork"},{"floor":31.0,"key":"Centennial Puzzle"},{"floor":35.0,"key":"StrikeDummy"},{"floor":37.0,"key":"WarlordEmblem:GoldMime"},{"floor":41.0,"key":"Darkstone Periapt"},{"floor":42.0,"key":"Tiny Chest"},{"floor":43.0,"key":"reliquary:TatteredRug"},{"floor":44.0,"key":"reliquary:FerryPass"},{"floor":45.0,"key":"WingedGreaves"},{"floor":52.0,"key":"Bird Faced Urn"},{"floor":56.0,"key":"reliquary:WeakTea"},{"floor":59.0,"key":"ReplayTheSpireMod:Lightbulb"},{"floor":60.0,"key":"Vajra"},{"floor":63.0,"key":"Toxic Egg 2"},{"floor":69.0,"key":"WarlordEmblem:WuziBook"},{"floor":70.0,"key":"WarlordEmblem:SoftArmor"},{"floor":71.0,"key":"stsjorbsmod:BottledMemoryRelic"},{"floor":73.0,"key":"reliquary:HotPoker"},{"floor":82.0,"key":"Strawberry"},{"floor":83.0,"key":"Counterbalance"},{"floor":86.0,"key":"Blue Doll"},{"floor":87.0,"key":"reliquary:RoseTintedGlasses"},{"floor":88.0,"key":"WarlordEmblem:MantleLazz"},{"floor":90.0,"key":"reliquary:BoilingFlask"},{"floor":96.0,"key":"Durian"},{"floor":97.0,"key":"Question Card"},{"floor":98.0,"key":"reliquary:Stiletto"},{"floor":103.0,"key":"Oddly Smooth Stone"},{"floor":109.0,"key":"Replay:Bottled Snecko"},{"floor":112.0,"key":"WarlordEmblem:MantleWalana"},{"floor":113.0,"key":"Happy Flower"},{"floor":115.0,"key":"WarlordEmblem:MantleKazakus"},{"floor":131.0,"key":"Prayer Wheel"},{"floor":133.0,"key":"MawBank"},{"floor":137.0,"key":"Bronze Scales"},{"floor":138.0,"key":"Pet Ghost"},{"floor":140,"key":"PreservedInsect"}],"event_choices":[{"damage_healed":0.0,"max_hp_gain":0.0,"max_hp_loss":0.0,"gold_gain":0.0,"event_name":"conspire:Investor","player_choice":"Invest 1","floor":2.0,"gold_loss":0.0,"damage_taken":0.0},{"damage_healed":0.0,"max_hp_gain":0.0,"max_hp_loss":0.0,"gold_gain":56.0,"event_name":"Golden Wing","player_choice":"Gained Gold","floor":8.0,"gold_loss":0.0,"damage_taken":0.0},{"damage_healed":0.0,"max_hp_gain":0.0,"max_hp_loss":0.0,"gold_gain":0.0,"event_name":"Accursed Blacksmith","player_choice":"Forge","floor":23.0,"gold_loss":0.0,"damage_taken":0.0,"cards_upgraded":["Violence"]},{"damage_healed":0.0,"max_hp_gain":0.0,"max_hp_loss":0.0,"gold_gain":0.0,"event_name":"SensoryStone","player_choice":"Memory 1","floor":36.0,"gold_loss":0.0,"damage_taken":0.0},{"damage_healed":0.0,"max_hp_gain":0.0,"max_hp_loss":0.0,"gold_gain":0.0,"event_name":"Wheel of Change","player_choice":"Cursed","floor":39.0,"gold_loss":0.0,"damage_taken":0.0,"cards_obtained":["Decay"]},{"damage_healed":0.0,"max_hp_gain":0.0,"max_hp_loss":0.0,"gold_gain":0.0,"event_name":"Tomb of Lord Red Mask","player_choice":"Ignored","floor":48.0,"gold_loss":0.0,"damage_taken":0.0},{"cards_removed":["stsjorbsmod:Rediscovery"],"damage_healed":0.0,"max_hp_gain":10.0,"max_hp_loss":0.0,"gold_gain":0.0,"event_name":"Bonfire Elementals","player_choice":"Offered Rare","floor":117.0,"gold_loss":0.0,"damage_taken":0.0},{"damage_healed":0.0,"max_hp_gain":0.0,"max_hp_loss":0.0,"gold_gain":0.0,"event_name":"WeMeetAgain","player_choice":"Gave Potion","floor":123.0,"gold_loss":0.0,"damage_taken":0.0,"relics_obtained":["WarlordEmblem:MantleJean"]}],"is_beta":false,"boss_relics":[{"not_picked":["conspire:RunicOctahedron","RhineCircuit"],"picked":"RhineSuit"},{"not_picked":["GuanYuAspect","EE1DDrone","conspire:SeveredTorchhead"]},{"not_picked":["PatriotShield","SlaversCollar"],"picked":"WarlordEmblem:Scar"},{"not_picked":["reliquary:Craggleroot","SacredBark"],"picked":"Runic Pyramid"},{"not_picked":["reliquary:WritOfMandamus","Velvet Choker"],"picked":"ExusiaiGun"},{"not_picked":["Philosopher\u0027s Stone","WarlordEmblem:HeavyShield"],"picked":"NightmareShop"},{"not_picked":["WarlordEmblem:HeavyShield","FixedStarFall"],"picked":"FeatherPendant"},{"not_picked":["Runic Dome","Cursed Key"],"picked":"xbg"}],"items_purged_floors":[22,72,79,93,121],"is_endless":true,"potions_floor_spawned":[1,3,16,24,27,28,29,31,44,45,50,56,63,74,76,77,78,83,84,90,94,97,98,101,105,107,112,120,124,127,132,133,140],"ascension_level":0}}