{"host":"l15sdf2mmi0nobpi","time":1613390022,"event":{"mods":["BaseMod","Highlight Path","KomeijiMod","Minty Spire (QoL Compilation)","MostiFishMod","Quick Restart","StSLib","[YSDMod]压实度","【功能Mod】Neow奖励"],"gold_per_floor":[180,196,27,43,59,91,91,16,16,52,75,90,124,124,124,223,223,244,263,6,6,21,21,62,62,62,100,115,115,151,176,176,270,270,290,309,309,642,663,688,688,721,733,745,1208,1250,1262,1287,1299,1311,1323,1335,1347,755,782,782],"floor_reached":57,"language":"ZHS","playtime":1711,"items_purged":["Strike_Remiria","Strike_Remiria","StigmaNizer+1"],"score":3661,"play_id":"cceb8704-0f84-4436-8a16-81c380f1922b","local_time":"20210215195342","is_ascension_mode":true,"campfire_choices":[{"data":"VampirishNight","floor":15.0,"key":"SMITH"},{"data":"DamonLordCradle_Remiria","floor":23.0,"key":"SMITH"},{"data":"DamonLordCradle_Remiria","floor":25.0,"key":"SMITH"},{"data":"Reaper_Remiria","floor":29.0,"key":"SMITH"},{"data":"VampirishNight","floor":32.0,"key":"SMITH"},{"floor":41.0,"key":"RECALL"},{"floor":47.0,"key":"REST"},{"data":"TrickFate","floor":49.0,"key":"SMITH"},{"floor":53.0,"key":"REST"}],"circlet_count":0,"master_deck":["Defend_Remirira+1","Defend_Remirira+1","Defend_Remirira+1","Absorbed+1","Scratch+1","StigmaNizer+1","DamonLordCradle_Remiria+1","VampirishNight+1","Reaper_Remiria+1","DamonLordCradle_Remiria+1","VampirishNight+1","Reaper_Remiria+1","TrickFate+1"],"relics":["ThirstyCrossSpe","DaveBox","YSD","SynthV","Ice Cream","TheAbacus","OriginationStaff","Prayer Wheel","ImprovedEquipment","MealTicket","PatriotShield","Civilization","Smiling Mask","Akabeko","Happy Flower","Juzu Bracelet","Empty Cage","Centennial Puzzle","MawBank","Meat on the Bone","Bronze Scales","Anchor","HollowDreamFlower","Lantern"],"acts_visited":["Exordium","TheCity","TheBeyond","TheEnding"],"potions_floor_usage":[56,56],"damage_taken":[{"damage":0.0,"enemies":"Small Slimes","floor":1.0,"turns":4.0},{"damage":0.0,"enemies":"Jaw Worm","floor":2.0,"turns":3.0},{"damage":1.0,"enemies":"Cultist","floor":4.0,"turns":3.0},{"damage":0.0,"enemies":"Blue Slaver","floor":5.0,"turns":3.0},{"damage":20.0,"enemies":"Gremlin Nob","floor":6.0,"turns":4.0},{"damage":0.0,"enemies":"Lagavulin","floor":10.0,"turns":9.0},{"damage":0.0,"enemies":"3 Louse","floor":12.0,"turns":3.0},{"damage":9.0,"enemies":"3 Sentries","floor":13.0,"turns":7.0},{"damage":18.0,"enemies":"Slime Boss","floor":16.0,"turns":10.0},{"damage":0.0,"enemies":"3 Byrds","floor":18.0,"turns":3.0},{"damage":1.0,"enemies":"Spheric Guardian","floor":19.0,"turns":4.0},{"damage":10.0,"enemies":"Shelled Parasite and Fungi","floor":22.0,"turns":2.0},{"damage":0.0,"enemies":"Slavers","floor":24.0,"turns":2.0},{"damage":8.0,"enemies":"Gremlin Leader","floor":27.0,"turns":2.0},{"damage":0.0,"enemies":"Sentry and Sphere","floor":28.0,"turns":2.0},{"damage":0.0,"enemies":"Book of Stabbing","floor":30.0,"turns":2.0},{"damage":0.0,"enemies":"Snecko","floor":31.0,"turns":2.0},{"damage":0.0,"enemies":"Champ","floor":33.0,"turns":3.0},{"damage":0.0,"enemies":"3 Darklings","floor":35.0,"turns":2.0},{"damage":0.0,"enemies":"Orb Walker","floor":36.0,"turns":1.0},{"damage":0.0,"enemies":"Orb Walker","floor":37.0,"turns":7.0},{"damage":0.0,"enemies":"Jaw Worm Horde","floor":39.0,"turns":1.0},{"damage":0.0,"enemies":"Giant Head","floor":40.0,"turns":2.0},{"damage":0.0,"enemies":"Nemesis","floor":42.0,"turns":3.0},{"damage":0.0,"enemies":"Giant Head","floor":46.0,"turns":1.0},{"damage":3.0,"enemies":"Sphere and 2 Shapes","floor":48.0,"turns":1.0},{"damage":0.0,"enemies":"Time Eater","floor":50.0,"turns":3.0},{"damage":0.0,"enemies":"Donu and Deca","floor":51.0,"turns":3.0},{"damage":0,"enemies":"Shield and Spear","floor":55,"turns":2},{"damage":5,"enemies":"The Heart","floor":56,"turns":5}],"seed_played":"5145205304230417493","potions_obtained":[{"floor":1.0,"key":"Weak Potion"},{"floor":4.0,"key":"PowerPotion"},{"floor":24.0,"key":"DistilledChaos"}],"is_trial":false,"path_per_floor":["M","M","$","M","M","E","?","$","T","E","T","M","E","?","R","B",null,"M","M","$","?","M","R","E","R","T","E","M","R","E","M","R","B",null,"M","M","?","?","M","E","R","E","T","?","?","E","R","M","R","B","B",null,"R","$","E","B",null],"character_chosen":"RemiriaScarlet","items_purchased":["TheAbacus","Civilization","Anchor","HollowDreamFlower","PowerPotion"],"campfire_rested":2,"item_purchase_floors":[3,20,54,54,54],"current_hp_per_floor":[90,90,90,89,90,70,39,39,39,39,39,39,30,30,30,12,71,71,70,85,85,77,77,82,82,82,79,84,84,89,94,94,99,116,121,126,137,137,142,147,147,152,152,152,152,157,157,159,159,164,169,171,172,172,177,182],"gold":782,"neow_bonus":"ONE_RARE_RELIC","is_daily":false,"chose_seed":false,"campfire_upgraded":6,"win_rate":0.0,"timestamp":1613390022,"path_taken":["M","M","$","M","M","E","?","$","T","E","?","M","E","?","R","BOSS","M","?","$","?","M","R","E","R","T","E","M","R","E","M","R","BOSS","M","M","?","?","M","E","R","E","T","?","?","E","R","M","R","BOSS","BOSS","R","$","E","BOSS"],"items_purchased_type":["Relic","Relic","Relic","Relic","Potion"],"build_version":"2020-12-22","purchased_purges":3,"victory":true,"max_hp_per_floor":[90,90,90,90,90,90,90,90,90,90,90,90,90,90,90,90,90,90,90,90,90,92,92,97,97,97,102,107,107,112,117,117,122,122,127,132,137,137,142,147,147,152,152,152,152,157,157,162,162,167,172,172,172,172,177,182],"card_choices":[{"not_picked":["VampireKiss_Remiria","Paradox"],"picked":"StigmaNizer","floor":1.0},{"not_picked":["CombatMeter","StigmaNizer","BloodPact","DoubleEdge","YoungDemonLord"],"picked":"SKIP","floor":2.0},{"not_picked":["FierceSweep","FateEnsemble","VampireKiss_Remiria","BloodySuit"],"picked":"DamonLordCradle_Remiria","floor":4.0},{"not_picked":["TrickFate","RocketKickup","Warpath","AllTheWorldInNightmare","Feint"],"picked":"SKIP","floor":5.0},{"not_picked":["BadLadyScramble","Tepes","DoubleEdge","VampireKiss_Remiria","Warpath"],"picked":"SKIP","floor":6.0},{"not_picked":["Cripple","Tearing","StigmaNizer","FateCollect","BadLadyScramble"],"picked":"SKIP","floor":10.0},{"not_picked":["StigmaNizer","TricksterDevil","Cripple","ServantFlier"],"picked":"VampirishNight","floor":12.0},{"not_picked":["Impregnable","BodyStrengthen","Feint","StigmaNizer"],"picked":"ScarletNetherworld","floor":12.0},{"not_picked":["Cripple","ServantFlier","BloodCollect","CombatMeter","YoungDemonLord"],"picked":"SKIP","floor":13.0},{"not_picked":["Septette","HeartBreak_Remiria","QueenOfMidnight","ScarletDestiny"],"picked":"Reaper_Remiria","floor":16.0},{"not_picked":["DemonLordWalk","FastHealing","SeparateFleshBlood","FateEnsemble"],"picked":"DamonLordCradle_Remiria","floor":18.0},{"not_picked":["RocketKickup","Tearing","Feint","FateMeister","Warpath"],"picked":"SKIP","floor":18.0},{"not_picked":["DemonsDinnerFork_Remiria","DamonLordCradle_Remiria","RocketKickup","TricksterDevil","Warpath"],"picked":"SKIP","floor":19.0},{"not_picked":["ServantFlier","BloodCollect","Cripple","BathedInBlood","NaturallyHealing"],"picked":"SKIP","floor":19.0},{"not_picked":["BloodCollect","FierceSweep","Offensive","CurseofVladTepes+1","BloodyMagicSquare+1"],"picked":"SKIP","floor":22.0},{"not_picked":["FierceSweep","Rewrite","BathedInBlood","RocketKickup","DamonLordCradle_Remiria"],"picked":"SKIP","floor":22.0},{"not_picked":["PartStrengthen","BloodCleaner","Septette","ScarletNetherworld","DemonsDinnerFork_Remiria"],"picked":"SKIP","floor":24.0},{"not_picked":["AllTheWorldInNightmare","FateMeister","ServantFlier","BloodSurge","FierceSweep"],"picked":"SKIP","floor":27.0},{"not_picked":["YoungDemonLord","ThirstForBlood","BloodCleaner","Cripple","Tepes"],"picked":"SKIP","floor":28.0},{"not_picked":["BloodCleaner","ServantFlier","NaturallyHealing","BloodCollect","DamonLordCradle_Remiria"],"picked":"SKIP","floor":28.0},{"not_picked":["BloodyMagicSquare","Feint+1","FierceSweep+1","FitfulNightmare","DemonsDinnerFork_Remiria"],"picked":"SKIP","floor":30.0},{"not_picked":["BloodPact+1","StigmaNizer","DemonsDinnerFork_Remiria","TricksterDevil+1"],"picked":"VampirishNight","floor":31.0},{"not_picked":["DemonsDinnerFork_Remiria","FastHealing","StarOfDavid","BloodCollect","StigmaNizer"],"picked":"SKIP","floor":31.0},{"not_picked":["TricksterDevil","DamonLordCradle_Remiria","Feint","RocketKickup","BloodCleaner"],"picked":"SKIP","floor":35.0},{"not_picked":["TrickFate+1","DemonsDinnerFork_Remiria","PartStrengthen","Exsanguinate+1","VampireKiss_Remiria+1"],"picked":"SKIP","floor":35.0},{"not_picked":["BombardNight","FierceSweep","StigmaNizer","FateEnsemble","BloodPact"],"picked":"SKIP","floor":36.0},{"not_picked":["BloodyMagicSquare","BloodCollect","FastHealing","CurseofVladTepes","DoubleEdge"],"picked":"SKIP","floor":36.0},{"not_picked":["ChainGang","DemonsDinnerFork_Remiria","FateCollect","RocketKickup","Culling"],"picked":"SKIP","floor":39.0},{"not_picked":["Warpath","Cripple","RocketKickup+1","Offensive","ScarletNetherworld"],"picked":"SKIP","floor":39.0},{"not_picked":["Cripple+1","BloodySuit+1","RocketKickup","Rewrite+1","RemiliaStalker"],"picked":"SKIP","floor":40.0},{"not_picked":["DoubleEdge","Paradox","Tearing+1","ThirstForBlood","TrickFate"],"picked":"SKIP","floor":42.0},{"not_picked":["Paradox","Rewrite","Reaper_Remiria"],"picked":"SKIP","floor":46.0},{"not_picked":["BloodySuit","YoungDemonLord+1","Cripple"],"picked":"SKIP","floor":48.0},{"not_picked":["TrickFate","ThePrice","BloodySuit+1"],"picked":"SKIP","floor":48.0},{"not_picked":["ThePrice","BloodySuit+1"],"picked":"TrickFate","floor":48.0},{"not_picked":["BloodySuit","YoungDemonLord+1","Cripple"],"picked":"SKIP","floor":48.0},{"not_picked":["Coercion","BloodCollect","Impregnable"],"picked":"SKIP","floor":55}],"player_experience":701212,"relics_obtained":[{"floor":1.0,"key":"SynthV:TestCard"},{"floor":6.0,"key":"OriginationStaff"},{"floor":9.0,"key":"Prayer Wheel"},{"floor":10.0,"key":"ImprovedEquipment"},{"floor":13.0,"key":"MealTicket"},{"floor":24.0,"key":"Smiling Mask"},{"floor":26.0,"key":"Akabeko"},{"floor":27.0,"key":"Happy Flower"},{"floor":30.0,"key":"Juzu Bracelet"},{"floor":40.0,"key":"Centennial Puzzle"},{"floor":42.0,"key":"MawBank"},{"floor":43.0,"key":"Meat on the Bone"},{"floor":46.0,"key":"Bronze Scales"},{"floor":55,"key":"Lantern"}],"event_choices":[{"damage_healed":0.0,"max_hp_gain":0.0,"max_hp_loss":0.0,"gold_gain":0.0,"event_name":"Golden Idol","player_choice":"Take Damage","floor":7.0,"gold_loss":0.0,"damage_taken":31.0,"relics_obtained":["Golden Idol"]},{"damage_healed":0.0,"max_hp_gain":0.0,"max_hp_loss":0.0,"gold_gain":0.0,"cards_transformed":["Strike_Remiria"],"event_name":"Transmorgrifier","player_choice":"Transformed","floor":14.0,"gold_loss":0.0,"damage_taken":0.0,"cards_obtained":["StigmaNizer"]},{"damage_healed":0.0,"max_hp_gain":0.0,"max_hp_loss":0.0,"gold_gain":0.0,"event_name":"The Library","player_choice":"Read","floor":21.0,"gold_loss":0.0,"damage_taken":0.0,"cards_obtained":["BloodCoagulation"]},{"damage_healed":0.0,"max_hp_gain":0.0,"max_hp_loss":0.0,"gold_gain":333.0,"event_name":"The Moai Head","player_choice":"Gave Idol","floor":38.0,"relics_lost":["Golden Idol"],"gold_loss":0.0,"damage_taken":0.0},{"damage_healed":0.0,"max_hp_gain":0.0,"max_hp_loss":0.0,"gold_gain":0.0,"event_name":"Duplicator","player_choice":"Copied","floor":44.0,"gold_loss":0.0,"damage_taken":0.0,"cards_obtained":["Reaper_Remiria"]}],"is_beta":false,"boss_relics":[{"not_picked":["SlaversCollar","RhineFirstAidKit"],"picked":"PatriotShield"},{"not_picked":["Transparent","RhineCircuit"],"picked":"Empty Cage"}],"items_purged_floors":[8,20,54],"is_endless":false,"potions_floor_spawned":[1,4,10,13,19,24,31,35,42,46,48,55],"ascension_level":20}}