{"host":"retvy5aofvy11p4z","time":1613408338,"event":{"mods":["BaseMod","Better Altar","Better Skull","Better Third Choice","BetterRewards","Filter the Spire","Hubris","Infinite Spire","Minty Spire (QoL Compilation)","Replay The Spire","Shop Mod","StSLib","The Blue Laboratory","The Jungle","Thieving Mod"],"gold_per_floor":[16,16,16,35,35,35,35,60,137,161,186,186,217,392,392,493,493,506,519,519,533,533,533,543,563,563,563,600,600,618,618,618,756,756,756,756],"floor_reached":35,"language":"ENG","playtime":1523,"items_purged":[],"score":377,"play_id":"1305767c-4049-4407-802e-014290144a8f","local_time":"20210215165858","daily_mods":["Diverse","Colorless Cards"],"is_ascension_mode":false,"campfire_choices":[{"data":"Clothesline","floor":6.0,"key":"SMITH"},{"floor":12.0,"key":"REST"},{"floor":15.0,"key":"REST"},{"floor":23,"key":"REST"},{"floor":29,"key":"REST"},{"floor":32,"key":"REST"}],"circlet_count":0,"master_deck":["Strike_R","Strike_G","Strike_B","hubris:Strike_Merchant","Defend_R","Defend_G","Defend_B","hubris:Defend_Merchant","hubris:MerchantsHand","hubris:MerchantsHand","Steam","Clothesline+1","Streamline","Immolate","Gash","Melter","Doubt","ReplayTheSpireMod:Necrosis","Injury","Parasite","Decay","Shrug It Off","hubris:ReadiedAction","infinitespire:Fortify","Thunderclap","HandOfGreed","Massacre+1","Twin Strike","Twin Strike+1","ConjureBlade"],"relics":["Smiling Mask","hubris:NiceRug","infinitespire:CursedDice","Anchor","Blue Candle","Gremlin Horn","Replay:Ancient Bell","Red Skull","ReplayTheSpireMod:Shallot","hubris:CuriousFeather","Pocketwatch","Omamori","betterThird:NestCultRelic","StrikeDummy","infinitespire:EvilPickle","Ring of Chaos"],"acts_visited":["Exordium","TheCity","TheBeyond"],"potions_floor_usage":[19,33,33,33],"damage_taken":[{"damage":6.0,"enemies":"Jaw Worm","floor":1.0,"turns":4.0},{"damage":11.0,"enemies":"Cultist","floor":4.0,"turns":5.0},{"damage":2.0,"enemies":"Small Slimes","floor":8.0,"turns":4.0},{"damage":5.0,"enemies":"Exordium Wildlife","floor":10.0,"turns":4.0},{"damage":5.0,"enemies":"Exordium Thugs","floor":11.0,"turns":4.0},{"damage":23.0,"enemies":"3 Sentries","floor":13.0,"turns":4.0},{"damage":40,"enemies":"The Guardian","floor":16,"turns":17},{"damage":9,"enemies":"Spheric Guardian","floor":18,"turns":5},{"damage":9,"enemies":"2 Thieves","floor":19,"turns":4},{"damage":8,"enemies":"Snecko","floor":21,"turns":7},{"damage":7,"enemies":"Sentry and Sphere","floor":24,"turns":4},{"damage":5,"enemies":"Centurion and Healer","floor":25,"turns":10},{"damage":46,"enemies":"Gremlin Leader","floor":28,"turns":8},{"damage":0,"enemies":"Chosen and Byrds","floor":30,"turns":4},{"damage":52,"enemies":"Pondfish","floor":33,"turns":8},{"damage":0,"enemies":"3 Shapes","floor":35,"turns":1}],"seed_played":"-7247618683459863929","potions_obtained":[{"floor":1.0,"key":"BlessingOfTheForge"},{"floor":10.0,"key":"Adrenaline Potion"},{"floor":16,"key":"Languid Potion"},{"floor":18,"key":"blueLaboratory:PyrophylliteBrew"},{"floor":24,"key":"blueLaboratory:PolymorphPotion"},{"floor":25,"key":"Flashbang"}],"is_trial":true,"path_per_floor":["M","?","$","M","$","R","T","M","T","M","M","R","E","?","R","B",null,"M","M","AVR","M","?","R","M","M","T","?","E","R","M","?","R","B",null,"M"],"character_chosen":"IRONCLAD","items_purchased":[],"campfire_rested":5,"item_purchase_floors":[],"current_hp_per_floor":[69,69,69,58,58,58,58,56,56,51,46,68,45,45,67,27,75,66,57,57,49,49,71,64,59,59,59,13,35,35,38,61,9,78,78,78],"gold":756,"neow_bonus":"","is_daily":false,"chose_seed":false,"campfire_upgraded":1,"win_rate":0.0,"timestamp":1613408338,"path_taken":["M","?","$","M","?","R","?","M","T","?","M","R","E","?","R","BOSS","M","M","AVR","M","?","R","M","M","T","?","E","R","M","?","R","BOSS","M"],"items_purchased_type":[],"build_version":"2020-12-22","purchased_purges":0,"victory":false,"max_hp_per_floor":[75,75,75,75,75,75,75,75,75,75,75,75,75,75,75,75,75,75,75,75,75,75,75,75,75,75,75,75,75,75,78,78,78,78,78,78],"card_choices":[{"not_picked":["hubris:ReadiedAction","Dagger Spray"],"picked":"Steam","floor":1.0},{"not_picked":["Cloak And Dagger","PathToVictory"],"picked":"Clothesline","floor":4.0},{"not_picked":["Leap","ReplayTheSpireMod:Calculation Training"],"picked":"Streamline","floor":8.0},{"not_picked":["Conserve Battery","CutThroughFate"],"picked":"Immolate","floor":10.0},{"not_picked":["Twin Strike","Backflip"],"picked":"Gash","floor":11.0},{"not_picked":["Sweeping Beam","All For One"],"picked":"Melter","floor":13.0},{"not_picked":["Mayhem","Demonic Infusion"],"picked":"ReplayTheSpireMod:Necrosis","floor":16},{"not_picked":["ReplayTheSpireMod:Doomed","hubris:Despair"],"picked":"Injury","floor":17},{"not_picked":["Delirium","Doubt"],"picked":"Parasite","floor":17},{"not_picked":["hubris:Envy","Voices"],"picked":"Decay","floor":17},{"not_picked":["Clothesline","Hello World"],"picked":"Shrug It Off","floor":18},{"not_picked":["Wild Strike","BasicCrystalCard"],"picked":"hubris:ReadiedAction","floor":19},{"not_picked":["Intimidate","Combust"],"picked":"Thunderclap","floor":21},{"not_picked":["All Out Attack","Loop"],"picked":"HandOfGreed","floor":24},{"not_picked":["Acrobatics+1","ThirdEye"],"picked":"Massacre+1","floor":25},{"not_picked":["Discovery","Warcry"],"picked":"Twin Strike","floor":28},{"not_picked":["Barrage","ReplayTheSpireMod:Exploit Weakness"],"picked":"Twin Strike+1","floor":30},{"not_picked":["Electrodynamics","Master of Strategy"],"picked":"ConjureBlade","floor":33}],"player_experience":193828,"relics_obtained":[{"floor":7.0,"key":"Anchor"},{"floor":9.0,"key":"Blue Candle"},{"floor":13.0,"key":"Gremlin Horn"},{"floor":26,"key":"Omamori"},{"floor":28,"key":"StrikeDummy"}],"event_choices":[{"damage_healed":0.0,"max_hp_gain":0.0,"max_hp_loss":0.0,"gold_gain":0.0,"event_name":"WeMeetAgain","player_choice":"Gave Potion","floor":2.0,"gold_loss":0.0,"damage_taken":0.0,"relics_obtained":["infinitespire:CursedDice"]},{"damage_healed":0.0,"max_hp_gain":0.0,"max_hp_loss":0.0,"gold_gain":175.0,"event_name":"betterThird:BetterSerpent","player_choice":"AGREE","floor":14.0,"gold_loss":0.0,"damage_taken":217.0},{"damage_healed":0,"gold_gain":0,"player_choice":"Madness","damage_taken":0,"relics_obtained":["betterThird:NestCultRelic"],"max_hp_gain":0,"max_hp_loss":0,"event_name":"betterThird:BetterNest","floor":27,"gold_loss":0}],"is_beta":false,"boss_relics":[{"not_picked":["Coffee Dripper","Cursed Key"],"picked":"Replay:Ancient Bell"},{"not_picked":["Simple Rune","Strawberry"],"picked":"Red Skull"},{"not_picked":["infinitespire:Broken Mirror","Garlic"],"picked":"ReplayTheSpireMod:Shallot"},{"not_picked":["Peace Pipe","hubris:FunFungus"],"picked":"hubris:CuriousFeather"},{"not_picked":["hubris:RunicObelisk","Pandora\u0027s Box"],"picked":"Ring of Chaos"}],"items_purged_floors":[],"is_endless":false,"potions_floor_spawned":[1,10,16,18,24,25],"killed_by":"3 Shapes","ascension_level":0}}