{"host":"1bzbl1adcbkdzqlf","time":1613425367,"event":{"mods":["BaseMod","Minty Spire (QoL Compilation)","Slay the Relics Exporter"],"gold_per_floor":[119,129,129,129,129,154,154,179,204,204,222,242,276,34,34,108,108,125,125,125,144,155,155,183,199,281,281,115,144,144,214,214,289,289,304,141,161,171,217,217,217],"floor_reached":40,"language":"ENG","playtime":3457,"items_purged":["Strike_R"],"score":985,"play_id":"8b113ad7-518e-4ace-949f-64fe923567d1","local_time":"20210215154247","is_ascension_mode":true,"campfire_choices":[{"floor":7,"key":"REST"},{"floor":10,"key":"REST"},{"floor":15,"key":"REST"},{"floor":23,"key":"REST"},{"floor":32,"key":"REST"}],"circlet_count":0,"master_deck":["AscendersBane","Bash","Inflame+1","Heavy Blade+1","Carnage","Clothesline","Uppercut","Shrug It Off","Feed","Anger","Dark Embrace","Fiend Fire","Sever Soul","Thunderclap","Iron Wave","Havoc","Barricade","Pommel Strike","Iron Wave","Shockwave","Whirlwind+1","Pommel Strike","Limit Break"],"relics":["Runic Pyramid","Oddly Smooth Stone","Orichalcum","Potion Belt","Strawberry","Happy Flower","Pandora\u0027s Box","Juzu Bracelet","Singing Bowl","MutagenicStrength","Bag of Marbles","Blood Vial","Mercury Hourglass","Busted Crown","Anchor","Lantern"],"acts_visited":["Exordium","TheCity","TheBeyond"],"potions_floor_usage":[6,8,13,16,22,29,40],"damage_taken":[{"damage":12,"enemies":"2 Louse","floor":1,"turns":3},{"damage":14,"enemies":"Small Slimes","floor":2,"turns":3},{"damage":15,"enemies":"3 Sentries","floor":6,"turns":5},{"damage":40,"enemies":"Lagavulin","floor":8,"turns":5},{"damage":6,"enemies":"Jaw Worm","floor":11,"turns":3},{"damage":14,"enemies":"Lots of Slimes","floor":12,"turns":5},{"damage":0,"enemies":"Gremlin Nob","floor":13,"turns":3},{"damage":29,"enemies":"The Guardian","floor":16,"turns":7},{"damage":18,"enemies":"2 Thieves","floor":18,"turns":3},{"damage":16,"enemies":"Spheric Guardian","floor":21,"turns":4},{"damage":11,"enemies":"Centurion and Healer","floor":22,"turns":3},{"damage":16,"enemies":"Book of Stabbing","floor":24,"turns":4},{"damage":0,"enemies":"Chosen and Byrds","floor":25,"turns":5},{"damage":0,"enemies":"Gremlin Leader","floor":29,"turns":4},{"damage":16,"enemies":"Collector","floor":33,"turns":6},{"damage":5,"enemies":"Orb Walker","floor":35,"turns":2},{"damage":39,"enemies":"3 Darklings","floor":37,"turns":6},{"damage":8,"enemies":"Maw","floor":38,"turns":6},{"damage":54,"enemies":"Giant Head","floor":40,"turns":5}],"seed_played":"263195606480622249","potions_obtained":[{"floor":1,"key":"GamblersBrew"},{"floor":2,"key":"PowerPotion"},{"floor":11,"key":"ElixirPotion"},{"floor":12,"key":"Energy Potion"},{"floor":18,"key":"Explosive Potion"},{"floor":25,"key":"Weak Potion"},{"floor":29,"key":"Weak Potion"},{"floor":37,"key":"LiquidBronze"},{"floor":38,"key":"ColorlessPotion"}],"is_trial":false,"path_per_floor":["M","M","?","?","?","E","R","E","T","R","M","M","E","$","R","B",null,"M","$","?","M","M","R","E","M","T","?","$","E","$","T","R","B",null,"M","$","M","M","T","E"],"character_chosen":"IRONCLAD","items_purchased":["Happy Flower","Bag of Marbles","Anchor"],"campfire_rested":5,"item_purchase_floors":[14,28,36],"current_hp_per_floor":[56,42,47,47,47,32,56,16,16,40,34,20,27,27,53,24,71,56,56,29,16,8,38,22,22,22,22,22,24,24,24,54,40,87,86,86,54,50,50,0,0],"gold":217,"neow_bonus":"BOSS_RELIC","is_daily":false,"chose_seed":false,"campfire_upgraded":0,"win_rate":0.0,"timestamp":1613425367,"path_taken":["M","M","?","?","?","E","R","E","T","R","M","M","E","$","R","BOSS","M","?","?","M","M","R","E","M","T","?","?","E","$","?","R","BOSS","M","$","M","M","?","E"],"items_purchased_type":["Relic","Relic","Relic"],"build_version":"2020-12-22","purchased_purges":1,"victory":false,"max_hp_per_floor":[75,75,80,80,80,80,80,80,80,80,80,80,87,87,87,87,87,90,90,95,98,101,101,101,101,101,101,101,103,103,103,103,103,103,105,105,110,112,112,112,112],"card_choices":[{"not_picked":["Body Slam","Rupture"],"picked":"Inflame","floor":1},{"not_picked":["Rage","Blood for Blood"],"picked":"Heavy Blade","floor":2},{"not_picked":["Sword Boomerang","Rupture"],"picked":"Carnage","floor":6},{"not_picked":["Carnage","Clash"],"picked":"Clothesline","floor":8},{"not_picked":["Shrug It Off","Armaments"],"picked":"Uppercut","floor":11},{"not_picked":["Hemokinesis","Rage","Entrench"],"picked":"SKIP","floor":12},{"not_picked":["Inflame","Evolve"],"picked":"Shrug It Off","floor":13},{"not_picked":["Immolate","Impervious"],"picked":"Feed","floor":16},{"not_picked":["Dropkick","Clothesline"],"picked":"Pommel Strike","floor":18},{"not_picked":["Dark Embrace","Cleave"],"picked":"Iron Wave","floor":21},{"not_picked":["Shrug It Off","Intimidate"],"picked":"Shockwave","floor":22},{"not_picked":["Evolve","Searing Blow"],"picked":"Whirlwind+1","floor":24},{"not_picked":["Blood for Blood","Heavy Blade"],"picked":"Pommel Strike","floor":25},{"not_picked":["Pommel Strike","Second Wind","Anger"],"picked":"Singing Bowl","floor":29},{"not_picked":["Double Tap","Offering"],"picked":"Limit Break","floor":33},{"not_picked":["Searing Blow"],"picked":"Singing Bowl","floor":35},{"not_picked":["Searing Blow"],"picked":"Singing Bowl","floor":37},{"not_picked":["Dual Wield"],"picked":"Singing Bowl","floor":38}],"player_experience":480873,"relics_obtained":[{"floor":6,"key":"Oddly Smooth Stone"},{"floor":8,"key":"Orichalcum"},{"floor":9,"key":"Potion Belt"},{"floor":13,"key":"Strawberry"},{"floor":24,"key":"Juzu Bracelet"},{"floor":26,"key":"Singing Bowl"},{"floor":29,"key":"Blood Vial"},{"floor":31,"key":"Mercury Hourglass"},{"floor":39,"key":"Lantern"}],"event_choices":[{"damage_healed":0,"gold_gain":0,"player_choice":"Donut","damage_taken":0,"max_hp_gain":5,"max_hp_loss":0,"event_name":"Big Fish","floor":3,"gold_loss":0},{"damage_healed":0,"gold_gain":0,"player_choice":"Grow","damage_taken":0,"max_hp_gain":0,"max_hp_loss":0,"event_name":"Living Wall","floor":4,"gold_loss":0,"cards_upgraded":["Heavy Blade"]},{"damage_healed":0,"gold_gain":0,"player_choice":"Forge","damage_taken":0,"max_hp_gain":0,"max_hp_loss":0,"event_name":"Accursed Blacksmith","floor":5,"gold_loss":0,"cards_upgraded":["Inflame"]},{"damage_healed":0,"gold_gain":0,"player_choice":"Shed Blood","damage_taken":32,"max_hp_gain":5,"max_hp_loss":0,"event_name":"Forgotten Altar","floor":20,"gold_loss":0},{"damage_healed":0,"gold_gain":0,"player_choice":"Inject Mutagens","damage_taken":0,"relics_obtained":["MutagenicStrength"],"max_hp_gain":0,"max_hp_loss":0,"event_name":"Drug Dealer","floor":27,"gold_loss":0}],"is_beta":false,"boss_relics":[{"not_picked":["SlaversCollar","Philosopher\u0027s Stone"],"picked":"Pandora\u0027s Box"},{"not_picked":["Sozu","Tiny House"],"picked":"Busted Crown"}],"items_purged_floors":[14],"is_endless":false,"potions_floor_spawned":[1,2,11,12,18,25,29,37,38],"killed_by":"Giant Head","ascension_level":18}}