{"host":"nk96hmshg916l1i9","time":1613419131,"event":{"mods":["Act Like it!","Aspiration","BaseMod","Bestiary","Better Third Choice","BetterRewards","Colored Map","Colored Powertips","Downfall","Gensokyo","Hallownest","Hermit","Hubris","Koishi","Lobotomy","Marisa（霧雨　魔理沙）","Minty Spire (QoL Compilation)","Prisma Mod","Remilia（蕾米莉?）","Shop Mod","StSLib","Td1madao Mod","The Administrix","The Animator","The Bug Knight","The Cursed","The Disciple","The Hierophant","The Jungle"],"gold_per_floor":[111,131,145,145,145,174,174,174,197,197,232,232,242,269,269,370,370,388,402,35,47,65,65,91,106,161,188,188,188,188,203,203,203,203],"floor_reached":33,"language":"ENG","playtime":4103,"items_purged":["Koishi:BasicStrike"],"score":330,"play_id":"ffdef6f8-e1ab-4f44-b425-f17db08dfea3","local_time":"20210216035851","is_ascension_mode":false,"campfire_choices":[{"floor":8.0,"key":"REST"},{"data":"Koishi:Provoke","floor":10.0,"key":"SMITH"},{"data":"Koishi:BasicDefend","floor":15.0,"key":"SMITH"},{"data":"Koishi:PhantomBarrier","floor":23.0,"key":"SMITH"},{"floor":28.0,"key":"REST"},{"data":"Koishi:StingingMind","floor":30.0,"key":"SMITH"},{"data":"Koishi:DNAsFlaw","floor":32.0,"key":"SMITH"}],"circlet_count":0,"master_deck":["Koishi:BasicStrike+1","Koishi:BasicStrike","Koishi:BasicStrike","Koishi:BasicDefend+1","Koishi:BasicDefend","Koishi:BasicDefend","Koishi:BasicDefend+1","Koishi:Provoke+1","Koishi:HauntingSlash+1","Koishi:RacingHeart","OSAHOGD","Koishi:RacingHeart","OldLady","Koishi:StingingMind+1","Koishi:MindNumbingTerror","Koishi:YoukaiPolygraph","Koishi:PhantomStrike","Koishi:TremblingHands","Koishi:MindStellarRelief","Koishi:MindNumbingTerror","Koishi:TraumaticStroke","Koishi:PhantomBarrier+1","Koishi:JumpScare+1","Koishi:RacingHeart","Koishi:GeneticsOfTheUnconscious+1","Koishi:MindNumbingTerror","HappyTeddy","Koishi:DNAsFlaw+1"],"relics":["Koishi:ImaginaryFriend","CogitoBucket","RabbitCall","Centennial Puzzle","HornCleat","Pantograph","hubris:Towel","HellTrain","Ginger","Runic Pyramid","Matryoshka","AspirationHeart","hubris:MedicalManual","Happy Flower","Darkstone Periapt","hubris:BottledRain","AtMidnight"],"acts_visited":["Exordium","Exordium"],"potions_floor_usage":[],"damage_taken":[{"damage":1.0,"enemies":"2 Louse","floor":1.0,"turns":3.0},{"damage":2.0,"enemies":"Small Slimes","floor":2.0,"turns":3.0},{"damage":2.0,"enemies":"Jaw Worm","floor":3.0,"turns":3.0},{"damage":17.0,"enemies":"Gremlin Nob","floor":6.0,"turns":5.0},{"damage":2.0,"enemies":"Lagavulin","floor":11.0,"turns":6.0},{"damage":5.0,"enemies":"Gremlin Gang","floor":13.0,"turns":5.0},{"damage":7.0,"enemies":"3 Sentries","floor":14.0,"turns":7.0},{"damage":25.0,"enemies":"The Guardian","floor":16.0,"turns":11.0},{"damage":12.0,"enemies":"theJungle:MUSHROOMGANG","floor":18.0,"turns":6.0},{"damage":15.0,"enemies":"theJungle:Flameango_and_Byrd","floor":19.0,"turns":5.0},{"damage":30.0,"enemies":"Snake Plant","floor":21.0,"turns":6.0},{"damage":24.0,"enemies":"theJungle:2_Snecko_Cultists","floor":22.0,"turns":6.0},{"damage":30.0,"enemies":"theJungle:MamaSnecko","floor":24.0,"turns":6.0},{"damage":18.0,"enemies":"theJungle:Lyon","floor":25.0,"turns":4.0},{"damage":72.0,"enemies":"theJungle:Cassacara","floor":27.0,"turns":7.0},{"damage":46.0,"enemies":"theJungle:SlimyTreeVines","floor":31.0,"turns":29.0},{"damage":18,"enemies":"theJungle:TotemBoss","floor":33,"turns":4}],"seed_played":"2979063514456131001","potions_obtained":[{"floor":2.0,"key":"Block Potion"},{"floor":3.0,"key":"AttackPotion"},{"floor":13.0,"key":"EssenceOfSteel"},{"floor":14.0,"key":"Weak Potion"},{"floor":18.0,"key":"hexamod:SoulburnPotion"},{"floor":22.0,"key":"Block Potion"},{"floor":24.0,"key":"Weak Potion"},{"floor":27.0,"key":"SpeedPotion"}],"is_trial":false,"path_per_floor":["M","M","M","?","?","E","?","R","T","R","E","?","M","E","R","B",null,"M","M","$","M","M","R","E","M","T","E","R","?","R","M","R","B"],"character_chosen":"KOISHI","items_purchased":["Koishi:PhantomBarrier","Matryoshka"],"campfire_rested":2,"item_purchase_floors":[20,20],"current_hp_per_floor":[60,59,58,51,51,44,32,50,50,50,60,60,59,56,56,60,60,54,41,41,33,23,23,41,58,58,23,44,70,70,70,70,60,60],"gold":203,"neow_bonus":"","is_daily":false,"chose_seed":false,"campfire_upgraded":5,"win_rate":0.0,"timestamp":1613419131,"path_taken":["M","M","M","?","?","E","?","R","T","R","E","?","M","E","R","BOSS","M","M","$","M","M","R","E","?","T","E","R","?","R","M","R","BOSS"],"items_purchased_type":["Card","Relic"],"build_version":"2020-12-22","purchased_purges":1,"victory":false,"max_hp_per_floor":[60,60,60,60,60,60,60,60,60,60,60,60,60,60,60,60,60,60,60,60,70,70,70,70,70,70,70,70,70,70,70,70,70,70],"card_choices":[{"not_picked":["Koishi:UnansweredLove","Koishi:StingingMind"],"picked":"Koishi:RacingHeart","floor":1.0},{"not_picked":["Freischutz","Bloodbath"],"picked":"OSAHOGD","floor":1.0},{"not_picked":["Koishi:PhilosophyOfTheDespised","Koishi:EmbersOfLove"],"picked":"Koishi:RacingHeart","floor":2.0},{"not_picked":["Rudolta","Wellcheers"],"picked":"OldLady","floor":2.0},{"not_picked":["Koishi:RacingHeart","Koishi:IdleWhim"],"picked":"Koishi:StingingMind","floor":3.0},{"not_picked":["Koishi:HeartAttack","Koishi:UnseenTerror"],"picked":"Koishi:MindNumbingTerror","floor":6.0},{"not_picked":["Koishi:StrangeCloudFist","Koishi:SubterraneanRose"],"picked":"Koishi:YoukaiPolygraph","floor":11.0},{"not_picked":["Koishi:SpiritedAway","Koishi:Vanish"],"picked":"Koishi:PhantomStrike","floor":13.0},{"not_picked":["Koishi:TraumaticStroke","Koishi:RoseHell"],"picked":"Koishi:TremblingHands","floor":14.0},{"not_picked":["Koishi:GrowingPain","Koishi:Heartbroken"],"picked":"Koishi:MindStellarRelief","floor":16.0},{"not_picked":["Koishi:IdleWhim+1","Koishi:SubconsciousSweep"],"picked":"Koishi:MindNumbingTerror","floor":18.0},{"not_picked":["Koishi:FleetingPhantom","Koishi:Untouchable"],"picked":"Koishi:TraumaticStroke","floor":19.0},{"not_picked":["Koishi:FleetingPhantom","Koishi:SprinkleStarAndHeart"],"picked":"Koishi:JumpScare+1","floor":21.0},{"not_picked":["Koishi:Vanish+1","Koishi:FormlessExistence"],"picked":"Koishi:RacingHeart","floor":22.0},{"not_picked":["NothingThere","Wellcheers"],"picked":"DreamingCurrent","floor":22.0},{"not_picked":["Koishi:SubconsciousSweep+1","Koishi:Untouchable"],"picked":"Koishi:GeneticsOfTheUnconscious+1","floor":24.0},{"not_picked":["Koishi:FourthEye","Koishi:TraumaticStroke","Koishi:MassHysteria"],"picked":"SKIP","floor":25.0},{"not_picked":["Koishi:UnconsciousUprising","Koishi:FleetingPhantom"],"picked":"Koishi:MindNumbingTerror","floor":27.0},{"not_picked":["BigBird","QueenOfHatred"],"picked":"HappyTeddy","floor":31.0},{"not_picked":["Koishi:FidgetySnatcher","Koishi:BloodcurdlingScream"],"picked":"Koishi:DNAsFlaw","floor":31.0}],"player_experience":822520,"relics_obtained":[{"floor":6.0,"key":"HornCleat"},{"floor":11.0,"key":"Pantograph"},{"floor":14.0,"key":"Ginger"},{"floor":24.0,"key":"hubris:MedicalManual"},{"floor":26.0,"key":"Happy Flower"},{"floor":26.0,"key":"Darkstone Periapt"},{"floor":27.0,"key":"hubris:BottledRain"},{"floor":31.0,"key":"AtMidnight"}],"event_choices":[{"damage_healed":0.0,"max_hp_gain":0.0,"max_hp_loss":0.0,"gold_gain":0.0,"event_name":"betterThird:BetterScrap","player_choice":"Relic ","floor":4.0,"gold_loss":0.0,"damage_taken":7.0,"cards_obtained":["Limit Break"]},{"damage_healed":44.0,"max_hp_gain":0.0,"max_hp_loss":60.0,"gold_gain":0.0,"event_name":"betterThird:BetterShining","player_choice":"Upgrade","floor":7.0,"gold_loss":0.0,"damage_taken":12.0,"cards_upgraded":["Koishi:BasicDefend","Koishi:BasicStrike"]},{"cards_removed":["DreamingCurrent"],"damage_healed":26.0,"max_hp_gain":0.0,"max_hp_loss":0.0,"gold_gain":0.0,"event_name":"Bonfire Elementals","player_choice":"Offered Uncommon","floor":29.0,"gold_loss":0.0,"damage_taken":0.0}],"is_beta":false,"boss_relics":[{"not_picked":["SacredBark","Pandora\u0027s Box"],"picked":"Runic Pyramid"}],"items_purged_floors":[20],"is_endless":false,"potions_floor_spawned":[2,3,13,14,18,22,24,27],"killed_by":"theJungle:TotemBoss","ascension_level":0}}