{"host":"dztixnx9b0gu6w9i","time":1613428244,"event":{"mods":["BaseMod","Bestiary","Minty Spire (QoL Compilation)","Relic Stats","Slay the Relics Exporter","SpireBot","ojb\u0027s Better Paths Mod","ojb\u0027s Info Mod"],"gold_per_floor":[116,15,15,15,29,56,56,56,56,89,2,42,42,55,55,154,154,167,117,60,84,84,115,40,40,40,52,78,124,136,169,181,286,298,329,341,686,718,743,755,351,377,377,97,122,153,153,153,153,153,153,153,153,26,51,51,51],"floor_reached":56,"language":"ENG","playtime":11001,"items_purged":["Zap","Reprogram"],"score":2335,"play_id":"15aac475-9d1f-44d6-8614-3ab42d5ef15b","local_time":"20210215173044","is_ascension_mode":true,"campfire_choices":[{"data":"Genetic Algorithm","floor":13.0,"key":"SMITH"},{"data":"Rip and Tear","floor":15.0,"key":"SMITH"},{"data":"Defragment","floor":27,"key":"SMITH"},{"data":"Defragment","floor":30,"key":"SMITH"},{"data":"Loop","floor":32,"key":"SMITH"},{"data":"Steam Power","floor":40,"key":"SMITH"},{"floor":47,"key":"RECALL"},{"data":"Capacitor","floor":49,"key":"SMITH"},{"data":"Heatsinks","floor":53,"key":"SMITH"}],"circlet_count":0,"master_deck":["AscendersBane","Dualcast","White Noise+1","Rip and Tear+1","Steam","Ball Lightning","Cold Snap","Leap","Self Repair","Genetic Algorithm+1","Cold Snap","Electrodynamics","Steam Power+1","Defragment+1","Leap","Defragment+1","Redo","Heatsinks+1","BootSequence","Coolheaded+1","Recycle+1","Ghostly","Ghostly","Ghostly","Rainbow","Loop+1","All For One","Secret Technique","Blind","Recycle+1","Coolheaded","Tempest","Capacitor+1","Glacier","All For One","Barrage+1","Dark Shackles","Beam Cell"],"relics":["Cracked Core","NeowsBlessing","Art of War","PreservedInsect","Ornamental Fan","Akabeko","Bottled Lightning","Pandora\u0027s Box","Kunai","MawBank","Ice Cream","SlaversCollar","Cables","Omamori","Frozen Eye","Peace Pipe","Shuriken","WarpedTongs","StrikeDummy"],"acts_visited":["Exordium","TheCity","TheBeyond","TheEnding"],"potions_floor_usage":[18,23,55,55,56],"damage_taken":[{"damage":0.0,"enemies":"2 Louse","floor":1.0,"turns":1.0},{"damage":0.0,"enemies":"Small Slimes","floor":5.0,"turns":1.0},{"damage":0.0,"enemies":"Gremlin Nob","floor":6.0,"turns":1.0},{"damage":3.0,"enemies":"3 Sentries","floor":10.0,"turns":5.0},{"damage":1.0,"enemies":"Lagavulin","floor":12.0,"turns":3.0},{"damage":11.0,"enemies":"Jaw Worm","floor":14.0,"turns":4.0},{"damage":8.0,"enemies":"The Guardian","floor":16.0,"turns":13.0},{"damage":19,"enemies":"Chosen","floor":18,"turns":7},{"damage":8,"enemies":"3 Byrds","floor":21,"turns":4},{"damage":0,"enemies":"Book of Stabbing","floor":23,"turns":4},{"damage":0,"enemies":"Snecko","floor":28,"turns":6},{"damage":11,"enemies":"Gremlin Leader","floor":29,"turns":6},{"damage":0,"enemies":"Sentry and Sphere","floor":31,"turns":5},{"damage":2,"enemies":"Champ","floor":33,"turns":14},{"damage":10,"enemies":"3 Shapes","floor":35,"turns":3},{"damage":7,"enemies":"3 Darklings","floor":38,"turns":5},{"damage":1,"enemies":"Transient","floor":39,"turns":6},{"damage":0,"enemies":"Nemesis","floor":42,"turns":5},{"damage":0,"enemies":"Mind Bloom Boss Battle","floor":45,"turns":7},{"damage":0,"enemies":"Giant Head","floor":46,"turns":7},{"damage":6,"enemies":"Donu and Deca","floor":50,"turns":10},{"damage":0,"enemies":"Time Eater","floor":51,"turns":18},{"damage":23,"enemies":"Shield and Spear","floor":55,"turns":6},{"damage":21,"enemies":"The Heart","floor":56,"turns":11}],"seed_played":"-4474417322922377116","potions_obtained":[{"floor":6.0,"key":"SteroidPotion"},{"floor":10.0,"key":"FearPotion"},{"floor":12.0,"key":"Regen Potion"},{"floor":21,"key":"GamblersBrew"},{"floor":23,"key":"SteroidPotion"},{"floor":31,"key":"DuplicationPotion"},{"floor":55,"key":"Dexterity Potion"}],"is_trial":false,"path_per_floor":["M","$","?","?","M","E","?","?","T","E","$","E","R","M","R","B",null,"M","?","$","M","?","E","$","?","T","R","M","E","R","M","R","B",null,"M","?","?","M","M","R","$","E","T","$","?","E","R","?","R","B","B",null,"R","$","E","B"],"character_chosen":"DEFECT","items_purchased":["Rip and Tear","Steam","Self Repair","FocusPotion","Cables","Coolheaded","Capacitor","Glacier","Frozen Eye","Dark Shackles","Beam Cell"],"campfire_rested":0,"item_purchase_floors":[2,2,11,20,41,41,44,44,44,54,54],"current_hp_per_floor":[64,64,43,43,43,43,38,38,38,35,35,34,34,30,30,29,55,56,56,56,55,32,32,32,26,26,26,33,29,29,36,36,37,37,34,24,24,24,30,30,30,37,37,37,37,37,37,37,37,37,37,37,37,37,21,0,0],"gold":51,"neow_bonus":"THREE_ENEMY_KILL","is_daily":false,"chose_seed":false,"campfire_upgraded":8,"win_rate":0.0,"timestamp":1613428244,"path_taken":["M","$","?","?","?","E","?","?","T","E","?","E","R","M","R","BOSS","M","?","?","?","?","E","?","?","T","R","M","E","R","M","R","BOSS","M","?","?","?","M","R","?","E","T","$","?","E","R","?","R","BOSS","BOSS","R","$","E","BOSS"],"items_purchased_type":["Card","Card","Card","Potion","Relic","Card","Card","Card","Relic","Card","Card"],"build_version":"2020-12-22","purchased_purges":2,"victory":false,"max_hp_per_floor":[71,71,71,71,71,71,71,64,64,64,64,64,64,64,64,64,64,64,64,64,64,32,32,32,37,37,37,37,37,37,37,37,37,37,37,37,37,37,37,37,37,37,37,37,37,37,37,37,37,37,37,37,37,37,37,37,37],"relic_stats":{"Peace Pipe":0,"counters":[24,151],"Ornamental Fan":[52],"Shuriken":[4],"Pandora\u0027s Box":["Steam Power","Defragment","Reprogram","Leap","Defragment","Redo","Heatsinks","BootSequence"],"PreservedInsect":416,"Art of War":[72],"Kunai":[8],"MawBank":180,"obtain_stats":[{"Ice Cream":29,"NeowsBlessing":0,"Golden Idol":8,"PreservedInsect":7,"Omamori":42,"MawBank":26,"Akabeko":10,"Cables":41,"WarpedTongs":48,"Peace Pipe":45,"SlaversCollar":34,"Frozen Eye":44,"Ornamental Fan":9,"Shuriken":46,"Pandora\u0027s Box":17,"Art of War":6,"Bottled Lightning":12,"Kunai":23,"Cracked Core":0,"StrikeDummy":55},{"Ice Cream":12,"NeowsBlessing":0,"Golden Idol":3,"PreservedInsect":3,"Omamori":18,"MawBank":10,"Akabeko":4,"Cables":17,"WarpedTongs":20,"Peace Pipe":19,"SlaversCollar":14,"Frozen Eye":18,"Ornamental Fan":3,"Shuriken":20,"Pandora\u0027s Box":7,"Art of War":3,"Bottled Lightning":5,"Kunai":10,"Cracked Core":0,"StrikeDummy":23},{"Ice Cream":55,"NeowsBlessing":0,"Golden Idol":3,"PreservedInsect":3,"Omamori":92,"MawBank":43,"Akabeko":8,"Cables":87,"WarpedTongs":106,"Peace Pipe":99,"SlaversCollar":74,"Frozen Eye":92,"Ornamental Fan":3,"Shuriken":106,"Pandora\u0027s Box":28,"Art of War":3,"Bottled Lightning":11,"Kunai":43,"Cracked Core":0,"StrikeDummy":140}],"Cables":[60,12,45,3,0],"WarpedTongs":[40]},"card_choices":[{"not_picked":["Turbo","Steam"],"picked":"White Noise","floor":1.0},{"not_picked":["Conserve Battery","Machine Learning"],"picked":"Ball Lightning","floor":5.0},{"not_picked":["Conserve Battery","Capacitor"],"picked":"Cold Snap","floor":6.0},{"not_picked":["Force Field","Streamline"],"picked":"Leap","floor":10.0},{"not_picked":["Steam","Blizzard"],"picked":"Genetic Algorithm","floor":12.0},{"not_picked":["Storm","Chill"],"picked":"Cold Snap","floor":14.0},{"not_picked":["Fission","Machine Learning"],"picked":"Electrodynamics","floor":16.0},{"not_picked":["Barrage","Gash"],"picked":"Coolheaded+1","floor":18},{"not_picked":["Rebound","Rip and Tear"],"picked":"Recycle+1","floor":21},{"not_picked":["Leap","Turbo+1","White Noise"],"picked":"SKIP","floor":23},{"not_picked":["Leap","Turbo+1","White Noise"],"picked":"SKIP","floor":23},{"not_picked":["Cold Snap","Stack+1","Conserve Battery"],"picked":"SKIP","floor":28},{"not_picked":["Stack","Cold Snap"],"picked":"Rainbow","floor":29},{"not_picked":["Leap","Compile Driver"],"picked":"Loop","floor":31},{"not_picked":["Hyperbeam","Machine Learning"],"picked":"All For One","floor":33},{"not_picked":["Self Repair","Rebound","Sweeping Beam"],"picked":"SKIP","floor":35},{"not_picked":["Dramatic Entrance","Mind Blast"],"picked":"Secret Technique","floor":36},{"not_picked":["Transmutation","Finesse"],"picked":"Blind","floor":36},{"not_picked":["Chill","Cold Snap","Rebound"],"picked":"SKIP","floor":38},{"not_picked":["Chill","Cold Snap","Rebound"],"picked":"SKIP","floor":38},{"not_picked":["Scrape","Rebound"],"picked":"Recycle+1","floor":39},{"not_picked":["Go for the Eyes","Ball Lightning"],"picked":"Tempest","floor":42},{"not_picked":["Stack","Consume"],"picked":"All For One","floor":45},{"not_picked":["Conserve Battery","Auto Shields"],"picked":"Barrage+1","floor":46},{"not_picked":["Barrage","Doom and Gloom","Rip and Tear"],"picked":"SKIP","floor":55}],"player_experience":8633369,"relics_obtained":[{"floor":6.0,"key":"Art of War"},{"floor":9.0,"key":"Ornamental Fan"},{"floor":10.0,"key":"Akabeko"},{"floor":12.0,"key":"Bottled Lightning"},{"floor":23,"key":"Kunai"},{"floor":26,"key":"MawBank"},{"floor":29,"key":"Ice Cream"},{"floor":42,"key":"Omamori"},{"floor":45,"key":"Peace Pipe"},{"floor":46,"key":"Shuriken"},{"floor":55,"key":"StrikeDummy"}],"event_choices":[{"damage_healed":0.0,"max_hp_gain":0.0,"max_hp_loss":0.0,"gold_gain":0.0,"event_name":"Shining Light","player_choice":"Entered Light","floor":3.0,"gold_loss":0.0,"damage_taken":21.0,"cards_upgraded":["White Noise","Defend_B"]},{"damage_healed":0.0,"max_hp_gain":0.0,"max_hp_loss":0.0,"gold_gain":0.0,"event_name":"Liars Game","player_choice":"Ignored","floor":4.0,"gold_loss":0.0,"damage_taken":0.0},{"damage_healed":0.0,"max_hp_gain":0.0,"max_hp_loss":0.0,"gold_gain":0.0,"event_name":"Scrap Ooze","player_choice":"Success","floor":7.0,"gold_loss":0.0,"damage_taken":5.0,"relics_obtained":["PreservedInsect"]},{"damage_healed":0.0,"max_hp_gain":0.0,"max_hp_loss":7.0,"gold_gain":0.0,"event_name":"Golden Idol","player_choice":"Lose Max HP","floor":8.0,"gold_loss":0.0,"damage_taken":0.0,"relics_obtained":["Golden Idol"]},{"damage_healed":0,"gold_gain":0,"player_choice":"Bet on Owner","damage_taken":0,"max_hp_gain":0,"max_hp_loss":0,"event_name":"The Joust","floor":19,"gold_loss":50},{"damage_healed":0,"gold_gain":0,"player_choice":"Became a Ghost","damage_taken":0,"max_hp_gain":0,"max_hp_loss":32,"event_name":"Ghosts","floor":22,"gold_loss":0,"cards_obtained":["Ghostly","Ghostly","Ghostly"]},{"damage_healed":0,"gold_gain":0,"player_choice":"Shed Blood","damage_taken":11,"max_hp_gain":5,"max_hp_loss":0,"event_name":"Forgotten Altar","floor":25,"gold_loss":0},{"damage_healed":0,"gold_gain":0,"player_choice":"Memory 3","damage_taken":10,"max_hp_gain":0,"max_hp_loss":0,"event_name":"SensoryStone","floor":36,"gold_loss":0},{"damage_healed":0,"gold_gain":333,"player_choice":"Gave Idol","damage_taken":0,"max_hp_gain":0,"max_hp_loss":0,"event_name":"The Moai Head","floor":37,"relics_lost":["Golden Idol"],"gold_loss":0},{"damage_healed":0,"gold_gain":0,"player_choice":"Fight","damage_taken":0,"max_hp_gain":0,"max_hp_loss":0,"event_name":"MindBloom","floor":45,"gold_loss":0},{"damage_healed":0,"gold_gain":0,"player_choice":"Rummage","damage_taken":0,"relics_obtained":["WarpedTongs"],"max_hp_gain":0,"max_hp_loss":0,"event_name":"Accursed Blacksmith","floor":48,"gold_loss":0,"cards_obtained":["Pain"]}],"is_beta":false,"boss_relics":[{"not_picked":["Empty Cage","Sozu"],"picked":"Pandora\u0027s Box"},{"not_picked":["SacredBark","Black Star"],"picked":"SlaversCollar"}],"items_purged_floors":[24,41],"is_endless":false,"potions_floor_spawned":[6,10,12,21,23,31,35,46,55],"killed_by":"The Heart","ascension_level":20}}