{"host":"Bilverbakes","time":1613400420,"event":{"mods":["2.2 Compatiblity","AchievementEnabler","BaseMod","Bestiary","Colored Map","Minty Spire (QoL Compilation)","Relic Stats","StSLib","ojb\u0027s Info Mod"],"gold_per_floor":[110,128,128,128,149,190,190,229,252,252,271,306,325,341,341,435,435,395,228,228,228,208,208,51,51,51,51,51,51,51,51,51,51,51],"floor_reached":33,"language":"ENG","playtime":1738,"items_purged":[],"score":679,"play_id":"2a186fbe-2dad-4f74-9e30-fc0ee377c8ec","local_time":"20210215084700","is_ascension_mode":true,"campfire_choices":[{"floor":7.0,"key":"RECALL"},{"floor":15.0,"key":"REST"},{"floor":27.0,"key":"REST"},{"floor":29,"key":"REST"},{"floor":32,"key":"REST"}],"circlet_count":0,"master_deck":["AscendersBane","Strike_G","Strike_G","Strike_G","Strike_G","Defend_G","Defend_G","Defend_G","Defend_G","Defend_G","Survivor","Neutralize","Poisoned Stab","Expertise","Finisher","Dash","Concentrate","Sucker Punch","Underhanded Strike","Die Die Die","Blade Dance","Expertise","Glass Knife","Dagger Throw+1","Blade Dance","Dodge and Roll+1","Leg Sweep+1","Backflip","Footwork","Blade Dance","Acrobatics+1","Quick Slash+1","Reflex","Acrobatics+1","Reflex","Expertise"],"relics":["Fusion Hammer","Golden Idol","Toy Ornithopter","Art of War","Bronze Scales","Gremlin Horn","Ectoplasm","Bag of Preparation","Dream Catcher","Orrery","Potion Belt","MawBank"],"acts_visited":["Exordium","TheCity"],"potions_floor_usage":[],"damage_taken":[{"damage":2.0,"enemies":"Small Slimes","floor":1.0,"turns":5.0},{"damage":0.0,"enemies":"2 Louse","floor":2.0,"turns":3.0},{"damage":1.0,"enemies":"Cultist","floor":5.0,"turns":4.0},{"damage":9.0,"enemies":"Lagavulin","floor":6.0,"turns":5.0},{"damage":16.0,"enemies":"Gremlin Nob","floor":8.0,"turns":4.0},{"damage":7.0,"enemies":"Lots of Slimes","floor":11.0,"turns":5.0},{"damage":5.0,"enemies":"3 Sentries","floor":12.0,"turns":6.0},{"damage":2.0,"enemies":"Looter","floor":13.0,"turns":4.0},{"damage":0.0,"enemies":"Large Slime","floor":14.0,"turns":3.0},{"damage":36.0,"enemies":"Hexaghost","floor":16.0,"turns":8.0},{"damage":6.0,"enemies":"2 Thieves","floor":18.0,"turns":2.0},{"damage":13.0,"enemies":"3 Byrds","floor":20.0,"turns":3.0},{"damage":0.0,"enemies":"Snecko","floor":21.0,"turns":3.0},{"damage":21.0,"enemies":"Book of Stabbing","floor":23.0,"turns":4.0},{"damage":4.0,"enemies":"Slavers","floor":25.0,"turns":5.0},{"damage":5.0,"enemies":"Book of Stabbing","floor":28.0,"turns":5.0},{"damage":6,"enemies":"Shelled Parasite and Fungi","floor":30,"turns":3},{"damage":0,"enemies":"Snake Plant","floor":31,"turns":4},{"damage":76,"enemies":"Automaton","floor":33,"turns":12}],"seed_played":"2163287603136789347","potions_obtained":[{"floor":1.0,"key":"DistilledChaos"},{"floor":6.0,"key":"SteroidPotion"},{"floor":8.0,"key":"PowerPotion"},{"floor":14.0,"key":"SneckoOil"},{"floor":18.0,"key":"FearPotion"},{"floor":20.0,"key":"Poison Potion"},{"floor":22.0,"key":"Dexterity Potion"},{"floor":25.0,"key":"FairyPotion"}],"is_trial":false,"path_per_floor":["M","M","?","?","M","E","R","E","T","?","M","E","M","M","R","B",null,"M","$","M","M","?","E","$","E","T","R","E","R","M","M","R","B"],"character_chosen":"THE_SILENT","items_purchased":["Bag of Preparation","Orrery"],"campfire_rested":4,"item_purchase_floors":[19,24],"current_hp_per_floor":[57,57,62,62,61,52,52,41,41,41,39,34,32,32,51,20,53,52,52,39,44,44,28,28,24,24,43,38,57,51,51,64,17,17],"gold":51,"neow_bonus":"BOSS_RELIC","is_daily":false,"chose_seed":false,"campfire_upgraded":0,"win_rate":0.0,"timestamp":1613400420,"path_taken":["M","M","?","?","M","E","R","E","T","?","M","E","M","M","R","BOSS","M","$","M","M","?","E","$","E","T","R","E","R","?","M","R","BOSS"],"items_purchased_type":["Relic","Relic"],"build_version":"2020-12-18","purchased_purges":0,"victory":false,"max_hp_per_floor":[66,66,71,64,64,64,64,64,64,64,64,64,64,64,64,64,64,64,64,64,64,64,64,64,64,64,64,64,64,64,64,64,64,64],"relic_stats":{"Dream Catcher":3,"Gremlin Horn":[7,7],"counters":[19,88],"Golden Idol":108,"Bronze Scales":[269],"Ectoplasm":355,"Art of War":[3],"Bag of Preparation":[16],"MawBank":0,"obtain_stats":[{"Potion Belt":25,"Gremlin Horn":12,"Golden Idol":4,"Bag of Preparation":19,"MawBank":28,"Dream Catcher":23,"Bronze Scales":9,"Orrery":24,"Fusion Hammer":0,"Ectoplasm":17,"Art of War":8,"Toy Ornithopter":6,"Ring of the Snake":0},{"Potion Belt":15,"Gremlin Horn":7,"Golden Idol":2,"Bag of Preparation":11,"MawBank":16,"Dream Catcher":14,"Bronze Scales":5,"Orrery":14,"Fusion Hammer":0,"Ectoplasm":10,"Art of War":5,"Toy Ornithopter":4,"Ring of the Snake":0},{"Potion Belt":64,"Gremlin Horn":32,"Golden Idol":8,"Bag of Preparation":49,"MawBank":69,"Dream Catcher":59,"Bronze Scales":21,"Orrery":59,"Fusion Hammer":0,"Ectoplasm":47,"Art of War":21,"Toy Ornithopter":17,"Ring of the Snake":0}],"Toy Ornithopter":30},"card_choices":[{"not_picked":["Infinite Blades","Setup"],"picked":"Poisoned Stab","floor":1.0},{"not_picked":["Cloak And Dagger","Sucker Punch"],"picked":"Expertise","floor":2.0},{"not_picked":["Deflect","Acrobatics"],"picked":"Finisher","floor":5.0},{"not_picked":["Skewer","Blade Dance"],"picked":"Dash","floor":6.0},{"not_picked":["Escape Plan","Accuracy"],"picked":"Concentrate","floor":8.0},{"not_picked":["Dodge and Roll","Slice"],"picked":"Underhanded Strike","floor":11.0},{"not_picked":["Dagger Spray","Dagger Throw"],"picked":"Die Die Die","floor":12.0},{"not_picked":["Dodge and Roll","Underhanded Strike"],"picked":"Blade Dance","floor":13.0},{"not_picked":["Choke","Accuracy"],"picked":"Expertise","floor":14.0},{"not_picked":["Die Die Die","Burst"],"picked":"Glass Knife","floor":16.0},{"not_picked":["PiercingWail","Calculated Gamble","Outmaneuver"],"picked":"SKIP","floor":18.0},{"not_picked":["Masterful Stab","Sucker Punch"],"picked":"Dagger Throw+1","floor":20.0},{"not_picked":["Heel Hook","Bane"],"picked":"Blade Dance","floor":21.0},{"not_picked":["Riddle With Holes","Unload"],"picked":"Dodge and Roll+1","floor":23.0},{"not_picked":["Cloak And Dagger+1","Dagger Throw"],"picked":"Leg Sweep+1","floor":24.0},{"not_picked":["PiercingWail","Flying Knee+1"],"picked":"Backflip","floor":24.0},{"not_picked":["Sucker Punch","Bane"],"picked":"Footwork","floor":24.0},{"not_picked":["Cloak And Dagger","Doppelganger"],"picked":"Blade Dance","floor":24.0},{"not_picked":["Eviscerate+1","Poisoned Stab"],"picked":"Acrobatics+1","floor":25.0},{"not_picked":["Dagger Throw","Acrobatics"],"picked":"Quick Slash+1","floor":27.0},{"not_picked":["Riddle With Holes","Prepared","Masterful Stab"],"picked":"SKIP","floor":28.0},{"not_picked":["Footwork","Backstab"],"picked":"Reflex","floor":29},{"not_picked":["Outmaneuver","Blade Dance"],"picked":"Acrobatics+1","floor":30},{"not_picked":["Crippling Poison","Bouncing Flask"],"picked":"Reflex","floor":31},{"not_picked":["PiercingWail","Endless Agony"],"picked":"Expertise","floor":32}],"player_experience":963239,"relics_obtained":[{"floor":6.0,"key":"Toy Ornithopter"},{"floor":8.0,"key":"Art of War"},{"floor":9.0,"key":"Bronze Scales"},{"floor":12.0,"key":"Gremlin Horn"},{"floor":23.0,"key":"Dream Catcher"},{"floor":25.0,"key":"Potion Belt"},{"floor":28.0,"key":"MawBank"}],"event_choices":[{"damage_healed":0.0,"max_hp_gain":5.0,"max_hp_loss":0.0,"gold_gain":0.0,"event_name":"Big Fish","player_choice":"Donut","floor":3.0,"gold_loss":0.0,"damage_taken":0.0},{"damage_healed":0.0,"max_hp_gain":0.0,"max_hp_loss":7.0,"gold_gain":0.0,"event_name":"Golden Idol","player_choice":"Lose Max HP","floor":4.0,"gold_loss":0.0,"damage_taken":0.0,"relics_obtained":["Golden Idol"]},{"damage_healed":0.0,"max_hp_gain":0.0,"max_hp_loss":0.0,"gold_gain":0.0,"cards_transformed":["Strike_G"],"event_name":"Transmorgrifier","player_choice":"Transformed","floor":10.0,"gold_loss":0.0,"damage_taken":0.0,"cards_obtained":["Sucker Punch"]},{"damage_healed":0.0,"max_hp_gain":0.0,"max_hp_loss":0.0,"gold_gain":0.0,"event_name":"The Woman in Blue","player_choice":"Bought 1 Potion","floor":22.0,"gold_loss":0.0,"damage_taken":0.0}],"is_beta":true,"boss_relics":[{"not_picked":["Black Star","Coffee Dripper"],"picked":"Ectoplasm"}],"items_purged_floors":[],"is_endless":false,"potions_floor_spawned":[1,6,8,14,18,20,25],"killed_by":"Automaton","ascension_level":20}}