{"host":"bp3tm7tvk8nf4kb2","time":1613359542,"event":{"mods":["2.2 Compatiblity","AchievementEnabler","BaseMod","Bestiary","Better Match","Better Third Choice","BetterRewards","Colored Map","Colored Powertips","Curses Come First","DeckTracker","Downfall","Friendly Minions","Googly Eyes","Halation","Highlight Path","Lobotomy","LobotomyExtend","Marisa????????","Minty Spire (QoL Compilation)","Morshu Shopkeeper - ENHANCED","Permanent Neow","Quick Restart","Rare Cards Sparkle","Reorder Act Four","Replay The Spire","Shop Mod","Spicy Shops","StSLib","The Marked","TheBandit","TheSwordswoman","Waifu the Spire","Wide Potions","everything is the same but u backflip on backflip"],"gold_per_floor":[112,112,112,0,0,0,38,38,38,38,38],"floor_reached":10,"language":"ENG","playtime":501,"items_purged":[],"score":65,"play_id":"88e577ec-c2a9-4243-9fa7-2552428e4b7f","local_time":"20210214192542","is_ascension_mode":true,"campfire_choices":[{"floor":6,"key":"REST"},{"floor":8,"key":"REST"}],"circlet_count":0,"master_deck":["Strike_B","Strike_B","Strike_B","Strike_B","Defend_B","Defend_B","Zap+1","Dualcast","Compile Driver","Storm","Redo+1","Defragment"],"relics":["Cracked Core","CogitoBucket","LetterFromLob","Gaze_r","ShedSkin_r","MagicBullet_r","Golden Idol","Ice Cream"],"acts_visited":["Exordium"],"potions_floor_usage":[],"damage_taken":[{"damage":1,"enemies":"Cultist","floor":1,"turns":3},{"damage":5,"enemies":"Cultist","floor":3,"turns":5},{"damage":13,"enemies":"Gremlin Nob","floor":7,"turns":4},{"damage":9,"enemies":"3 Sentries","floor":10,"turns":2}],"seed_played":"-1745508026647870585","potions_obtained":[],"is_trial":false,"path_per_floor":["M","?","?","$","?","R","E","R","T","E"],"character_chosen":"DEFECT","items_purchased":["Storm","Redo+1"],"campfire_rested":2,"item_purchase_floors":[4,4],"current_hp_per_floor":[74,67,57,57,39,61,48,70,70,0,0],"gold":38,"neow_bonus":"","is_daily":false,"chose_seed":false,"campfire_upgraded":0,"win_rate":0.0,"timestamp":1613359542,"path_taken":["M","?","?","?","?","R","E","R","T","E"],"items_purchased_type":["Card","Card"],"build_version":"2020-12-22","purchased_purges":0,"victory":false,"max_hp_per_floor":[75,75,75,75,75,75,75,75,75,75,75],"card_choices":[{"not_picked":["Murderer","CherryBlossoms"],"picked":"Yin","floor":1},{"not_picked":["Panic Button","Leap"],"picked":"Compile Driver","floor":1},{"not_picked":["Turbo","Gash"],"picked":"Defragment","floor":7}],"player_experience":68561,"relics_obtained":[{"floor":1,"key":"LetterFromLob"},{"floor":7,"key":"Ice Cream"}],"event_choices":[{"damage_healed":0,"gold_gain":0,"player_choice":"Take Damage","damage_taken":18,"relics_obtained":["Golden Idol"],"max_hp_gain":0,"max_hp_loss":0,"event_name":"Golden Idol","floor":5,"gold_loss":0}],"is_beta":false,"boss_relics":[],"items_purged_floors":[],"is_endless":false,"potions_floor_spawned":[],"killed_by":"3 Sentries","ascension_level":1}}