{"host":"yqw1zpryoutrnocq","time":1613351183,"event":{"mods":["2.2 Compatiblity","AchievementEnabler","BaseMod","Colored Map","Custom Start","DeckTracker","Minty Spire (QoL Compilation)","StSLib","SuperFastMode"],"gold_per_floor":[119,119,21,21,40,40,67,86,86,86,116,132,207,218,218,315,315,328,348,80,95,20,20,54,54,54,54,54,69,69,69,69,164,164,184,184,184,204,220,254,234,309,309,309,327,327,21,21,21,21,21,21,21,51,51,51],"floor_reached":55,"language":"KOR","playtime":1463,"items_purged":["Strike_G"],"score":1114,"play_id":"4d6f4d65-178a-4f85-aa17-9ed0e14685fe","local_time":"20210214190623","is_ascension_mode":true,"campfire_choices":[{"data":"Envenom","floor":6,"key":"SMITH"},{"data":"Noxious Fumes","floor":10,"key":"SMITH"},{"floor":15,"key":"REST"},{"data":"A Thousand Cuts","floor":23,"key":"SMITH"},{"floor":25,"key":"REST"},{"data":"Strike_G","floor":28,"key":"PURGE"},{"floor":32,"key":"REST"},{"data":"Normality","floor":44,"key":"PURGE"},{"data":"Wraith Form v2","floor":46,"key":"SMITH"},{"floor":49,"key":"RECALL"},{"data":"Terror","floor":52,"key":"SMITH"}],"circlet_count":0,"master_deck":["AscendersBane","Defend_G","Defend_G","Defend_G","Defend_G","Survivor","Neutralize","Dagger Spray","Backflip","Neutralize","Envenom+1","Predator","Noxious Fumes+1","Quick Slash","Escape Plan","Blur","Acrobatics","Cloak And Dagger","Heel Hook","PiercingWail","A Thousand Cuts+1","CurseOfTheBell","Blade Dance+1","Crippling Poison","Cloak And Dagger","Accuracy+1","Calculated Gamble","Dodge and Roll","Endless Agony","Terror+1","Footwork","Wraith Form v2+1","Tactician","Parasite","Backflip+1","PiercingWail+1","Writhe","Prepared+1","Sucker Punch+1"],"relics":["Ring of the Snake","NeowsBlessing","Letter Opener","Matryoshka","Pocketwatch","Calling Bell","Akabeko","Mummified Hand","TungstenRod","Bronze Scales","Tiny Chest","Blood Vial","Peace Pipe","Pen Nib","Cursed Key","Orichalcum","Eternal Feather","Bottled Lightning","Ginger","Nunchaku"],"acts_visited":["Exordium","TheCity","TheBeyond","TheEnding"],"potions_floor_usage":[11,12,16,19,21,33,33,40,48,50,54],"damage_taken":[{"damage":0.0,"enemies":"Jaw Worm","floor":1.0,"turns":1.0},{"damage":0,"enemies":"Cultist","floor":5,"turns":1},{"damage":0,"enemies":"Lagavulin","floor":7,"turns":1},{"damage":3,"enemies":"2 Louse","floor":8,"turns":3},{"damage":25,"enemies":"3 Sentries","floor":11,"turns":4},{"damage":14,"enemies":"Gremlin Gang","floor":12,"turns":3},{"damage":0,"enemies":"Looter","floor":14,"turns":3},{"damage":10,"enemies":"Hexaghost","floor":16,"turns":10},{"damage":9,"enemies":"3 Byrds","floor":18,"turns":6},{"damage":4,"enemies":"Spheric Guardian","floor":19,"turns":3},{"damage":10,"enemies":"Snecko","floor":21,"turns":6},{"damage":21,"enemies":"Gremlin Leader","floor":24,"turns":4},{"damage":0,"enemies":"Chosen and Byrds","floor":29,"turns":4},{"damage":39,"enemies":"Collector","floor":33,"turns":7},{"damage":4,"enemies":"Orb Walker","floor":35,"turns":4},{"damage":0,"enemies":"3 Darklings","floor":38,"turns":3},{"damage":0,"enemies":"Writhing Mass","floor":39,"turns":4},{"damage":15,"enemies":"Giant Head","floor":40,"turns":7},{"damage":5,"enemies":"Maw","floor":45,"turns":6},{"damage":0,"enemies":"Reptomancer","floor":48,"turns":2},{"damage":40,"enemies":"Donu and Deca","floor":50,"turns":8},{"damage":22,"enemies":"Shield and Spear","floor":54,"turns":8},{"damage":67,"enemies":"The Heart","floor":55,"turns":6}],"seed_played":"6040463198783517473","potions_obtained":[{"floor":1.0,"key":"DuplicationPotion"},{"floor":5,"key":"Energy Potion"},{"floor":14,"key":"Weak Potion"},{"floor":16,"key":"SkillPotion"},{"floor":18,"key":"AttackPotion"},{"floor":27,"key":"Dexterity Potion"},{"floor":27,"key":"GamblersBrew"},{"floor":27,"key":"Strength Potion"},{"floor":33,"key":"Poison Potion"},{"floor":35,"key":"EssenceOfSteel"},{"floor":41,"key":"SmokeBomb"}],"is_trial":false,"path_per_floor":["M","?","$","?","M","R","E","M","T","R","E","M","?","M","R","B",null,"M","M","$","M","$","R","E","R","T","?","R","M","?","T","R","B",null,"M","?","?","M","M","E","?","T","T","R","M","R","$","E","R","B",null,"R","$","E","B"],"character_chosen":"THE_SILENT","items_purchased":["Noxious Fumes","Quick Slash","Bronze Scales","Cloak And Dagger","Calculated Gamble","Ginger"],"campfire_rested":3,"item_purchase_floors":[3,3,20,20,22,47],"current_hp_per_floor":[63,63,63,63,63,63,63,60,60,60,35,21,10,10,31,21,58,49,45,45,35,35,35,14,35,35,35,35,37,37,37,58,21,58,56,56,56,58,60,47,47,47,47,68,65,70,70,70,70,30,60,70,70,48,0,0],"gold":51,"neow_bonus":"THREE_ENEMY_KILL","is_daily":false,"chose_seed":false,"campfire_upgraded":5,"win_rate":0.0,"timestamp":1613351183,"path_taken":["M","?","?","?","M","R","E","?","T","R","E","M","?","M","R","BOSS","M","M","$","M","$","R","E","R","T","?","R","?","?","?","R","BOSS","M","?","?","M","M","E","?","?","T","R","M","R","$","E","R","BOSS","R","$","E","BOSS"],"items_purchased_type":["Card","Card","Relic","Card","Card","Relic"],"build_version":"2020-12-22","purchased_purges":1,"victory":false,"max_hp_per_floor":[70,70,70,70,70,70,70,70,70,70,70,70,70,70,70,70,70,70,70,70,70,70,70,70,70,70,70,70,70,70,70,70,70,70,70,70,70,70,70,70,70,70,70,70,70,70,70,70,70,70,70,70,70,70,70,70],"card_choices":[{"not_picked":["All Out Attack","Endless Agony"],"picked":"Dagger Spray","floor":1.0},{"not_picked":["Slice","Backstab"],"picked":"Escape Plan","floor":5},{"not_picked":["Choke","Dagger Spray"],"picked":"Blur","floor":7},{"not_picked":["Footwork","Accuracy"],"picked":"Acrobatics","floor":8},{"not_picked":["Dash","Endless Agony"],"picked":"Cloak And Dagger","floor":11},{"not_picked":["Predator","Dash"],"picked":"Heel Hook","floor":12},{"not_picked":["Sucker Punch","Underhanded Strike"],"picked":"PiercingWail","floor":14},{"not_picked":["Die Die Die","Doppelganger"],"picked":"A Thousand Cuts","floor":16},{"not_picked":["Footwork","Acrobatics"],"picked":"Blade Dance+1","floor":18},{"not_picked":["Setup+1","Outmaneuver+1"],"picked":"Crippling Poison","floor":19},{"not_picked":["Noxious Fumes","Sucker Punch"],"picked":"Accuracy+1","floor":21},{"not_picked":["Deadly Poison+1","PiercingWail+1"],"picked":"Dodge and Roll","floor":24},{"not_picked":["Sucker Punch","Quick Slash+1"],"picked":"Endless Agony","floor":29},{"not_picked":["Envenom","Unload"],"picked":"Wraith Form v2","floor":33},{"not_picked":["Bane","Dagger Spray"],"picked":"Tactician","floor":35},{"not_picked":["Expertise","Riddle With Holes+1","Bane"],"picked":"SKIP","floor":38},{"not_picked":["Dagger Throw","PiercingWail"],"picked":"Backflip+1","floor":39},{"not_picked":["Predator","Dodge and Roll+1"],"picked":"PiercingWail+1","floor":40},{"not_picked":["Setup","Terror+1"],"picked":"Prepared+1","floor":45},{"not_picked":["Dagger Throw","Crippling Poison+1"],"picked":"Sucker Punch+1","floor":54}],"player_experience":334975,"relics_obtained":[{"floor":7,"key":"Letter Opener"},{"floor":9,"key":"Matryoshka"},{"floor":11,"key":"Pocketwatch"},{"floor":17,"key":"Akabeko"},{"floor":17,"key":"Mummified Hand"},{"floor":17,"key":"TungstenRod"},{"floor":24,"key":"Tiny Chest"},{"floor":26,"key":"Blood Vial"},{"floor":26,"key":"Peace Pipe"},{"floor":31,"key":"Pen Nib"},{"floor":40,"key":"Orichalcum"},{"floor":42,"key":"Eternal Feather"},{"floor":43,"key":"Bottled Lightning"},{"floor":54,"key":"Nunchaku"}],"event_choices":[{"damage_healed":0,"gold_gain":0,"player_choice":"4 cards matched","damage_taken":0,"max_hp_gain":0,"max_hp_loss":0,"event_name":"Match and Keep!","floor":2,"gold_loss":0,"cards_obtained":["Backflip","Neutralize","Envenom","Predator"]},{"cards_removed":["Strike_G"],"damage_healed":0,"gold_gain":0,"player_choice":"Offered Basic","damage_taken":0,"max_hp_gain":0,"max_hp_loss":0,"event_name":"Bonfire Elementals","floor":4,"gold_loss":0},{"damage_healed":0,"gold_gain":75,"player_choice":"Gather Gold","damage_taken":11,"max_hp_gain":0,"max_hp_loss":0,"event_name":"World of Goop","floor":13,"gold_loss":0},{"damage_healed":0,"gold_gain":0,"player_choice":"Got Potions","damage_taken":0,"max_hp_gain":0,"max_hp_loss":0,"event_name":"Lab","floor":27,"gold_loss":0},{"damage_healed":0,"gold_gain":0,"cards_transformed":["Strike_G","Strike_G"],"player_choice":"Became Test Subject","damage_taken":0,"max_hp_gain":0,"max_hp_loss":0,"event_name":"Drug Dealer","floor":30,"gold_loss":0,"cards_obtained":["Terror","Footwork"]},{"cards_removed":["Defend_G"],"damage_healed":0,"gold_gain":0,"player_choice":"Removed Skill","damage_taken":0,"max_hp_gain":0,"max_hp_loss":0,"event_name":"Falling","floor":36,"gold_loss":0},{"damage_healed":0,"gold_gain":0,"player_choice":"Ignored","damage_taken":0,"max_hp_gain":0,"max_hp_loss":0,"event_name":"Tomb of Lord Red Mask","floor":37,"gold_loss":0},{"damage_healed":0,"gold_gain":0,"player_choice":"Bought 1 Potion","damage_taken":0,"max_hp_gain":0,"max_hp_loss":0,"event_name":"The Woman in Blue","floor":41,"gold_loss":0}],"is_beta":false,"boss_relics":[{"not_picked":["Snecko Eye","Astrolabe"],"picked":"Calling Bell"},{"not_picked":["HoveringKite","SacredBark"],"picked":"Cursed Key"}],"items_purged_floors":[20],"is_endless":false,"potions_floor_spawned":[1,5,14,16,18,33,35,38],"killed_by":"The Heart","ascension_level":10}}