{"host":"u7lm8z2rvb4dg2oo","time":1613367670,"event":{"mods":["AchievementEnabler","BaseMod","Bestiary","Block Reminder","Colored Map","Colored Powertips","Curses Come First","DeckTracker","Googly Eyes","Highlight Path","Minty Spire (QoL Compilation)","Quick Restart","StSLib"],"gold_per_floor":[119,133,133,149,30,66,84,84,84,49,49,74,112,37,37,131,131,147,147,147,162,183,221,221,221,221,221,221,173,193,143,143,237,300,323,339,51,70,95,129,148,148,175,211,211,236,236,255,255,255,255,255,8,48,48,48],"floor_reached":55,"language":"ENG","playtime":2388,"items_purged":["Strike_G","Strike_G"],"score":1312,"play_id":"84eab6b9-a7c5-4aa0-bed9-d6d6b7d1a1ed","local_time":"20210215004110","is_ascension_mode":true,"campfire_choices":[{"floor":8.0,"key":"REST"},{"data":"Accuracy","floor":11.0,"key":"SMITH"},{"data":"Wraith Form v2","floor":15.0,"key":"SMITH"},{"data":"Finisher","floor":25.0,"key":"SMITH"},{"data":"Adrenaline","floor":28.0,"key":"SMITH"},{"data":"Blade Dance","floor":32.0,"key":"SMITH"},{"floor":42.0,"key":"REST"},{"floor":49.0,"key":"RECALL"},{"floor":52,"key":"REST"}],"circlet_count":0,"master_deck":["AscendersBane","Strike_G","Strike_G","Defend_G","Defend_G","Defend_G","Defend_G","Defend_G","Survivor","Neutralize","Blade Dance+1","Dash","Accuracy+1","Cloak And Dagger","Wraith Form v2+1","Cloak And Dagger","Adrenaline+1","Finisher+1","Caltrops+1","Blade Dance+1","Blade Dance+1","Phantasmal Killer","Backstab","Choke+1","Apotheosis+1","Storm of Steel","Cloak And Dagger","Well Laid Plans","Cloak And Dagger+1"],"relics":["Ring of the Snake","Vajra","Golden Idol","Ninja Scroll","Kunai","Bottled Tornado","Philosopher\u0027s Stone","Bag of Marbles","Ginger","MutagenicStrength","Tiny House","Sundial","Juzu Bracelet","Bottled Flame","Snake Skull"],"acts_visited":["Exordium","TheCity","TheBeyond","TheEnding"],"potions_floor_usage":[],"damage_taken":[{"damage":5.0,"enemies":"Jaw Worm","floor":1.0,"turns":6.0},{"damage":0.0,"enemies":"2 Louse","floor":2.0,"turns":4.0},{"damage":0.0,"enemies":"Small Slimes","floor":4.0,"turns":2.0},{"damage":12.0,"enemies":"3 Sentries","floor":6.0,"turns":8.0},{"damage":1.0,"enemies":"Gremlin Gang","floor":7.0,"turns":5.0},{"damage":0.0,"enemies":"2 Fungi Beasts","floor":12.0,"turns":2.0},{"damage":16.0,"enemies":"Gremlin Nob","floor":13.0,"turns":3.0},{"damage":3.0,"enemies":"Slime Boss","floor":16.0,"turns":10.0},{"damage":0.0,"enemies":"Spheric Guardian","floor":18.0,"turns":3.0},{"damage":1.0,"enemies":"Shell Parasite","floor":21.0,"turns":3.0},{"damage":0.0,"enemies":"Chosen and Byrds","floor":22.0,"turns":5.0},{"damage":0.0,"enemies":"Gremlin Leader","floor":23.0,"turns":2.0},{"damage":0.0,"enemies":"3 Cultists","floor":30.0,"turns":1.0},{"damage":7.0,"enemies":"Champ","floor":33.0,"turns":3.0},{"damage":0.0,"enemies":"3 Darklings","floor":35.0,"turns":1.0},{"damage":0.0,"enemies":"Orb Walker","floor":36.0,"turns":1.0},{"damage":1.0,"enemies":"4 Shapes","floor":38.0,"turns":4.0},{"damage":5.0,"enemies":"Writhing Mass","floor":39.0,"turns":2.0},{"damage":14.0,"enemies":"Giant Head","floor":40.0,"turns":2.0},{"damage":3.0,"enemies":"Transient","floor":41.0,"turns":5.0},{"damage":0.0,"enemies":"Nemesis","floor":44.0,"turns":1.0},{"damage":0.0,"enemies":"4 Shapes","floor":46.0,"turns":4.0},{"damage":0.0,"enemies":"Maw","floor":48.0,"turns":2.0},{"damage":57,"enemies":"Time Eater","floor":50,"turns":8},{"damage":18,"enemies":"Shield and Spear","floor":54,"turns":4},{"damage":79,"enemies":"The Heart","floor":55,"turns":2}],"seed_played":"2979412228445398301","potions_obtained":[{"floor":2.0,"key":"ColorlessPotion"},{"floor":13.0,"key":"DistilledChaos"},{"floor":16.0,"key":"CunningPotion"},{"floor":22.0,"key":"FearPotion"},{"floor":23.0,"key":"SmokeBomb"},{"floor":34.0,"key":"SneckoOil"},{"floor":35.0,"key":"Poison Potion"},{"floor":41.0,"key":"FearPotion"},{"floor":44.0,"key":"DuplicationPotion"}],"is_trial":false,"path_per_floor":["M","M","?","M","$","E","M","R","T","?","R","M","E","$","R","B",null,"M","?","?","M","M","E","?","R","T","?","R","$","M","?","R","B",null,"M","M","$","M","M","E","M","R","T","E","?","M","?","M","R","B",null,"R","$","E","B"],"character_chosen":"THE_SILENT","items_purchased":["Accuracy","Cloak And Dagger","Strength Potion","Apotheosis","Bottled Flame"],"campfire_rested":3,"item_purchase_floors":[5,5,29,37,53],"current_hp_per_floor":[54,54,38,38,38,26,25,44,44,60,60,60,44,44,44,41,60,60,60,60,59,59,59,59,59,59,59,59,59,59,59,59,52,68,68,68,68,67,62,48,45,66,66,66,66,66,66,66,66,9,53,67,67,49,0,0],"gold":48,"neow_bonus":"RANDOM_COMMON_RELIC","is_daily":false,"chose_seed":false,"campfire_upgraded":5,"win_rate":0.0,"timestamp":1613367670,"path_taken":["M","M","?","M","$","E","M","R","T","?","R","M","E","$","R","BOSS","M","?","?","M","?","E","?","R","T","?","R","?","?","?","R","BOSS","M","M","$","M","M","E","M","R","T","E","?","M","?","M","R","BOSS","R","$","E","BOSS"],"items_purchased_type":["Card","Card","Potion","Card","Relic"],"build_version":"2020-12-22","purchased_purges":2,"victory":false,"max_hp_per_floor":[66,66,66,66,66,66,66,66,66,66,66,66,66,66,66,66,66,66,66,66,66,66,66,66,66,66,66,66,66,66,66,66,66,71,71,71,71,71,71,71,71,71,71,71,67,67,67,67,67,67,67,67,67,67,67,67],"card_choices":[{"not_picked":["Deflect","Flechettes","Acrobatics"],"picked":"SKIP","floor":1.0},{"not_picked":["Dagger Throw","Slice"],"picked":"Blade Dance","floor":2.0},{"not_picked":["Outmaneuver","Masterful Stab"],"picked":"Dash","floor":4.0},{"not_picked":["Dagger Throw","Tactician"],"picked":"Wraith Form v2","floor":6.0},{"not_picked":["Flying Knee","Prepared","PiercingWail"],"picked":"SKIP","floor":7.0},{"not_picked":["Slice","Distraction","Quick Slash"],"picked":"SKIP","floor":12.0},{"not_picked":["Deflect","Dagger Spray"],"picked":"Cloak And Dagger","floor":13.0},{"not_picked":["Unload","Doppelganger"],"picked":"Adrenaline","floor":16.0},{"not_picked":["Slice","Backflip","Dagger Throw+1"],"picked":"SKIP","floor":18.0},{"not_picked":["Well Laid Plans","Flying Knee+1"],"picked":"Finisher","floor":21.0},{"not_picked":["Acrobatics","Bane"],"picked":"Caltrops","floor":22.0},{"not_picked":["A Thousand Cuts","Deadly Poison"],"picked":"Blade Dance+1","floor":23.0},{"not_picked":["Prepared","Flying Knee+1"],"picked":"Blade Dance+1","floor":30.0},{"not_picked":["Burst","Bullet Time"],"picked":"Phantasmal Killer","floor":33.0},{"not_picked":["Endless Agony","Poisoned Stab"],"picked":"Backstab","floor":34.0},{"not_picked":["PiercingWail","Calculated Gamble"],"picked":"Choke+1","floor":35.0},{"not_picked":["Flechettes","Dash","Quick Slash"],"picked":"SKIP","floor":36.0},{"not_picked":["Flechettes","Bane","Prepared+1"],"picked":"SKIP","floor":38.0},{"not_picked":["Poisoned Stab+1","Deflect","Outmaneuver"],"picked":"SKIP","floor":39.0},{"not_picked":["Dodge and Roll","Poisoned Stab"],"picked":"Storm of Steel","floor":40.0},{"not_picked":["Dagger Spray","Sucker Punch"],"picked":"Cloak And Dagger","floor":41.0},{"not_picked":["Heel Hook","Quick Slash"],"picked":"Well Laid Plans","floor":44.0},{"not_picked":["PiercingWail","Choke"],"picked":"Cloak And Dagger+1","floor":46.0},{"not_picked":["Poisoned Stab","Dagger Spray","Bane+1"],"picked":"SKIP","floor":48.0},{"not_picked":["Poisoned Stab+1","Finisher","Leg Sweep"],"picked":"SKIP","floor":54}],"player_experience":1086675,"relics_obtained":[{"floor":6.0,"key":"Ninja Scroll"},{"floor":9.0,"key":"Kunai"},{"floor":13.0,"key":"Bottled Tornado"},{"floor":23.0,"key":"Bag of Marbles"},{"floor":26.0,"key":"Ginger"},{"floor":40.0,"key":"Sundial"},{"floor":44.0,"key":"Juzu Bracelet"},{"floor":54,"key":"Snake Skull"}],"event_choices":[{"damage_healed":0.0,"max_hp_gain":0.0,"max_hp_loss":0.0,"gold_gain":0.0,"event_name":"Golden Idol","player_choice":"Take Damage","floor":3.0,"gold_loss":0.0,"damage_taken":16.0,"relics_obtained":["Golden Idol"]},{"damage_healed":16.0,"max_hp_gain":0.0,"max_hp_loss":0.0,"gold_gain":0.0,"event_name":"The Cleric","player_choice":"Healed","floor":10.0,"gold_loss":35.0,"damage_taken":0.0},{"damage_healed":0.0,"max_hp_gain":0.0,"max_hp_loss":0.0,"gold_gain":0.0,"event_name":"Ghosts","player_choice":"Ignored","floor":19.0,"gold_loss":0.0,"damage_taken":0.0},{"cards_removed":["Strike_G"],"damage_healed":0.0,"max_hp_gain":0.0,"max_hp_loss":0.0,"gold_gain":0.0,"event_name":"Bonfire Elementals","player_choice":"Offered Basic","floor":20.0,"gold_loss":0.0,"damage_taken":0.0},{"damage_healed":0.0,"max_hp_gain":0.0,"max_hp_loss":0.0,"gold_gain":0.0,"event_name":"Vampires","player_choice":"Ignored","floor":24.0,"gold_loss":0.0,"damage_taken":0.0},{"damage_healed":0.0,"max_hp_gain":0.0,"max_hp_loss":0.0,"gold_gain":0.0,"event_name":"Drug Dealer","player_choice":"Inject Mutagens","floor":27.0,"gold_loss":0.0,"damage_taken":0.0,"relics_obtained":["MutagenicStrength"]},{"damage_healed":0.0,"max_hp_gain":0.0,"max_hp_loss":0.0,"gold_gain":0.0,"event_name":"The Joust","player_choice":"Bet on Murderer","floor":31.0,"gold_loss":50.0,"damage_taken":0.0},{"damage_healed":0.0,"max_hp_gain":0.0,"max_hp_loss":4.0,"gold_gain":0.0,"event_name":"Winding Halls","player_choice":"Max HP","floor":45.0,"gold_loss":0.0,"damage_taken":0.0},{"damage_healed":0.0,"max_hp_gain":0.0,"max_hp_loss":0.0,"gold_gain":0.0,"event_name":"Upgrade Shrine","player_choice":"Upgraded","floor":47.0,"gold_loss":0.0,"damage_taken":0.0,"cards_upgraded":["Apotheosis"]}],"is_beta":false,"boss_relics":[{"not_picked":["Coffee Dripper","Pandora\u0027s Box"],"picked":"Philosopher\u0027s Stone"},{"not_picked":["Sozu","Fusion Hammer"],"picked":"Tiny House"}],"items_purged_floors":[14,37],"is_endless":false,"potions_floor_spawned":[2,13,16,22,23,35,38,41,44],"killed_by":"The Heart","ascension_level":14}}