{"host":"znuunkttinnn1f17","time":1613429458,"event":{"mods":["BaseMod","Colored Map","Downfall","Minty Spire (QoL Compilation)","Replay The Spire","StSLib"],"gold_per_floor":[119,135,151,161,179,179,209,219,219,219,236,261,342,354,366,478,490,517,255,305,320,331,331,348,348,348,423,457,457,486,502,502,604,604,615,615,555,574,406,406,420,420,420,420,420,420],"floor_reached":45,"language":"ENG","playtime":2468,"items_purged":["Dualcast","Strike_B"],"score":581,"play_id":"f63a500e-e7a4-470f-b37c-1f6767bbc9c2","local_time":"20210215235058","is_ascension_mode":true,"campfire_choices":[{"data":"Reprogram","floor":6.0,"key":"SMITH"},{"data":"Hologram","floor":10.0,"key":"SMITH"},{"floor":15.0,"key":"REST"},{"data":"Streamline","floor":23.0,"key":"SMITH"},{"data":"FTL","floor":25.0,"key":"SMITH"},{"floor":29.0,"key":"REST"},{"floor":32,"key":"REST"},{"floor":40,"key":"RECALL"},{"floor":42,"key":"REST"},{"data":"Scrape","floor":44,"key":"SMITH"}],"circlet_count":0,"master_deck":["Strike_B","Strike_B","Defend_B","Defend_B","Defend_B","Defend_B","Beam Cell","FTL+1","Streamline+1","Reprogram+1","Conserve Battery","Hologram+1","Conserve Battery","Leap","Echo Form","Gash","Skim","Sunder+1","Pot Of Greed","Pot Of Greed","Hyperbeam","Reboot","Gash+1","Scrape+1","Pot Of Greed"],"relics":["Cracked Core","Nunchaku","Pen Nib","MawBank","Nuclear Battery","Lee\u0027s Waffle","Grinning Jar","Snack Pack","Runic Dome","Blue Candle"],"acts_visited":["Exordium","TheCity","TheBeyond"],"potions_floor_usage":[31,33],"damage_taken":[{"damage":1.0,"enemies":"Cultist","floor":1.0,"turns":3.0},{"damage":8.0,"enemies":"Jaw Worm","floor":2.0,"turns":4.0},{"damage":0.0,"enemies":"Small Slimes","floor":3.0,"turns":2.0},{"damage":11.0,"enemies":"Blue Slaver","floor":4.0,"turns":3.0},{"damage":22.0,"enemies":"Exordium Thugs","floor":5.0,"turns":6.0},{"damage":13.0,"enemies":"Lagavulin","floor":7.0,"turns":5.0},{"damage":0.0,"enemies":"Exordium Wildlife","floor":8.0,"turns":3.0},{"damage":0.0,"enemies":"Gremlin Gang","floor":11.0,"turns":5.0},{"damage":16.0,"enemies":"Gremlin Nob","floor":12.0,"turns":4.0},{"damage":20.0,"enemies":"Slime Boss","floor":16.0,"turns":9.0},{"damage":7.0,"enemies":"3 Byrds","floor":18.0,"turns":5.0},{"damage":10.0,"enemies":"Chosen","floor":21.0,"turns":5.0},{"damage":0.0,"enemies":"Centurion and Healer","floor":22.0,"turns":5.0},{"damage":0.0,"enemies":"3 Cultists","floor":24.0,"turns":6.0},{"damage":28.0,"enemies":"Slavers","floor":28.0,"turns":6.0},{"damage":29.0,"enemies":"Gremlin Leader","floor":30.0,"turns":5.0},{"damage":19,"enemies":"Chosen and Byrds","floor":31,"turns":5},{"damage":10,"enemies":"Collector","floor":33,"turns":7},{"damage":0,"enemies":"3 Shapes","floor":35,"turns":2},{"damage":33,"enemies":"3 Darklings","floor":38,"turns":4},{"damage":26,"enemies":"Jaw Worm Horde","floor":41,"turns":4},{"damage":65,"enemies":"Nemesis","floor":45,"turns":5}],"seed_played":"-5217318160879242337","potions_obtained":[{"floor":5.0,"key":"ColorlessPotion"},{"floor":8.0,"key":"Milkshake"},{"floor":11.0,"key":"SpeedPotion"},{"floor":12.0,"key":"PotionOfCapacity"},{"floor":24.0,"key":"AttackPotion"},{"floor":28.0,"key":"Elixir"},{"floor":31,"key":"Adrenaline Potion"},{"floor":38,"key":"Dexterity Potion"}],"is_trial":false,"path_per_floor":["M","M","M","M","M","R","E","M","T","R","M","E","?","?","R","B",null,"M","$","?","M","M","R","M","R","T","?","E","R","E","M","R","B",null,"M","?","?","M","$","R","M","R","T","R","E"],"character_chosen":"DEFECT","items_purchased":["Gash","Lee\u0027s Waffle","Scrape"],"campfire_rested":4,"item_purchase_floors":[19,19,39],"current_hp_per_floor":[74,66,66,55,33,33,20,20,20,20,20,4,4,1,23,3,57,50,82,82,72,72,72,72,72,72,64,36,60,31,16,40,42,72,74,74,74,47,47,47,27,51,51,51,0,0],"gold":420,"neow_bonus":"RANDOM_EVENT","is_daily":false,"chose_seed":false,"campfire_upgraded":5,"win_rate":0.0,"timestamp":1613429458,"path_taken":["M","M","?","M","M","R","E","M","T","R","M","E","?","?","R","BOSS","M","$","?","M","M","R","?","R","T","?","E","R","E","?","R","BOSS","M","?","?","?","$","R","M","R","T","R","E"],"items_purchased_type":["Card","Relic","Card"],"build_version":"2020-12-22","purchased_purges":2,"victory":false,"max_hp_per_floor":[75,75,75,75,75,75,75,75,75,75,75,75,75,75,75,75,75,75,82,82,82,82,82,82,82,82,82,82,82,82,82,82,82,82,82,82,82,82,82,82,82,82,82,82,82,82],"card_choices":[{"not_picked":["Go for the Eyes","Beam Cell","Panic Button"],"picked":"SKIP","floor":1.0},{"not_picked":["Go for the Eyes","Panic Button"],"picked":"Beam Cell","floor":1.0},{"not_picked":["Go for the Eyes","Redo"],"picked":"FTL","floor":2.0},{"not_picked":["Ball Lightning","Capacitor"],"picked":"Streamline","floor":3.0},{"not_picked":["Undo","Ball Lightning"],"picked":"Reprogram","floor":4.0},{"not_picked":["Sweeping Beam","Ball Lightning"],"picked":"Conserve Battery","floor":5.0},{"not_picked":["Electrodynamics","Rip and Tear"],"picked":"Hologram","floor":7.0},{"not_picked":["Cold Snap","Loop"],"picked":"Conserve Battery","floor":8.0},{"not_picked":["Hologram","Redo","ReplayTheSpireMod:Calculation Training"],"picked":"SKIP","floor":11.0},{"not_picked":["Chill","Mirror Shield"],"picked":"Leap","floor":12.0},{"not_picked":["Core Surge","Fission"],"picked":"Echo Form","floor":16.0},{"not_picked":["Lockon","Hologram","Sunder"],"picked":"SKIP","floor":18.0},{"not_picked":["Conserve Battery","Steam"],"picked":"Skim","floor":21.0},{"not_picked":["BasicCrystalCard+1","Panic Button+1"],"picked":"Sunder+1","floor":22.0},{"not_picked":["Coolheaded","Amplify","Conserve Battery"],"picked":"SKIP","floor":24.0},{"not_picked":["Defragment+1","Turbo+1"],"picked":"Hyperbeam","floor":28.0},{"not_picked":["Sunder","Fusion","Redo"],"picked":"SKIP","floor":30.0},{"not_picked":["Storm","Rip and Tear","Panic Button"],"picked":"SKIP","floor":31},{"not_picked":["ReplayRNGCard","Biased Cognition"],"picked":"Reboot","floor":33},{"not_picked":["Barrage","Streamline+1"],"picked":"Gash+1","floor":35},{"not_picked":["Glacier","Tempest+1","Compile Driver"],"picked":"SKIP","floor":38},{"not_picked":["Reprogram","ReplayTheSpireMod:System Scan","Stack"],"picked":"SKIP","floor":41}],"player_experience":236021,"relics_obtained":[{"floor":7.0,"key":"Nunchaku"},{"floor":9.0,"key":"Pen Nib"},{"floor":12.0,"key":"MawBank"},{"floor":28.0,"key":"Grinning Jar"},{"floor":30.0,"key":"Snack Pack"},{"floor":43,"key":"Blue Candle"}],"event_choices":[{"damage_healed":0.0,"max_hp_gain":0.0,"max_hp_loss":0.0,"gold_gain":69.0,"event_name":"Golden Wing","player_choice":"Gained Gold","floor":13.0,"gold_loss":0.0,"damage_taken":0.0},{"damage_healed":0.0,"max_hp_gain":0.0,"max_hp_loss":0.0,"gold_gain":0.0,"event_name":"Scrap Ooze","player_choice":"Fled","floor":14.0,"gold_loss":0.0,"damage_taken":3.0},{"damage_healed":0.0,"max_hp_gain":0.0,"max_hp_loss":0.0,"gold_gain":100.0,"event_name":"The Joust","player_choice":"Bet on Murderer","floor":20.0,"gold_loss":50.0,"damage_taken":0.0},{"damage_healed":0.0,"max_hp_gain":0.0,"max_hp_loss":0.0,"gold_gain":75.0,"event_name":"FaceTrader","player_choice":"Touch","floor":27.0,"gold_loss":0.0,"damage_taken":8.0},{"damage_healed":0,"gold_gain":0,"player_choice":"Ignored","damage_taken":0,"max_hp_gain":0,"max_hp_loss":0,"event_name":"Tomb of Lord Red Mask","floor":36,"gold_loss":0},{"cards_removed":["Zap"],"damage_healed":0,"gold_gain":0,"player_choice":"Single Remove","damage_taken":0,"max_hp_gain":0,"max_hp_loss":0,"event_name":"Designer","floor":37,"gold_loss":60}],"is_beta":false,"boss_relics":[{"not_picked":["FrozenCore","Replay:Wanted Poster"],"picked":"Nuclear Battery"},{"not_picked":["Honey Jar","Snecko Eye"],"picked":"Runic Dome"}],"items_purged_floors":[19,39],"is_endless":false,"potions_floor_spawned":[5,8,11,12,24,28,31,38],"killed_by":"Nemesis","ascension_level":5}}