{"host":"d5i1qeb9dejicw1z","time":1613350827,"event":{"mods":["AchievementEnabler","BaseMod","Better Note","BetterRewards","Evolution","Gold Saver","Minty Spire (QoL Compilation)","Permanent Neow","Relic Filter Mod","Reliquary","StSLib"],"gold_per_floor":[668,668,743,743,743,778,801,801,873,914,653,696,220,238,238,337,337,351,351,115,130,50,50,65,85,112,148,171,171,171],"floor_reached":29,"language":"ENG","playtime":1152,"items_purged":["Defend_G","Strike_G+1","Survivor","Sucker Punch"],"score":704,"play_id":"08b179bc-d49c-447f-8e7d-960357c4bc72","local_time":"20210214170027","is_ascension_mode":true,"campfire_choices":[{"floor":8,"key":"REST"},{"floor":15,"key":"REST"},{"data":"Backflip","floor":23,"key":"SMITH"}],"circlet_count":0,"master_deck":["AscendersBane","Sucker Punch","Sucker Punch+1","Sucker Punch","Defend_G","Defend_G","Defend_G","Defend_G","Neutralize","Sadistic Nature+1","Backflip+1","Poisoned Stab","Footwork","Escape Plan","Die Die Die","Heel Hook","Footwork","Poisoned Stab","Footwork","Crippling Poison","Leg Sweep+1"],"relics":["Ring of the Snake","EVO:Axolotl","reliquary:JackalopeAntler","The Specimen","Golden Idol","Whetstone","Bottled Lightning","InkBottle","Sling","Tingsha","reliquary:TridentHead","Orichalcum","Gremlin Horn"],"acts_visited":["Exordium","TheCity"],"potions_floor_usage":[6,16,16,24,28,29],"damage_taken":[{"damage":0,"enemies":"2 Louse","floor":1,"turns":2},{"damage":6,"enemies":"Gremlin Nob","floor":6,"turns":3},{"damage":0,"enemies":"Small Slimes","floor":7,"turns":3},{"damage":15,"enemies":"Lagavulin","floor":10,"turns":5},{"damage":4,"enemies":"3 Sentries","floor":12,"turns":5},{"damage":0,"enemies":"Jaw Worm","floor":14,"turns":2},{"damage":3,"enemies":"Slime Boss","floor":16,"turns":7},{"damage":0,"enemies":"3 Byrds","floor":18,"turns":3},{"damage":0,"enemies":"Chosen","floor":21,"turns":4},{"damage":3,"enemies":"Centurion and Healer","floor":24,"turns":5},{"damage":11,"enemies":"Snake Plant","floor":25,"turns":4},{"damage":25,"enemies":"Book of Stabbing","floor":27,"turns":5},{"damage":6,"enemies":"Snecko","floor":28,"turns":4},{"damage":22,"enemies":"Slavers","floor":29,"turns":3}],"seed_played":"-9172629832377686654","potions_obtained":[{"floor":1,"key":"SneckoOil"},{"floor":12,"key":"BlessingOfTheForge"},{"floor":14,"key":"PowerPotion"},{"floor":18,"key":"Energy Potion"},{"floor":27,"key":"Ancient Potion"},{"floor":28,"key":"Strength Potion"}],"is_trial":false,"path_per_floor":["M","?","?","?","?","E","M","R","T","E","$","E","$","M","R","B",null,"M","?","$","M","$","R","M","M","T","E","M","E"],"character_chosen":"THE_SILENT","items_purchased":["Sadistic Nature","Backflip","reliquary:JackalopeAntler","Sling","Footwork","reliquary:TridentHead","Footwork","Footwork"],"campfire_rested":2,"item_purchase_floors":[0,0,0,11,13,13,20,22],"current_hp_per_floor":[59,64,53,29,29,23,23,44,44,29,29,25,25,25,46,43,64,64,64,64,64,64,64,61,50,50,25,19,0,0],"gold":171,"neow_bonus":"","is_daily":false,"chose_seed":false,"campfire_upgraded":1,"win_rate":0.0,"timestamp":1613350827,"path_taken":["M","?","?","?","?","E","M","R","T","E","$","E","$","M","R","BOSS","M","?","$","M","$","R","M","?","T","E","M","E"],"items_purchased_type":["Card","Card","Relic","Relic","Card","Relic","Card","Card"],"build_version":"2020-12-22","purchased_purges":4,"victory":false,"max_hp_per_floor":[66,71,71,71,71,71,71,71,71,71,71,71,71,71,71,71,71,71,71,71,71,71,71,71,71,71,71,71,71,71],"card_choices":[{"not_picked":["Setup","Deadly Poison"],"picked":"Poisoned Stab","floor":1},{"not_picked":["Infinite Blades","Finisher","Choke"],"picked":"SKIP","floor":6},{"not_picked":["Dagger Spray","Expertise","Predator"],"picked":"SKIP","floor":7},{"not_picked":["Acrobatics","Sucker Punch","Endless Agony"],"picked":"SKIP","floor":10},{"not_picked":["Flechettes","Acrobatics","Prepared"],"picked":"SKIP","floor":12},{"not_picked":["Catalyst","Acrobatics"],"picked":"Escape Plan","floor":14},{"not_picked":["Storm of Steel","Grand Finale"],"picked":"Die Die Die","floor":16},{"not_picked":["Tactician","Deflect+1"],"picked":"Heel Hook","floor":18},{"not_picked":["PiercingWail","Eviscerate"],"picked":"Poisoned Stab","floor":21},{"not_picked":["Infinite Blades","Blade Dance","Concentrate+1"],"picked":"SKIP","floor":24},{"not_picked":["Accuracy","Endless Agony","Bouncing Flask"],"picked":"SKIP","floor":25},{"not_picked":["Riddle With Holes","Prepared"],"picked":"Crippling Poison","floor":27},{"not_picked":["Deflect","Backstab"],"picked":"Leg Sweep+1","floor":28}],"player_experience":1261005,"relics_obtained":[{"floor":6,"key":"Whetstone"},{"floor":9,"key":"Bottled Lightning"},{"floor":10,"key":"InkBottle"},{"floor":12,"key":"Tingsha"},{"floor":26,"key":"Orichalcum"},{"floor":27,"key":"Gremlin Horn"}],"event_choices":[{"damage_healed":0,"gold_gain":0,"player_choice":"Donut","damage_taken":0,"max_hp_gain":5,"max_hp_loss":0,"event_name":"Big Fish","floor":2,"gold_loss":0},{"damage_healed":0,"gold_gain":75,"player_choice":"Gather Gold","damage_taken":11,"max_hp_gain":0,"max_hp_loss":0,"event_name":"World of Goop","floor":3,"gold_loss":0},{"damage_healed":0,"gold_gain":0,"player_choice":"Take Damage","damage_taken":24,"relics_obtained":["Golden Idol"],"max_hp_gain":0,"max_hp_loss":0,"event_name":"Golden Idol","floor":4,"gold_loss":0},{"damage_healed":0,"gold_gain":0,"player_choice":"Grow","damage_taken":0,"max_hp_gain":0,"max_hp_loss":0,"event_name":"Living Wall","floor":5,"gold_loss":0,"cards_upgraded":["Sadistic Nature"]},{"damage_healed":0,"gold_gain":0,"player_choice":"Ignored","damage_taken":0,"max_hp_gain":0,"max_hp_loss":0,"event_name":"betterNote:BetterNote","floor":19,"gold_loss":0,"cards_obtained":["Echo Form"]}],"is_beta":false,"boss_relics":[{"not_picked":["reliquary:Craggleroot","Coffee Dripper","Ectoplasm"]}],"items_purged_floors":[0,11,13,20],"is_endless":false,"potions_floor_spawned":[1,12,14,18,27,28],"killed_by":"Slavers","ascension_level":19}}