{"host":"gfxjwtol062e9znw","time":1613380979,"event":{"mods":["BaseMod","Colored Map","Minty Spire (QoL Compilation)","Rare Cards Sparkle","StSLib"],"gold_per_floor":[13,13,34,58,76,76,114,66,92,126,141,141,141,218,218,342,342,355,50,63,86,86,86,129,129,155,190,210,251,264,283,283,283,283],"floor_reached":33,"language":"ENG","playtime":1424,"items_purged":[],"score":587,"play_id":"1b57a208-775c-4349-941e-211292aa525e","local_time":"20210215202259","is_ascension_mode":true,"campfire_choices":[{"floor":6.0,"key":"REST"},{"floor":12.0,"key":"REST"},{"floor":15.0,"key":"REST"},{"data":"Whirlwind","floor":23.0,"key":"SMITH"},{"floor":25.0,"key":"REST"},{"floor":32.0,"key":"REST"}],"circlet_count":0,"master_deck":["AscendersBane","Strike_R+1","Strike_R","Strike_R+1","Strike_R","Defend_R","Defend_R+1","Defend_R","Bash+1","Thunderclap+1","True Grit+1","Iron Wave","Perfected Strike","Whirlwind+1","Headbutt","Limit Break","Disarm","Wild Strike","Battle Trance","Wild Strike","Heavy Blade","Normality","Shockwave","Armaments","Ghostly Armor","Shrug It Off","Wild Strike+1"],"relics":["Burning Blood","Golden Idol","War Paint","Nunchaku","Whetstone","Cursed Key","FossilizedHelix","Red Skull","PreservedInsect","Lantern","Orichalcum"],"acts_visited":["Exordium","TheCity"],"potions_floor_usage":[33,33],"damage_taken":[{"damage":10.0,"enemies":"Small Slimes","floor":1.0,"turns":4.0},{"damage":2.0,"enemies":"2 Louse","floor":3.0,"turns":3.0},{"damage":4.0,"enemies":"Cultist","floor":4.0,"turns":4.0},{"damage":9.0,"enemies":"Lots of Slimes","floor":5.0,"turns":2.0},{"damage":27.0,"enemies":"3 Sentries","floor":7.0,"turns":8.0},{"damage":31.0,"enemies":"Lagavulin","floor":10.0,"turns":8.0},{"damage":7.0,"enemies":"Large Slime","floor":11.0,"turns":7.0},{"damage":0.0,"enemies":"Slime Boss","floor":16.0,"turns":5.0},{"damage":0.0,"enemies":"3 Byrds","floor":18.0,"turns":3.0},{"damage":0.0,"enemies":"Chosen","floor":20.0,"turns":4.0},{"damage":7.0,"enemies":"3 Cultists","floor":21.0,"turns":5.0},{"damage":37.0,"enemies":"Book of Stabbing","floor":24.0,"turns":5.0},{"damage":16.0,"enemies":"Slavers","floor":27.0,"turns":5.0},{"damage":13.0,"enemies":"Centurion and Healer","floor":28.0,"turns":4.0},{"damage":36.0,"enemies":"Book of Stabbing","floor":29.0,"turns":5.0},{"damage":0.0,"enemies":"Cultist and Chosen","floor":30.0,"turns":4.0},{"damage":1.0,"enemies":"Shelled Parasite and Fungi","floor":31.0,"turns":4.0},{"damage":67,"enemies":"Champ","floor":33,"turns":10}],"seed_played":"7243758583732885232","potions_obtained":[{"floor":1.0,"key":"Dexterity Potion"},{"floor":4.0,"key":"PowerPotion"},{"floor":5.0,"key":"FearPotion"},{"floor":11.0,"key":"BlessingOfTheForge"},{"floor":16.0,"key":"SneckoOil"},{"floor":20.0,"key":"SkillPotion"},{"floor":27.0,"key":"Weak Potion"},{"floor":30.0,"key":"SpeedPotion"},{"floor":31.0,"key":"Dexterity Potion"}],"is_trial":false,"path_per_floor":["M","?","M","M","M","R","E","$","T","E","M","R","?","?","R","B",null,"M","$","M","M","?","R","E","R","T","E","M","E","M","M","R","B"],"character_chosen":"IRONCLAD","items_purchased":["Fire Potion","FossilizedHelix"],"campfire_rested":5,"item_purchase_floors":[8,19],"current_hp_per_floor":[68,48,52,54,51,75,54,54,54,29,28,52,36,36,60,66,77,80,80,80,79,79,79,48,72,72,62,55,25,31,36,60,0,0],"gold":283,"neow_bonus":"REMOVE_TWO","is_daily":false,"chose_seed":false,"campfire_upgraded":1,"win_rate":0.0,"timestamp":1613380979,"path_taken":["M","?","M","M","M","R","E","$","T","E","M","R","?","?","R","BOSS","M","$","M","M","?","R","E","R","T","E","M","E","?","M","R","BOSS"],"items_purchased_type":["Potion","Relic"],"build_version":"2020-12-22","purchased_purges":0,"victory":false,"max_hp_per_floor":[80,80,80,80,80,80,80,80,80,80,80,80,80,80,80,80,80,80,80,80,80,80,80,80,80,80,80,80,80,80,80,80,80,80],"card_choices":[{"not_picked":["Entrench","Heavy Blade"],"picked":"Thunderclap","floor":1.0},{"not_picked":["Anger","Entrench"],"picked":"True Grit","floor":3.0},{"not_picked":["Anger","Reckless Charge"],"picked":"Iron Wave","floor":4.0},{"not_picked":["Cleave","Searing Blow"],"picked":"Perfected Strike","floor":5.0},{"not_picked":["Rage","Reckless Charge"],"picked":"Whirlwind","floor":7.0},{"not_picked":["Heavy Blade","Entrench","Combust"],"picked":"SKIP","floor":10.0},{"not_picked":["True Grit","Warcry"],"picked":"Headbutt","floor":11.0},{"not_picked":["Brutality","Juggernaut"],"picked":"Limit Break","floor":16.0},{"not_picked":["Wild Strike","Iron Wave"],"picked":"Disarm","floor":18.0},{"not_picked":["Entrench","Whirlwind"],"picked":"Wild Strike","floor":20.0},{"not_picked":["Thunderclap","Feel No Pain"],"picked":"Battle Trance","floor":21.0},{"not_picked":["Disarm","Exhume"],"picked":"Heavy Blade","floor":24.0},{"not_picked":["Cleave","Warcry"],"picked":"Shockwave","floor":27.0},{"not_picked":["Wild Strike","Searing Blow+1"],"picked":"Armaments","floor":28.0},{"not_picked":["Berserk","Headbutt"],"picked":"Ghostly Armor","floor":29.0},{"not_picked":["Havoc","Dark Embrace"],"picked":"Shrug It Off","floor":30.0},{"not_picked":["Headbutt","Cleave"],"picked":"Wild Strike+1","floor":31.0}],"player_experience":186486,"relics_obtained":[{"floor":7.0,"key":"War Paint"},{"floor":9.0,"key":"Nunchaku"},{"floor":10.0,"key":"Whetstone"},{"floor":24.0,"key":"Red Skull"},{"floor":26.0,"key":"PreservedInsect"},{"floor":27.0,"key":"Lantern"},{"floor":29.0,"key":"Orichalcum"}],"event_choices":[{"damage_healed":0.0,"max_hp_gain":0.0,"max_hp_loss":0.0,"gold_gain":0.0,"event_name":"Golden Idol","player_choice":"Take Damage","floor":2.0,"gold_loss":0.0,"damage_taken":20.0,"relics_obtained":["Golden Idol"]},{"damage_healed":0.0,"max_hp_gain":0.0,"max_hp_loss":0.0,"gold_gain":0.0,"event_name":"Shining Light","player_choice":"Entered Light","floor":13.0,"gold_loss":0.0,"damage_taken":16.0,"cards_upgraded":["Strike_R","Strike_R"]},{"damage_healed":0.0,"max_hp_gain":0.0,"max_hp_loss":0.0,"gold_gain":77.0,"event_name":"Golden Wing","player_choice":"Gained Gold","floor":14.0,"gold_loss":0.0,"damage_taken":0.0},{"damage_healed":0.0,"max_hp_gain":0.0,"max_hp_loss":0.0,"gold_gain":0.0,"event_name":"Match and Keep!","player_choice":"1 cards matched","floor":22.0,"gold_loss":0.0,"damage_taken":0.0,"cards_obtained":["Wild Strike"]}],"is_beta":false,"boss_relics":[{"not_picked":["SacredBark","SlaversCollar"],"picked":"Cursed Key"}],"items_purged_floors":[],"is_endless":false,"potions_floor_spawned":[1,4,5,11,16,20,27,30,31],"killed_by":"Champ","ascension_level":12}}