{"host":"61scwtj8sjvayefi","time":1613413042,"event":{"mods":["2.2 Compatiblity","BaseMod","Downfall","Koishi","Marisa????????","Minty Spire (QoL Compilation)","Remilia??????","StSLib","The Bug Knight","The Senshi","The Servant 0.9.4"],"gold_per_floor":[117,135,60,72,87,87,105,116,143,178,178,197,229,242,242,344,394,408,427,447,97,12,47,62,97,122,122,122,122,19,19,19,124,124,137,154,172,32,51,51,71,97,170,190,190,205,10,43,43,43,43],"floor_reached":50,"language":"ENG","playtime":7199,"items_purged":["Koishi:BasicStrike","Koishi:BasicStrike","Koishi:EmbersOfLove"],"score":683,"play_id":"08197adc-f359-4275-b7a0-4b2f96c0c3f9","local_time":"20210215121722","is_ascension_mode":false,"campfire_choices":[{"floor":6,"key":"REST"},{"floor":11,"key":"REST"},{"floor":15,"key":"REST"},{"floor":27,"key":"REST"},{"data":"Koishi:Ego","floor":32,"key":"SMITH"},{"data":"Koishi:MindStellarRelief","floor":40,"key":"SMITH"},{"floor":45,"key":"REST"},{"floor":49,"key":"REST"}],"circlet_count":0,"master_deck":["Koishi:BasicStrike","Koishi:BasicStrike","Koishi:BasicDefend","Koishi:BasicDefend","Koishi:BasicDefend","Koishi:BasicDefend","Koishi:Provoke","Koishi:HauntingSlash+1","Koishi:PredatoryInstincts","Koishi:TraumaticStroke","Koishi:IdleWhim","Koishi:FreudianInstinct","Koishi:Untouchable","Koishi:StingingMind","Koishi:YoukaiPolygraph","Koishi:ReleaseOfTheId","Koishi:MindStellarRelief+1","Koishi:UnseenTerror+1","Koishi:Ego+1","Koishi:StingingMind","Koishi:JumpScare","Koishi:RacingHeart+1","Koishi:HeartAttack","Koishi:Jaunt","Koishi:SubconsciousSweep+1","Koishi:JumpScare","Koishi:Prune+1","J.A.X.","Koishi:GhostParty","Koishi:BloodcurdlingScream","Koishi:TerrifyingSpectre","Koishi:BloodcurdlingScream+1","Koishi:JumpScare+1","Koishi:StingingMind+1","Koishi:GrowingPain","Koishi:JumpScare+1","Koishi:ReleaseOfTheId+1","Koishi:TremblingHands","Koishi:PhantomBarrier+1","Koishi:SpiritedAway+1","Koishi:Catatonia","Koishi:StrangeCloudFist+1"],"relics":["Koishi:ImaginaryFriend","NeowsBlessing","Lantern","PreservedInsect","Regal Pillow","Tiny House","Vajra","Orichalcum","Whetstone","Omamori","Happy Flower","Bag of Marbles","Koishi:ColorfulDays","Kunai","Shuriken","HornCleat"],"acts_visited":["Exordium","TheCity","TheBeyond"],"potions_floor_usage":[10,10,16,19,25,33,33,39,42,42,48,50],"damage_taken":[{"damage":0,"enemies":"Jaw Worm","floor":1,"turns":1},{"damage":0,"enemies":"2 Louse","floor":2,"turns":1},{"damage":0,"enemies":"Small Slimes","floor":4,"turns":1},{"damage":48,"enemies":"Exordium Thugs","floor":5,"turns":10},{"damage":14,"enemies":"3 Louse","floor":7,"turns":6},{"damage":3,"enemies":"Exordium Wildlife","floor":8,"turns":5},{"damage":41,"enemies":"Lagavulin","floor":10,"turns":15},{"damage":6,"enemies":"Blue Slaver","floor":12,"turns":4},{"damage":15,"enemies":"Gremlin Nob","floor":13,"turns":4},{"damage":13,"enemies":"2 Fungi Beasts","floor":14,"turns":3},{"damage":0,"enemies":"Slime Boss","floor":16,"turns":10},{"damage":17,"enemies":"Shell Parasite","floor":18,"turns":7},{"damage":26,"enemies":"2 Thieves","floor":19,"turns":6},{"damage":16,"enemies":"Snecko","floor":20,"turns":5},{"damage":21,"enemies":"Gremlin Leader","floor":23,"turns":8},{"damage":15,"enemies":"Shelled Parasite and Fungi","floor":24,"turns":6},{"damage":34,"enemies":"Book of Stabbing","floor":25,"turns":4},{"damage":55,"enemies":"Champ","floor":33,"turns":16},{"damage":3,"enemies":"Orb Walker","floor":35,"turns":4},{"damage":8,"enemies":"3 Darklings","floor":36,"turns":5},{"damage":3,"enemies":"Transient","floor":37,"turns":5},{"damage":22,"enemies":"Writhing Mass","floor":39,"turns":5},{"damage":49,"enemies":"Spire Growth","floor":41,"turns":6},{"damage":52,"enemies":"HollowMod:StalkingDevout","floor":42,"turns":7},{"damage":22,"enemies":"3 Darklings","floor":44,"turns":6},{"damage":0,"enemies":"Maw","floor":46,"turns":8},{"damage":64,"enemies":"Reptomancer","floor":48,"turns":5},{"damage":70,"enemies":"Time Eater","floor":50,"turns":8}],"seed_played":"-3181948059894977630","potions_obtained":[{"floor":1,"key":"SpeedPotion"},{"floor":5,"key":"FearPotion"},{"floor":8,"key":"Guardian:BlockOnCardUsePotion"},{"floor":12,"key":"SpeedPotion"},{"floor":14,"key":"Fire Potion"},{"floor":16,"key":"Guardian:BlockOnCardUsePotion"},{"floor":17,"key":"BlessingOfTheForge"},{"floor":18,"key":"DuplicationPotion"},{"floor":23,"key":"LiquidBronze"},{"floor":25,"key":"Energy Potion"},{"floor":33,"key":"SkillPotion"},{"floor":36,"key":"Regen Potion"},{"floor":41,"key":"Dexterity Potion"},{"floor":46,"key":"Ancient Potion"},{"floor":48,"key":"Weak Potion"}],"is_trial":false,"path_per_floor":["M","M","$","M","M","R","M","M","T","E","R","M","E","M","R","B",null,"M","M","M","$","?","E","M","E","T","R","?","?","$","?","R","B",null,"M","M","M","$","M","R","M","E","T","M","R","M","$","E","R","B"],"character_chosen":"KOISHI","items_purchased":["Vajra","Koishi:HeartAttack","Koishi:Jaunt","Koishi:GhostParty","Koishi:BloodcurdlingScream","Koishi:GrowingPain","Koishi:Catatonia"],"campfire_rested":6,"item_purchase_floors":[21,21,21,30,30,38,47],"current_hp_per_floor":[60,60,60,60,25,43,44,51,51,33,51,54,48,47,60,60,65,65,53,52,52,52,57,55,35,35,65,65,65,65,65,65,18,65,65,65,65,65,65,65,40,25,25,39,65,65,65,29,63,0,0],"gold":43,"neow_bonus":"THREE_ENEMY_KILL","is_daily":false,"chose_seed":false,"campfire_upgraded":2,"win_rate":0.0,"timestamp":1613413042,"path_taken":["M","M","$","M","M","R","M","M","T","E","R","M","E","M","R","BOSS","M","M","M","$","?","E","M","E","T","R","?","?","$","?","R","BOSS","M","M","M","$","?","R","M","E","T","M","R","M","$","E","R","BOSS"],"items_purchased_type":["Relic","Card","Card","Card","Card","Card","Card"],"build_version":"2020-12-22","purchased_purges":3,"victory":false,"max_hp_per_floor":[60,60,60,60,60,60,60,60,60,60,60,60,60,60,60,60,65,65,65,65,65,65,65,65,65,65,65,65,65,65,65,65,65,65,65,65,65,65,65,65,65,65,65,65,65,65,65,65,65,65,65],"card_choices":[{"not_picked":["Koishi:Whimsy","Koishi:UnansweredLove"],"picked":"Koishi:PredatoryInstincts","floor":1},{"not_picked":["Koishi:SpiritedAway","Koishi:RacingHeart"],"picked":"Koishi:TraumaticStroke","floor":2},{"not_picked":["Koishi:FleetingPhantom","Koishi:BloodcurdlingScream"],"picked":"Koishi:IdleWhim","floor":4},{"not_picked":["Koishi:DNAsFlaw","Koishi:HeartfeltFancy"],"picked":"Koishi:FreudianInstinct","floor":5},{"not_picked":["Koishi:FleetingPhantom","Koishi:Prune"],"picked":"Koishi:Untouchable","floor":7},{"not_picked":["Koishi:StrangeCloudFist","Koishi:GhostParty"],"picked":"Koishi:StingingMind","floor":8},{"not_picked":["Koishi:TraumaticStroke","Koishi:UnconsciousUprising"],"picked":"Koishi:YoukaiPolygraph","floor":10},{"not_picked":["Koishi:PhantomBarrier","Koishi:Bloodlust"],"picked":"Koishi:ReleaseOfTheId","floor":12},{"not_picked":["Koishi:Jaunt","Koishi:ParalyzingFear"],"picked":"Koishi:MindStellarRelief","floor":13},{"not_picked":["Koishi:GeneticsOfTheUnconscious","Koishi:Vanish"],"picked":"Koishi:UnseenTerror","floor":14},{"not_picked":["Koishi:Heartbroken","Koishi:MentalBreakdown"],"picked":"Koishi:Ego","floor":16},{"not_picked":["Koishi:JumpScare","Koishi:PhantomBarrier"],"picked":"Koishi:StingingMind","floor":17},{"not_picked":["Koishi:ParalyzingFear","Koishi:PhilosophyOfTheDespised"],"picked":"Koishi:JumpScare","floor":18},{"not_picked":["Koishi:Vanish+1","Koishi:UnconsciousUprising+1"],"picked":"Koishi:EmbersOfLove","floor":19},{"not_picked":["Koishi:HeartfeltFancy+1","Koishi:Prune"],"picked":"Koishi:RacingHeart","floor":20},{"not_picked":["Koishi:RacingHeart+1","Koishi:PhantomStrike"],"picked":"Koishi:SubconsciousSweep+1","floor":23},{"not_picked":["Koishi:PhantomStrike+1","Koishi:RorschachInDanmaku"],"picked":"Koishi:JumpScare","floor":24},{"not_picked":["Koishi:RacingHeart","Koishi:Vanish"],"picked":"Koishi:Prune+1","floor":25},{"not_picked":["Koishi:ConditionedTeleport","Koishi:MentalBreakdown"],"picked":"Koishi:TerrifyingSpectre","floor":33},{"not_picked":["Koishi:EmbryosDream","Koishi:ReflexRadar+1"],"picked":"Koishi:BloodcurdlingScream+1","floor":35},{"not_picked":["Koishi:SubterraneanRose","Koishi:GhostParty+1"],"picked":"Koishi:JumpScare+1","floor":36},{"not_picked":["Koishi:PhilosophyOfTheDespised","Koishi:MassHysteria"],"picked":"Koishi:StingingMind+1","floor":37},{"not_picked":["Koishi:RoseHell","Koishi:PhilosophyOfTheDespised"],"picked":"Koishi:JumpScare+1","floor":39},{"not_picked":["Koishi:FidgetySnatcher","Koishi:HeartAttack+1"],"picked":"Koishi:ReleaseOfTheId+1","floor":41},{"not_picked":["Koishi:HeartAttack+1","Koishi:PhantomBarrier+1"],"picked":"Koishi:TremblingHands","floor":42},{"not_picked":["Koishi:SpiritedAway+1","Koishi:BloodcurdlingScream"],"picked":"Koishi:PhantomBarrier+1","floor":44},{"not_picked":["Koishi:JumpScare+1","Koishi:FourthEye+1"],"picked":"Koishi:SpiritedAway+1","floor":46},{"not_picked":["Koishi:Prune+1","Koishi:ConditionedTeleport"],"picked":"Koishi:StrangeCloudFist+1","floor":48}],"player_experience":63377,"relics_obtained":[{"floor":9,"key":"Lantern"},{"floor":10,"key":"PreservedInsect"},{"floor":13,"key":"Regal Pillow"},{"floor":23,"key":"Whetstone"},{"floor":25,"key":"Omamori"},{"floor":26,"key":"Happy Flower"},{"floor":42,"key":"Kunai"},{"floor":43,"key":"Shuriken"},{"floor":48,"key":"HornCleat"}],"event_choices":[{"damage_healed":0,"gold_gain":0,"player_choice":"Obtained Relic","damage_taken":0,"relics_obtained":["Orichalcum"],"max_hp_gain":0,"max_hp_loss":0,"event_name":"Addict","floor":22,"gold_loss":85},{"damage_healed":0,"gold_gain":0,"player_choice":"Obtain J.A.X.","damage_taken":0,"max_hp_gain":0,"max_hp_loss":0,"event_name":"Drug Dealer","floor":29,"gold_loss":0,"cards_obtained":["J.A.X."]},{"damage_healed":0,"gold_gain":0,"player_choice":"Gave Potion","damage_taken":0,"relics_obtained":["Bag of Marbles"],"max_hp_gain":0,"max_hp_loss":0,"event_name":"WeMeetAgain","floor":31,"gold_loss":0}],"is_beta":false,"boss_relics":[{"not_picked":["Busted Crown","SacredBark"],"picked":"Tiny House"},{"not_picked":["bronze:MakeshiftBattery","Calling Bell"],"picked":"Koishi:ColorfulDays"}],"items_purged_floors":[3,21,47],"is_endless":false,"potions_floor_spawned":[1,5,8,12,14,16,18,23,25,33,36,41,46,48],"killed_by":"Time Eater","ascension_level":0}}