{"host":"m6rwrrl4vtok99e8","time":1613397093,"event":{"mods":["Act Like it!","Arknights","BaseMod","Colored Powertips","Downfall","KomeijiMod","Lobotomy","Marisa????????","Minty Spire (QoL Compilation)","Remilia??????","Replay The Spire","StSLib","The Bug Knight","The Hierophant","The Servant 0.9.4","WarShipGirlsR/????R mod","Yuri Mod"],"gold_per_floor":[113,63,238,253,253,285,285,285,312,312,328,328,27,27,27,27,27],"floor_reached":16,"language":"ZHS","playtime":681,"items_purged":[],"score":96,"play_id":"4cc0f6d0-8412-4b80-8f94-d00cf69151de","local_time":"20210215215133","is_ascension_mode":false,"campfire_choices":[{"floor":8,"key":"REST"},{"floor":10,"key":"REST"},{"data":"Snipe","floor":12,"key":"SMITH"},{"data":"Exchange","floor":15,"key":"SMITH"}],"circlet_count":0,"master_deck":["Strike_S","Strike_S+1","Defend_S+1","Defend_S","Defend_S+1","Defend_S","KidneyShot+1","Exchange+1","Doubt","Snipe+1","Starlight+1","FlawlessForm","Sunlight"],"relics":["Uniform","Replay:Bottled Flurry","ReplayTheSpireMod:Lightbulb","Whetstone"],"acts_visited":["Exordium"],"potions_floor_usage":[16],"damage_taken":[{"damage":3,"enemies":"Jaw Worm","floor":1,"turns":5},{"damage":9,"enemies":"2 Louse","floor":4,"turns":4},{"damage":30,"enemies":"Lagavulin","floor":6,"turns":9},{"damage":0,"enemies":"Small Slimes","floor":11,"turns":3},{"damage":50,"enemies":"Hexaghost","floor":16,"turns":12}],"seed_played":"811187449675485933","potions_obtained":[{"floor":4,"key":"Milkshake"},{"floor":6,"key":"DuplicationPotion"}],"is_trial":false,"path_per_floor":["M","?","?","M","?","E","?","R","T","R","M","R","$","?","R","B"],"character_chosen":"THE_SERVANT","items_purchased":["FlawlessForm","Whetstone"],"campfire_rested":2,"item_purchase_floors":[13,13],"current_hp_per_floor":[62,62,62,53,58,28,14,35,35,56,56,56,56,56,56,6,6],"gold":27,"neow_bonus":"UPGRADE_CARD","is_daily":false,"chose_seed":false,"campfire_upgraded":2,"win_rate":0.0,"timestamp":1613397093,"path_taken":["M","?","?","M","?","E","?","R","T","R","M","R","$","?","R","BOSS"],"items_purchased_type":["Card","Relic"],"build_version":"2020-12-22","purchased_purges":0,"victory":false,"max_hp_per_floor":[65,65,65,65,70,70,70,70,70,70,70,70,70,70,70,70,70],"card_choices":[{"not_picked":["Spin","ShatteredReality","Barrier"],"picked":"SKIP","floor":1},{"not_picked":["RealityMarble","Contraction"],"picked":"Snipe","floor":4},{"not_picked":["Unruled","ShatteredReality"],"picked":"Starlight","floor":6},{"not_picked":["Comet","ReturningBlade","RealityMarble"],"picked":"SKIP","floor":11}],"player_experience":6309,"relics_obtained":[{"floor":6,"key":"Replay:Bottled Flurry"},{"floor":9,"key":"ReplayTheSpireMod:Lightbulb"}],"event_choices":[{"cards_removed":["Strike_S"],"damage_healed":0,"gold_gain":0,"player_choice":"Card Removal","damage_taken":0,"max_hp_gain":0,"max_hp_loss":0,"event_name":"The Cleric","floor":2,"gold_loss":50},{"damage_healed":0,"gold_gain":175,"player_choice":"AGREE","damage_taken":0,"max_hp_gain":0,"max_hp_loss":0,"event_name":"Liars Game","floor":3,"gold_loss":0,"cards_obtained":["Doubt"]},{"damage_healed":0,"gold_gain":0,"player_choice":"Donut","damage_taken":0,"max_hp_gain":5,"max_hp_loss":0,"event_name":"Big Fish","floor":5,"gold_loss":0},{"damage_healed":0,"gold_gain":0,"player_choice":"Entered Light","damage_taken":14,"max_hp_gain":0,"max_hp_loss":0,"event_name":"Shining Light","floor":7,"gold_loss":0,"cards_upgraded":["Defend_S","Defend_S"]},{"damage_healed":0,"gold_gain":0,"cards_transformed":["Strike_S"],"player_choice":"Change","damage_taken":0,"max_hp_gain":0,"max_hp_loss":0,"event_name":"Living Wall","floor":14,"gold_loss":0,"cards_obtained":["Sunlight"]}],"is_beta":false,"boss_relics":[],"items_purged_floors":[],"is_endless":false,"potions_floor_spawned":[4,6],"killed_by":"Hexaghost","ascension_level":0}}