{"host":"tetq3wi5anb97imq","time":1613357336,"event":{"mods":["BaseMod","Block Reminder","Minty Spire (QoL Compilation)","Quick Restart","StSLib","SuperFastMode"],"gold_per_floor":[112,42,58,58,71,71,98,98,149,182,147,147,173,191,191,293,293,307,307,307,46,60,60,93,93,93,127,97,97,108,141,141,239,239,254,270,47,47,57,57,84,84,107,125,138,165,75,102,102,102,102,102,11,41,41,41],"floor_reached":55,"language":"ENG","playtime":1530,"items_purged":[],"score":949,"play_id":"7b55a676-146a-4a0a-9a4f-22bd4da7e8db","local_time":"20210215004856","is_ascension_mode":true,"campfire_choices":[{"data":"Noxious Fumes","floor":6.0,"key":"SMITH"},{"data":"Noxious Fumes","floor":8.0,"key":"SMITH"},{"data":"Footwork","floor":15.0,"key":"SMITH"},{"data":"Bouncing Flask","floor":23.0,"key":"SMITH"},{"data":"Footwork","floor":25.0,"key":"SMITH"},{"data":"Glass Knife","floor":29.0,"key":"SMITH"},{"data":"Tools of the Trade","floor":32.0,"key":"SMITH"},{"floor":40.0,"key":"RECALL"},{"data":"Adrenaline","floor":42.0,"key":"SMITH"},{"floor":49.0,"key":"DIG"},{"floor":52.0,"key":"DIG"}],"circlet_count":0,"master_deck":["Strike_G","Strike_G","Strike_G","Defend_G","Defend_G","Defend_G","Defend_G","Defend_G","Survivor","Neutralize","Cloak And Dagger+1","Noxious Fumes+1","Dagger Throw","Noxious Fumes+1","Slice","Poisoned Stab","Tools of the Trade+1","Footwork+1","Endless Agony","Glass Knife+1","Bouncing Flask+1","Backstab","Footwork+1","Backstab","Deadly Poison+1","Die Die Die+1","PiercingWail","Backflip+1","Backflip+1","Adrenaline+1","Choke","Injury","Bouncing Flask+1","Footwork"],"relics":["Ring of the Snake","NeowsBlessing","Boot","Orichalcum","White Beast Statue","Omamori","Cursed Key","Snake Skull","Dream Catcher","HornCleat","FossilizedHelix","Bronze Scales","Busted Crown","ClockworkSouvenir","Gremlin Horn","War Paint","Shovel","Calipers","Shuriken","Kunai","Happy Flower"],"acts_visited":["Exordium","TheCity","TheBeyond","TheEnding"],"potions_floor_usage":[55,55],"damage_taken":[{"damage":0.0,"enemies":"Cultist","floor":1.0,"turns":1.0},{"damage":0.0,"enemies":"Jaw Worm","floor":3.0,"turns":1.0},{"damage":0.0,"enemies":"Small Slimes","floor":5.0,"turns":1.0},{"damage":25.0,"enemies":"Gremlin Nob","floor":7.0,"turns":5.0},{"damage":20.0,"enemies":"3 Sentries","floor":10.0,"turns":7.0},{"damage":7.0,"enemies":"Gremlin Nob","floor":13.0,"turns":4.0},{"damage":8.0,"enemies":"Exordium Thugs","floor":14.0,"turns":5.0},{"damage":21.0,"enemies":"The Guardian","floor":16.0,"turns":9.0},{"damage":4.0,"enemies":"3 Byrds","floor":18.0,"turns":4.0},{"damage":8.0,"enemies":"2 Thieves","floor":22.0,"turns":3.0},{"damage":24.0,"enemies":"Book of Stabbing","floor":24.0,"turns":5.0},{"damage":4.0,"enemies":"Gremlin Leader","floor":27.0,"turns":6.0},{"damage":0.0,"enemies":"3 Cultists","floor":30.0,"turns":4.0},{"damage":7.0,"enemies":"Book of Stabbing","floor":31.0,"turns":6.0},{"damage":0.0,"enemies":"Collector","floor":33.0,"turns":7.0},{"damage":0.0,"enemies":"3 Darklings","floor":35.0,"turns":4.0},{"damage":9.0,"enemies":"3 Shapes","floor":36.0,"turns":3.0},{"damage":0.0,"enemies":"3 Darklings","floor":39.0,"turns":3.0},{"damage":0.0,"enemies":"Nemesis","floor":41.0,"turns":6.0},{"damage":0.0,"enemies":"Writhing Mass","floor":44.0,"turns":5.0},{"damage":0.0,"enemies":"Spire Growth","floor":45.0,"turns":3.0},{"damage":0.0,"enemies":"Reptomancer","floor":46.0,"turns":5.0},{"damage":0.0,"enemies":"Nemesis","floor":48.0,"turns":5.0},{"damage":64.0,"enemies":"Awakened One","floor":50.0,"turns":11.0},{"damage":59.0,"enemies":"Shield and Spear","floor":54.0,"turns":5.0},{"damage":32,"enemies":"The Heart","floor":55,"turns":5}],"seed_played":"-3789958909609157014","potions_obtained":[{"floor":7.0,"key":"Regen Potion"},{"floor":10.0,"key":"FairyPotion"},{"floor":13.0,"key":"SkillPotion"},{"floor":14.0,"key":"Poison Potion"},{"floor":16.0,"key":"GamblersBrew"},{"floor":18.0,"key":"Block Potion"},{"floor":22.0,"key":"GamblersBrew"},{"floor":24.0,"key":"Energy Potion"},{"floor":27.0,"key":"SkillPotion"},{"floor":28.0,"key":"Block Potion"},{"floor":30.0,"key":"Regen Potion"},{"floor":31.0,"key":"Block Potion"},{"floor":33.0,"key":"Dexterity Potion"},{"floor":35.0,"key":"DistilledChaos"},{"floor":36.0,"key":"Strength Potion"},{"floor":41.0,"key":"DistilledChaos"},{"floor":44.0,"key":"Regen Potion"},{"floor":45.0,"key":"Ancient Potion"},{"floor":46.0,"key":"SkillPotion"},{"floor":54.0,"key":"DuplicationPotion"}],"is_trial":false,"path_per_floor":["M","$","M","$","M","R","E","R","T","E","?","?","E","M","R","B",null,"M","?","?","$","M","R","E","R","T","E","?","R","M","E","R","B",null,"M","M","$","T","M","R","E","R","T","M","M","E","?","E","R","B",null,"R","$","E","B"],"character_chosen":"THE_SILENT","items_purchased":["Noxious Fumes","Snake Skull","Footwork","Backstab","ClockworkSouvenir","Choke","Footwork","Dexterity Potion"],"campfire_rested":0,"item_purchase_floors":[2,21,21,21,37,37,53,53],"current_hp_per_floor":[70,70,70,70,70,70,45,45,45,40,57,57,50,42,42,21,70,66,66,66,66,58,58,34,34,34,30,30,30,30,38,38,38,70,70,61,61,61,61,61,61,61,61,61,61,70,70,70,70,6,70,70,70,11,0,0],"gold":41,"neow_bonus":"THREE_ENEMY_KILL","is_daily":false,"chose_seed":false,"campfire_upgraded":8,"win_rate":0.0,"timestamp":1613357336,"path_taken":["M","$","?","$","?","R","E","R","T","E","?","?","E","M","R","BOSS","M","?","?","$","M","R","E","R","T","E","?","R","M","E","R","BOSS","M","M","$","?","M","R","E","R","T","M","M","E","?","E","R","BOSS","R","$","E","BOSS"],"items_purchased_type":["Card","Relic","Card","Card","Relic","Card","Card","Potion"],"build_version":"2020-12-22","purchased_purges":0,"victory":false,"max_hp_per_floor":[70,70,70,70,70,70,70,70,70,70,70,70,70,70,70,70,70,70,70,70,70,70,70,70,70,70,70,70,70,70,70,70,70,70,70,70,70,70,70,70,70,70,70,70,70,70,70,70,70,70,70,70,70,70,70,70],"card_choices":[{"not_picked":["Catalyst","PiercingWail"],"picked":"Cloak And Dagger","floor":1.0},{"not_picked":["Flying Knee","Skewer"],"picked":"Dagger Throw","floor":3.0},{"not_picked":["Sucker Punch","Tactician"],"picked":"Noxious Fumes","floor":5.0},{"not_picked":["Underhanded Strike","Tactician"],"picked":"Slice","floor":7.0},{"not_picked":["All Out Attack","Leg Sweep"],"picked":"Poisoned Stab","floor":10.0},{"not_picked":["Crippling Poison","Blur"],"picked":"Footwork","floor":13.0},{"not_picked":["Tactician","Catalyst"],"picked":"Endless Agony","floor":14.0},{"not_picked":["Tools of the Trade","Storm of Steel"],"picked":"Glass Knife","floor":16.0},{"not_picked":["Backflip","Dagger Spray"],"picked":"Bouncing Flask","floor":18.0},{"not_picked":["Bane","Well Laid Plans+1"],"picked":"Deadly Poison","floor":22.0},{"not_picked":["All Out Attack","Choke"],"picked":"Die Die Die","floor":24.0},{"not_picked":["Noxious Fumes","Underhanded Strike"],"picked":"PiercingWail","floor":27.0},{"not_picked":["Infinite Blades","Blur"],"picked":"Backflip+1","floor":30.0},{"not_picked":["Distraction","Concentrate"],"picked":"Backflip+1","floor":31.0},{"not_picked":["Corpse Explosion","Glass Knife"],"picked":"Adrenaline","floor":33.0},{"not_picked":["Eviscerate"],"picked":"SKIP","floor":35.0},{"not_picked":["Quick Slash"],"picked":"SKIP","floor":36.0},{"not_picked":["Bane"],"picked":"SKIP","floor":39.0},{"not_picked":["Flying Knee"],"picked":"SKIP","floor":41.0},{"not_picked":["Flechettes+1"],"picked":"SKIP","floor":44.0},{"not_picked":["Bane"],"picked":"SKIP","floor":45.0},{"not_picked":[],"picked":"Bouncing Flask+1","floor":46.0},{"not_picked":["Flying Knee"],"picked":"SKIP","floor":48.0},{"not_picked":["Expertise+1"],"picked":"SKIP","floor":54.0}],"player_experience":526670,"relics_obtained":[{"floor":7.0,"key":"Boot"},{"floor":9.0,"key":"Orichalcum"},{"floor":10.0,"key":"White Beast Statue"},{"floor":13.0,"key":"Omamori"},{"floor":24.0,"key":"Dream Catcher"},{"floor":26.0,"key":"HornCleat"},{"floor":27.0,"key":"FossilizedHelix"},{"floor":31.0,"key":"Bronze Scales"},{"floor":41.0,"key":"Gremlin Horn"},{"floor":43.0,"key":"War Paint"},{"floor":46.0,"key":"Shovel"},{"floor":48.0,"key":"Calipers"},{"floor":49.0,"key":"Shuriken"},{"floor":52.0,"key":"Kunai"},{"floor":54.0,"key":"Happy Flower"}],"event_choices":[{"damage_healed":17.0,"max_hp_gain":0.0,"max_hp_loss":0.0,"gold_gain":0.0,"event_name":"The Cleric","player_choice":"Healed","floor":11.0,"gold_loss":35.0,"damage_taken":0.0},{"damage_healed":0.0,"max_hp_gain":0.0,"max_hp_loss":0.0,"gold_gain":0.0,"cards_transformed":["Strike_G"],"event_name":"Transmorgrifier","player_choice":"Transformed","floor":12.0,"gold_loss":0.0,"damage_taken":0.0,"cards_obtained":["Tools of the Trade"]},{"damage_healed":0.0,"max_hp_gain":0.0,"max_hp_loss":0.0,"gold_gain":0.0,"event_name":"Ghosts","player_choice":"Ignored","floor":19.0,"gold_loss":0.0,"damage_taken":0.0},{"damage_healed":0.0,"max_hp_gain":0.0,"max_hp_loss":0.0,"gold_gain":0.0,"event_name":"The Library","player_choice":"Read","floor":20.0,"gold_loss":0.0,"damage_taken":0.0,"cards_obtained":["Backstab"]},{"damage_healed":0.0,"max_hp_gain":0.0,"max_hp_loss":0.0,"gold_gain":0.0,"event_name":"The Woman in Blue","player_choice":"Bought 2 Potions","floor":28.0,"gold_loss":0.0,"damage_taken":0.0},{"cards_removed":["Strike_G"],"damage_healed":0.0,"max_hp_gain":0.0,"max_hp_loss":0.0,"gold_gain":0.0,"event_name":"Designer","player_choice":"Upgrade and Remove","floor":47.0,"gold_loss":90.0,"damage_taken":0.0,"cards_upgraded":["Die Die Die"]}],"is_beta":false,"boss_relics":[{"not_picked":["Ectoplasm","HoveringKite"],"picked":"Cursed Key"},{"not_picked":["Ring of the Serpent","Velvet Choker"],"picked":"Busted Crown"}],"items_purged_floors":[],"is_endless":false,"potions_floor_spawned":[7,10,13,14,16,18,22,24,27,30,31,33,35,36,39,41,44,45,46,48,54],"killed_by":"The Heart","ascension_level":1}}