{"host":"w14xfy17z3c5mpoi","time":1613352424,"event":{"mods":["AchievementEnabler","BaseMod","Minty Spire (QoL Compilation)","Relic Stats"],"gold_per_floor":[118,118,43,43,43,83,83,117,117,156,170,13,38,62,62,186,186,211,232,232,232],"floor_reached":20,"language":"ENG","playtime":737,"items_purged":["Injury","Defend_P"],"score":324,"play_id":"912d936d-7e28-4d27-8db6-98fc4595fc48","local_time":"20210214202704","is_ascension_mode":true,"campfire_choices":[{"data":"Eruption","floor":7,"key":"SMITH"},{"data":"ForeignInfluence","floor":15,"key":"SMITH"}],"circlet_count":0,"master_deck":["Strike_P","Strike_P","Strike_P","Strike_P","Defend_P","Defend_P","Defend_P","Eruption+1","Vigilance","FollowUp","FlyingSleeves","DeceiveReality","ForeignInfluence+1","Tantrum","FearNoEvil","MentalFortress","EmptyFist","CrushJoints","Ragnarok","TalkToTheHand+1"],"relics":["PureWater","NeowsBlessing","Golden Idol","MealTicket","Shuriken","Art of War","Smiling Mask","Odd Mushroom","Runic Pyramid"],"acts_visited":["Exordium","TheCity"],"potions_floor_usage":[10,10,16],"damage_taken":[{"damage":4,"enemies":"Small Slimes","floor":1,"turns":2},{"damage":0,"enemies":"3 Sentries","floor":6,"turns":2},{"damage":0,"enemies":"Gremlin Nob","floor":8,"turns":1},{"damage":11,"enemies":"Lagavulin","floor":10,"turns":5},{"damage":0,"enemies":"Jaw Worm","floor":11,"turns":2},{"damage":23,"enemies":"The Mushroom Lair","floor":13,"turns":4},{"damage":0,"enemies":"2 Louse","floor":14,"turns":2},{"damage":15,"enemies":"Hexaghost","floor":16,"turns":4},{"damage":9,"enemies":"Shell Parasite","floor":18,"turns":2},{"damage":0,"enemies":"3 Byrds","floor":19,"turns":3},{"damage":53,"enemies":"Snake Plant","floor":20,"turns":3}],"seed_played":"-8314466022698348440","potions_obtained":[{"floor":1,"key":"SteroidPotion"},{"floor":6,"key":"SteroidPotion"},{"floor":13,"key":"Swift Potion"},{"floor":14,"key":"Ancient Potion"},{"floor":16,"key":"CultistPotion"},{"floor":19,"key":"EntropicBrew"}],"is_trial":false,"path_per_floor":["M","?","$","?","$","E","R","E","T","E","M","$","?","M","R","B",null,"M","M","M"],"character_chosen":"WATCHER","items_purchased":["FearNoEvil","MentalFortress"],"campfire_rested":0,"item_purchase_floors":[12,12],"current_hp_per_floor":[61,61,61,61,61,61,61,61,61,50,50,65,42,42,42,27,61,52,52,0,0],"gold":232,"neow_bonus":"THREE_ENEMY_KILL","is_daily":false,"chose_seed":false,"campfire_upgraded":2,"win_rate":0.0,"timestamp":1613352424,"path_taken":["M","?","$","?","?","E","R","E","T","E","?","$","?","M","R","BOSS","M","M","M"],"items_purchased_type":["Card","Card"],"build_version":"2020-12-22","purchased_purges":2,"victory":false,"max_hp_per_floor":[72,72,72,72,72,72,72,72,72,72,72,72,72,72,72,72,72,72,72,72,72],"relic_stats":{"counters":[11,30],"Golden Idol":70,"Shuriken":[13],"MealTicket":15,"Art of War":[5],"Smiling Mask":50,"obtain_stats":[{"NeowsBlessing":0,"Golden Idol":2,"Shuriken":8,"MealTicket":6,"Art of War":9,"PureWater":0,"Odd Mushroom":13,"Smiling Mask":10,"Runic Pyramid":17},{"NeowsBlessing":0,"Golden Idol":1,"Shuriken":3,"MealTicket":2,"Art of War":3,"PureWater":0,"Odd Mushroom":6,"Smiling Mask":4,"Runic Pyramid":8},{"NeowsBlessing":0,"Golden Idol":2,"Shuriken":5,"MealTicket":4,"Art of War":5,"PureWater":0,"Odd Mushroom":16,"Smiling Mask":10,"Runic Pyramid":22}]},"card_choices":[{"not_picked":["Swivel","ClearTheMind"],"picked":"FollowUp","floor":1},{"not_picked":["ClearTheMind","Crescendo"],"picked":"FlyingSleeves","floor":6},{"not_picked":["Omniscience","Pray"],"picked":"DeceiveReality","floor":8},{"not_picked":["Wireheading","Prostrate"],"picked":"ForeignInfluence","floor":10},{"not_picked":["Halt","EmptyBody"],"picked":"Tantrum","floor":11},{"not_picked":["Consecrate","DeceiveReality"],"picked":"EmptyFist","floor":13},{"not_picked":["Alpha","JustLucky"],"picked":"CrushJoints","floor":14},{"not_picked":["ConjureBlade","MasterReality"],"picked":"Ragnarok","floor":16},{"not_picked":["Protect","EmptyMind+1"],"picked":"TalkToTheHand+1","floor":18},{"not_picked":["ThirdEye","Weave","SignatureMove+1"],"picked":"SKIP","floor":19}],"player_experience":657601,"relics_obtained":[{"floor":6,"key":"MealTicket"},{"floor":8,"key":"Shuriken"},{"floor":9,"key":"Art of War"},{"floor":10,"key":"Smiling Mask"},{"floor":13,"key":"Odd Mushroom"}],"event_choices":[{"damage_healed":0,"gold_gain":0,"player_choice":"Take Wound","damage_taken":0,"relics_obtained":["Golden Idol"],"max_hp_gain":0,"max_hp_loss":0,"event_name":"Golden Idol","floor":2,"gold_loss":0,"cards_obtained":["Injury"]},{"damage_healed":0,"gold_gain":0,"player_choice":"Ignored","damage_taken":0,"max_hp_gain":0,"max_hp_loss":0,"event_name":"Liars Game","floor":4,"gold_loss":0},{"damage_healed":0,"gold_gain":0,"player_choice":"Fought Mushrooms","damage_taken":0,"max_hp_gain":0,"max_hp_loss":0,"event_name":"Mushrooms","floor":13,"gold_loss":0}],"is_beta":false,"boss_relics":[{"not_picked":["Tiny House","SlaversCollar"],"picked":"Runic Pyramid"}],"items_purged_floors":[3,12],"is_endless":false,"potions_floor_spawned":[1,6,13,14,16,19],"killed_by":"Snake Plant","ascension_level":7}}