{"host":"j4tm1fhkymdbe3p9","time":1613370862,"event":{"mods":["A Magickal Journey","BaseMod","Better Third Choice","BetterRewards","Chen","Downfall","Hermit","Hubris","Infinite Spire","Koishi","Luminous","Marisa????????","Mimic Mod","Minty Spire (QoL Compilation)","Reimu??????","Remilia??????","Replay The Spire","Shade Mod","Shop Mod","StSLib","The Administrix","The Animator","The Blackbeard","The Bladedancer","The Construct","The Cursed","The Disciple","The Druid","The Exalted","The Gatherer","The Hierophant","The Mystic","The Necromancer","The Runesmith","The Servant 0.9.4","The Spell Scribe","TheSwordswoman","??????REMEMod"],"gold_per_floor":[115,134,134,134,146,146,146,93,128,163,176,191,225,241,241,339,339,352,352,109,129,129,129,156,167,167,167,167,167],"floor_reached":28,"language":"ENG","playtime":1591,"items_purged":["theDruid:Strike_O","downfall:Haunted"],"score":348,"play_id":"9a78a122-fce3-47c2-9c57-96216c243467","local_time":"20210215013422","is_ascension_mode":false,"campfire_choices":[{"floor":6,"key":"REST"},{"data":"theDruid:BriarArmor","floor":6,"key":"SMITH"},{"floor":15,"key":"REST"},{"data":"1","floor":15,"key":"LIFT"},{"data":"2","floor":23,"key":"LIFT"}],"circlet_count":0,"master_deck":["theDruid:Strike_O","theDruid:Strike_O","theDruid:Defend_O","theDruid:Defend_O","theDruid:Defend_O","theDruid:Defend_O","theDruid:BriarArmor+1","theDruid:WildSlash","theDruid:Resourcefulness+1","theDruid:ExposingSlash","theDruid:Rummage","theDruid:ExposingSlash","theDruid:Rummage","theDruid:Restoration","theDruid:Rummage","theDruid:Resupply","theDruid:ForestsSoul","theDruid:ForestGuard","theDruid:Stampede","theDruid:InsectSwarm","theDruid:WildArmor","theDruid:HailofThorns","theDruid:BrambleLash","theDruid:BloodiedFur+1","theDruid:Restoration"],"relics":["theDruid:CrownOfTheWilds","REME_ComplimentaryCards","infinitespire:Magic Flask","Runesmith:Nanobots","Bromod:ArcaneAwakening","Girya","Fusion Hammer","ScarletDevilRocket","ClockworkSouvenir","Chameleon Ring","Bromod:ArcaneVictory","hubris:Towel"],"acts_visited":["Exordium","TheCity"],"potions_floor_usage":[],"damage_taken":[{"damage":10,"enemies":"Small Slimes","floor":1,"turns":5},{"damage":0,"enemies":"Jaw Worm","floor":2,"turns":5},{"damage":7,"enemies":"2 Louse","floor":5,"turns":3},{"damage":13,"enemies":"Blue Slaver","floor":9,"turns":10},{"damage":17,"enemies":"Lagavulin","floor":10,"turns":7},{"damage":0,"enemies":"Blue Slaver","floor":11,"turns":3},{"damage":11,"enemies":"3 Louse","floor":12,"turns":4},{"damage":7,"enemies":"Replay:BlueRogue","floor":13,"turns":5},{"damage":8,"enemies":"Red Slaver","floor":14,"turns":5},{"damage":1,"enemies":"The Guardian","floor":16,"turns":10},{"damage":2,"enemies":"2 Thieves","floor":18,"turns":4},{"damage":5,"enemies":"Chosen","floor":21,"turns":4},{"damage":37,"enemies":"Slavers","floor":24,"turns":5},{"damage":10,"enemies":"Centurion and Healer","floor":25,"turns":5}],"seed_played":"6229408651419374842","potions_obtained":[{"floor":2,"key":"BlessingOfTheForge"},{"floor":11,"key":"ColorlessPotion"},{"floor":16,"key":"LiquidBronze"}],"is_trial":false,"path_per_floor":["M","M","?","?","M","R","?","$","MIM","E","M","M","E","M","R","B",null,"M","?","$","M","?","R","E","M","T","?","?"],"character_chosen":"DRUID","items_purchased":["infinitespire:Magic Flask","theDruid:Rummage","theDruid:Resupply","ClockworkSouvenir"],"campfire_rested":2,"item_purchase_floors":[0,0,8,20],"current_hp_per_floor":[43,43,43,43,36,58,58,58,45,28,28,17,10,2,24,23,75,73,73,73,68,68,68,31,21,21,21,0,0],"gold":167,"neow_bonus":"","is_daily":false,"chose_seed":false,"campfire_upgraded":1,"win_rate":0.0,"timestamp":1613370862,"path_taken":["M","M","?","?","M","R","?","?","MIM","E","?","M","E","M","R","BOSS","M","?","$","M","?","R","E","?","T","?","?"],"items_purchased_type":["Relic","Card","Card","Relic"],"build_version":"2020-12-22","purchased_purges":2,"victory":false,"max_hp_per_floor":[75,75,75,75,75,75,75,75,75,75,75,75,75,75,75,75,75,75,75,75,75,75,75,75,75,75,75,75,75],"card_choices":[{"not_picked":["theDruid:TakeShelter","theDruid:Gore"],"picked":"theDruid:ExposingSlash","floor":1},{"not_picked":["theDruid:WildArmor","theDruid:AstralShield"],"picked":"theDruid:Rummage","floor":2},{"not_picked":["theDruid:Starfall","theDruid:TwilightsCall"],"picked":"theDruid:Rummage","floor":5},{"not_picked":["theDruid:FullMoon","theDruid:RockSlide"],"picked":"theDruid:ForestsSoul","floor":9},{"not_picked":["theDruid:Guidance","theDruid:AstralShield"],"picked":"theDruid:ForestGuard","floor":10},{"not_picked":["theDruid:Gore","theDruid:ForestsSoul","theDruid:BlessedStrike"],"picked":"SKIP","floor":11},{"not_picked":["theDruid:Prowl","theDruid:NaturalAgility"],"picked":"theDruid:Stampede","floor":12},{"not_picked":["theDruid:BloodiedFur","theDruid:Rummage"],"picked":"theDruid:InsectSwarm","floor":13},{"not_picked":["theDruid:ExposingSlash","theDruid:TwilightsCall"],"picked":"theDruid:WildArmor","floor":14},{"not_picked":["theDruid:Mutilate","theDruid:WildFrenzy"],"picked":"theDruid:HailofThorns","floor":16},{"not_picked":["theDruid:ThickHide+1","theDruid:Guidance"],"picked":"theDruid:BrambleLash","floor":18},{"not_picked":["theDruid:Thornburst","theDruid:Swipe"],"picked":"theDruid:BloodiedFur+1","floor":21},{"not_picked":["theDruid:PlagueClaw","theDruid:Scavenge","theDruid:Guidance"],"picked":"SKIP","floor":24},{"not_picked":["theDruid:TakeShelter","theDruid:FaerieFire"],"picked":"theDruid:Restoration","floor":25}],"player_experience":631316,"relics_obtained":[{"floor":9,"key":"Runesmith:Nanobots"},{"floor":10,"key":"Bromod:ArcaneAwakening"},{"floor":13,"key":"Girya"},{"floor":24,"key":"Chameleon Ring"},{"floor":26,"key":"Bromod:ArcaneVictory"}],"event_choices":[{"damage_healed":0,"gold_gain":0,"player_choice":"Grow","damage_taken":0,"max_hp_gain":0,"max_hp_loss":0,"event_name":"Living Wall","floor":4,"gold_loss":0,"cards_upgraded":["theDruid:Resourcefulness"]},{"cards_removed":["theDruid:Strike_O"],"damage_healed":0,"gold_gain":0,"player_choice":"Purged","damage_taken":0,"max_hp_gain":0,"max_hp_loss":0,"event_name":"Purifier","floor":22,"gold_loss":0}],"is_beta":false,"boss_relics":[{"not_picked":["Replay:Ancient Bell","Busted Crown"],"picked":"Fusion Hammer"}],"items_purged_floors":[0,20],"is_endless":false,"potions_floor_spawned":[2,11,16],"ascension_level":0}}