{"host":"ewqldq2sdiy6ytim","time":1613374839,"event":{"mods":["BaseMod","Colored Map","Downfall","Hermit","Hubris","Minty Spire (QoL Compilation)","StSLib","The Animator","The Construct","The Cursed","The Jungle","The Runesmith","The Servant 0.9.4"],"gold_per_floor":[99,119,130,149,149,184,184,184,239,239,260,260,333,333,352,352,352,352],"floor_reached":16,"language":"ENG","playtime":718,"items_purged":[],"score":98,"play_id":"f1228da0-bbd3-4315-9aff-c21b2bde5d0a","local_time":"20210214234039","is_ascension_mode":false,"campfire_choices":[{"data":"champ:Taunt","floor":1.0,"key":"SMITH"},{"data":"champ:ShieldWall","floor":8.0,"key":"SMITH"},{"data":"champ:FalseCounter","floor":10.0,"key":"SMITH"},{"floor":12.0,"key":"REST"}],"circlet_count":0,"master_deck":["champ:Strike","champ:Strike","champ:Strike","champ:Strike","champ:Defend","champ:Defend","champ:Defend","champ:Defend","champ:Execute","champ:Taunt+1","champ:FalseCounter+1","champ:ShieldWall+1","champ:Shatter","champ:FocusedBerserking"],"relics":["champ:ChampionCrown","hubris:PeanutButter","Juzu Bracelet","Regal Pillow","Odd Mushroom","Letter Opener"],"acts_visited":["Exordium"],"potions_floor_usage":[],"damage_taken":[{"damage":22.0,"enemies":"Jaw Worm","floor":2.0,"turns":5.0},{"damage":15.0,"enemies":"Cultist","floor":3.0,"turns":4.0},{"damage":16.0,"enemies":"Small Slimes","floor":4.0,"turns":4.0},{"damage":27.0,"enemies":"Lagavulin","floor":6.0,"turns":6.0},{"damage":38.0,"enemies":"Gremlin Nob","floor":9.0,"turns":5.0},{"damage":38.0,"enemies":"The Mushroom Lair","floor":11.0,"turns":5.0},{"damage":2.0,"enemies":"Exordium Wildlife","floor":15.0,"turns":4.0},{"damage":0,"enemies":"IC_STATUS_ARCHETYPE","floor":16,"turns":1}],"seed_played":"6277102594972987454","potions_obtained":[{"floor":6.0,"key":"champ:OpenerPotion"},{"floor":11.0,"key":"SteroidPotion"},{"floor":14.0,"key":"champ:TechniquePotion"},{"floor":14.0,"key":"champ:TechniquePotion"}],"is_trial":false,"path_per_floor":["R","M","M","M","?","E","T","R","?","R","?","R","T","?","M","B"],"character_chosen":"THE_CHAMP","items_purchased":[],"campfire_rested":1,"item_purchase_floors":[],"current_hp_per_floor":[99,97,92,86,86,79,79,79,61,61,43,87,87,87,95,95,95,95],"gold":352,"neow_bonus":"TEN_PERCENT_HP_BONUS","is_daily":false,"chose_seed":false,"campfire_upgraded":3,"win_rate":0.0,"timestamp":1613374839,"path_taken":["R","M","M","M","?","E","T","R","?","R","?","R","?","?","M","BOSS"],"items_purchased_type":[],"build_version":"2020-12-22","purchased_purges":0,"victory":false,"max_hp_per_floor":[99,99,99,99,99,99,99,99,99,99,99,99,99,99,99,99,99,99],"card_choices":[{"not_picked":["champ:Duel","champ:EnGarde"],"picked":"champ:FalseCounter","floor":2.0},{"not_picked":["champ:PreciseThrust","champ:EnGarde"],"picked":"champ:ShieldWall","floor":3.0},{"not_picked":["champ:CrownThrow","champ:PerfectedStrike","champ:SetATrap"],"picked":"SKIP","floor":4.0},{"not_picked":["champ:DefensiveShout","champ:Haymaker"],"picked":"champ:Shatter","floor":6.0},{"not_picked":["champ:CrownThrow","champ:DefensiveShout"],"picked":"champ:FocusedBerserking","floor":15.0}],"player_experience":980043,"relics_obtained":[{"floor":6.0,"key":"hubris:PeanutButter"},{"floor":7.0,"key":"Juzu Bracelet"},{"floor":9.0,"key":"Regal Pillow"},{"floor":11.0,"key":"Odd Mushroom"},{"floor":13.0,"key":"Letter Opener"}],"event_choices":[{"damage_healed":0.0,"max_hp_gain":0.0,"max_hp_loss":0.0,"gold_gain":0.0,"event_name":"NoteForYourself","player_choice":"Ignored","floor":5.0,"gold_loss":0.0,"damage_taken":0.0},{"damage_healed":0.0,"max_hp_gain":0.0,"max_hp_loss":0.0,"gold_gain":0.0,"event_name":"Mushrooms","player_choice":"Fought Mushrooms","floor":11.0,"gold_loss":0.0,"damage_taken":0.0},{"damage_healed":0.0,"max_hp_gain":0.0,"max_hp_loss":0.0,"gold_gain":0.0,"event_name":"Lab","player_choice":"Got Potions","floor":14.0,"gold_loss":0.0,"damage_taken":0.0}],"is_beta":false,"boss_relics":[],"items_purged_floors":[],"is_endless":false,"potions_floor_spawned":[6,11,15],"killed_by":"IC_STATUS_ARCHETYPE","ascension_level":0}}