{"host":"or8fr2mp0k3eluj8","time":1613393608,"event":{"mods":["AchievementEnabler","BaseMod","Colored Map","DeckTracker","Minty Spire (QoL Compilation)","SuperFastMode"],"gold_per_floor":[119,119,119,137,156,181,199,213,287,287,45,56,56,67,67,164,164,184,34,34,34,34,34,50,83,107,107,107],"floor_reached":27,"language":"KOR","playtime":1591,"items_purged":["Strike_B"],"score":245,"play_id":"a3f32f3d-b2f8-48a3-838a-741b6e584460","local_time":"20210215215328","is_ascension_mode":true,"campfire_choices":[{"floor":10,"key":"REST"},{"data":"Zap","floor":13,"key":"SMITH"},{"floor":15,"key":"REST"},{"data":"Seek","floor":23,"key":"SMITH"}],"circlet_count":0,"master_deck":["Strike_B","Strike_B+1","Strike_B","Defend_B+1","Defend_B","Defend_B","Zap+1","Dualcast","Steam Power","Ball Lightning","Rebound","Gash","Go for the Eyes","Scrape","Sweeping Beam","Compile Driver","Streamline","Turbo","Go for the Eyes","Seek+1","Leap","BootSequence","Double Energy","Hologram+1","Go for the Eyes"],"relics":["Cracked Core","NeowsBlessing","Prayer Wheel","InkBottle","Question Card","Nuclear Battery","Smiling Mask","Akabeko"],"acts_visited":["Exordium","TheCity"],"potions_floor_usage":[16,25,25,25,27],"damage_taken":[{"damage":0,"enemies":"Jaw Worm","floor":1,"turns":1},{"damage":0,"enemies":"Cultist","floor":4,"turns":1},{"damage":0,"enemies":"Small Slimes","floor":5,"turns":1},{"damage":31,"enemies":"Lagavulin","floor":6,"turns":6},{"damage":2,"enemies":"Blue Slaver","floor":7,"turns":4},{"damage":8,"enemies":"3 Louse","floor":8,"turns":3},{"damage":8,"enemies":"Exordium Wildlife","floor":12,"turns":3},{"damage":9,"enemies":"Blue Slaver","floor":14,"turns":2},{"damage":20,"enemies":"Hexaghost","floor":16,"turns":8},{"damage":18,"enemies":"Shell Parasite","floor":18,"turns":4},{"damage":0,"enemies":"3 Byrds","floor":24,"turns":4},{"damage":42,"enemies":"Slavers","floor":25,"turns":4},{"damage":0,"enemies":"Snake Plant","floor":27,"turns":1}],"seed_played":"-1783576574189755631","potions_obtained":[{"floor":6,"key":"Regen Potion"},{"floor":7,"key":"EntropicBrew"},{"floor":12,"key":"LiquidMemories"},{"floor":16,"key":"DuplicationPotion"},{"floor":25,"key":"DuplicationPotion"}],"is_trial":false,"path_per_floor":["M","?","T","M","M","E","M","M","T","R","$","M","R","M","R","B",null,"M","$","?","?","?","R","M","E","T","M"],"character_chosen":"DEFECT","items_purchased":["Question Card","BootSequence"],"campfire_rested":2,"item_purchase_floors":[11,19],"current_hp_per_floor":[75,60,60,60,60,29,27,19,19,41,41,33,33,24,46,26,75,57,57,43,43,43,43,43,1,1,1,1],"gold":107,"neow_bonus":"THREE_ENEMY_KILL","is_daily":false,"chose_seed":false,"campfire_upgraded":2,"win_rate":0.0,"timestamp":1613393608,"path_taken":["M","?","?","?","M","E","?","?","T","R","$","M","R","M","R","BOSS","M","$","?","?","?","R","M","E","T","M"],"items_purchased_type":["Relic","Card"],"build_version":"2020-12-22","purchased_purges":1,"victory":false,"max_hp_per_floor":[75,75,75,75,75,75,75,75,75,75,75,75,75,75,75,75,75,75,75,80,80,80,80,80,80,80,80,80],"card_choices":[{"not_picked":["Leap","Coolheaded","Conserve Battery"],"picked":"SKIP","floor":1},{"not_picked":["Storm","Coolheaded"],"picked":"Steam Power","floor":4},{"not_picked":["Buffer","Melter"],"picked":"Ball Lightning","floor":4},{"not_picked":["Reinforced Body","Stack"],"picked":"Rebound","floor":5},{"not_picked":["Leap","Coolheaded","Compile Driver"],"picked":"SKIP","floor":5},{"not_picked":["Rebound","Meteor Strike"],"picked":"Gash","floor":6},{"not_picked":["Barrage","Gash"],"picked":"Go for the Eyes","floor":7},{"not_picked":["Sweeping Beam","Skim"],"picked":"Scrape","floor":7},{"not_picked":["Cold Snap","Scrape"],"picked":"Sweeping Beam","floor":8},{"not_picked":["Barrage","White Noise"],"picked":"Compile Driver","floor":8},{"not_picked":["Compile Driver","Rebound","Fusion"],"picked":"Streamline","floor":12},{"not_picked":["Cold Snap","Rebound","Leap","Biased Cognition"],"picked":"SKIP","floor":12},{"not_picked":["Compile Driver","Darkness","Stack"],"picked":"Turbo","floor":14},{"not_picked":["Cold Snap","Rebound","Electrodynamics"],"picked":"Go for the Eyes","floor":14},{"not_picked":["Multi-Cast","Core Surge","Amplify"],"picked":"Seek","floor":16},{"not_picked":["Cold Snap","Melter","Coolheaded"],"picked":"Leap","floor":18},{"not_picked":["Leap","Auto Shields","Stack","Conserve Battery"],"picked":"SKIP","floor":18},{"not_picked":["Sweeping Beam","Redo","Go for the Eyes"],"picked":"Double Energy","floor":24},{"not_picked":["Ball Lightning","Consume","Barrage"],"picked":"Hologram+1","floor":24},{"not_picked":["Barrage","Genetic Algorithm","Streamline"],"picked":"Go for the Eyes","floor":25}],"player_experience":337340,"relics_obtained":[{"floor":3,"key":"Prayer Wheel"},{"floor":6,"key":"InkBottle"},{"floor":25,"key":"Smiling Mask"},{"floor":26,"key":"Akabeko"}],"event_choices":[{"damage_healed":0,"gold_gain":0,"player_choice":"Entered Light","damage_taken":15,"max_hp_gain":0,"max_hp_loss":0,"event_name":"Shining Light","floor":2,"gold_loss":0,"cards_upgraded":["Defend_B","Strike_B"]},{"damage_healed":0,"gold_gain":0,"player_choice":"Shed Blood","damage_taken":19,"max_hp_gain":5,"max_hp_loss":0,"event_name":"Forgotten Altar","floor":20,"gold_loss":0},{"cards_removed":["Defend_B"],"damage_healed":0,"gold_gain":0,"player_choice":"Elegance","damage_taken":0,"max_hp_gain":0,"max_hp_loss":0,"event_name":"Back to Basics","floor":21,"gold_loss":0},{"damage_healed":0,"gold_gain":0,"player_choice":"Ignored","damage_taken":0,"max_hp_gain":0,"max_hp_loss":0,"event_name":"Ghosts","floor":22,"gold_loss":0}],"is_beta":false,"boss_relics":[{"not_picked":["Velvet Choker","SacredBark"],"picked":"Nuclear Battery"}],"items_purged_floors":[19],"is_endless":false,"potions_floor_spawned":[6,7,12,16,25],"killed_by":"Snake Plant","ascension_level":1}}