{"host":"0qlrtuw7bw78ucw4","time":1613387099,"event":{"mods":["BaseMod","Downfall","Minty Spire (QoL Compilation)","StSLib"],"gold_per_floor":[99,99,99,274,45,83,83,9,35,35,51,95,95,122,133,219,219,219,239,133,152,252,280,289,309,333,367,395,430,45,45,59,134,134,134,152,168,191,200,210,272,272,307,207,207,119,154,164,184,184],"floor_reached":51,"language":"ENG","playtime":4889,"items_purged":["Doubt","Slimebound:Defend_Slimebound","Regret","Slimebound:Strike_Slimebound","Slimebound:Strike_Slimebound"],"score":1385,"play_id":"0cbf7789-b292-4ce4-bcfe-9e216c5f4317","local_time":"20210215220459","is_ascension_mode":true,"campfire_choices":[{"data":"Slimebound:Split","floor":1.0,"key":"SMITH"},{"data":"Slimebound:MegaLick","floor":10.0,"key":"SMITH"},{"data":"Slimebound:SlimeBarrage","floor":13.0,"key":"SMITH"},{"data":"Slimebound:PressTheAttack","floor":18.0,"key":"SMITH"},{"data":"Slimebound:SlimeBrawl","floor":35.0,"key":"SMITH"},{"data":"Slimebound:Prepare","floor":42.0,"key":"SMITH"},{"floor":44.0,"key":"RECALL"}],"circlet_count":0,"master_deck":["AscendersBane","Slimebound:Strike_Slimebound","Slimebound:Tackle","Slimebound:Defend_Slimebound","Slimebound:Defend_Slimebound","Slimebound:Defend_Slimebound","Slimebound:Split+1","Slimebound:CorrosiveSpit","Slimebound:Prepare+1","Slimebound:SlimeBarrage+1","Slimebound:PressTheAttack+1","Slimebound:Recollect","Slimebound:MegaLick+1","Slimebound:Recollect","Slimebound:Repurpose","Slimebound:GrowthPunch","Slimebound:DuplicatedForm","Slimebound:SplitSpecialist","Slimebound:LeadByExample","Slimebound:FormOfPuddle+1","Slimebound:Prepare","Slimebound:SlimeBrawl+1","Slimebound:LevelUp","Slimebound:SpikyOuterGoop","Slimebound:LivingWall+1","Injury","Slimebound:LeadByExample"],"relics":["Slimebound:AbsorbEndCombat","downfall:HeartsMalice","CeramicFish","Dream Catcher","Turnip","Darkstone Periapt","Cursed Key","Meat on the Bone","Slimebound:SlimedTailRelic","PreservedInsect","Question Card","Blue Candle","Slimebound:PreparedRelic","Bottled Lightning","Busted Crown","Membership Card","Matryoshka","Orichalcum","Pen Nib","Juzu Bracelet","downfall:HeartBlessingGreen","Slimebound:MaxSlimesRelic"],"acts_visited":["Exordium","TheCity","TheBeyond"],"potions_floor_usage":[50,50],"damage_taken":[{"damage":0.0,"enemies":"2 Louse","floor":2.0,"turns":1.0},{"damage":0.0,"enemies":"downfall:FleeingMerchant","floor":5.0,"turns":1.0},{"damage":0.0,"enemies":"Lagavulin","floor":6.0,"turns":1.0},{"damage":0.0,"enemies":"downfall:FleeingMerchant","floor":8.0,"turns":4.0},{"damage":2.0,"enemies":"Jaw Worm","floor":9.0,"turns":3.0},{"damage":4.0,"enemies":"Small Slimes","floor":11.0,"turns":3.0},{"damage":17.0,"enemies":"Gremlin Nob","floor":12.0,"turns":4.0},{"damage":0.0,"enemies":"2 Fungi Beasts","floor":14.0,"turns":4.0},{"damage":1.0,"enemies":"Gremlin Gang","floor":15.0,"turns":4.0},{"damage":13.0,"enemies":"DF_ARCHETYPE_STREAMLINE","floor":16.0,"turns":9.0},{"damage":0.0,"enemies":"Shell Parasite","floor":19.0,"turns":7.0},{"damage":26.0,"enemies":"downfall:FleeingMerchant","floor":20.0,"turns":4.0},{"damage":12.0,"enemies":"Spheric Guardian","floor":21.0,"turns":4.0},{"damage":16.0,"enemies":"Colosseum Nobs","floor":22.0,"turns":5.0},{"damage":47.0,"enemies":"Slavers","floor":23.0,"turns":5.0},{"damage":16.0,"enemies":"Centurion and Healer","floor":25.0,"turns":6.0},{"damage":8.0,"enemies":"Snake Plant","floor":26.0,"turns":4.0},{"damage":8.0,"enemies":"Gremlin Leader","floor":27.0,"turns":6.0},{"damage":2.0,"enemies":"Cultist and Chosen","floor":28.0,"turns":6.0},{"damage":32.0,"enemies":"Book of Stabbing","floor":29.0,"turns":5.0},{"damage":20.0,"enemies":"downfall:FleeingMerchant","floor":30.0,"turns":4.0},{"damage":27.0,"enemies":"3 Cultists","floor":32.0,"turns":5.0},{"damage":63.0,"enemies":"SI_MIRROR_ARCHETYPE","floor":33.0,"turns":12.0},{"damage":15.0,"enemies":"Orb Walker","floor":36.0,"turns":3.0},{"damage":16.0,"enemies":"3 Shapes","floor":37.0,"turns":5.0},{"damage":30.0,"enemies":"Jaw Worm Horde","floor":38.0,"turns":5.0},{"damage":28.0,"enemies":"Jaw Worm Horde","floor":39.0,"turns":5.0},{"damage":15.0,"enemies":"downfall:FleeingMerchant","floor":40.0,"turns":4.0},{"damage":16.0,"enemies":"Nemesis","floor":43.0,"turns":9.0},{"damage":16.0,"enemies":"Giant Head","floor":47.0,"turns":5.0},{"damage":16.0,"enemies":"Maw","floor":48.0,"turns":6.0},{"damage":16.0,"enemies":"4 Shapes","floor":49.0,"turns":4.0},{"damage":50,"enemies":"IC_BLOCK_ARCHETYPE","floor":50,"turns":10}],"seed_played":"-7104515563889389821","potions_obtained":[{"floor":6.0,"key":"hexamod:SoulburnPotion"},{"floor":9.0,"key":"Slimebound:SlimedPotion"},{"floor":12.0,"key":"Explosive Potion"},{"floor":23.0,"key":"Slimebound:SlimedPotion"},{"floor":25.0,"key":"Swift Potion"},{"floor":28.0,"key":"Fire Potion"},{"floor":31.0,"key":"LiquidMemories"},{"floor":32.0,"key":"SneckoOil"},{"floor":36.0,"key":"Energy Potion"}],"is_trial":false,"path_per_floor":["R","M","?","?","$","E","T","$","M","R","M","E","R","M","M","B",null,"R","M","$","M","?","E","T","M","M","E","M","E","$","?","M","B",null,"R","M","M","M","?","$","T","R","E","R","?","$","E","M","M","B",null],"character_chosen":"SLIMEBOUND","items_purchased":["CeramicFish","Slimebound:MegaLick","Bottled Lightning","Membership Card","Matryoshka"],"campfire_rested":0,"item_purchase_floors":[5,8,30,40,40],"current_hp_per_floor":[53,53,58,58,58,58,58,64,64,64,64,53,53,57,62,55,62,62,64,57,49,41,29,35,39,37,47,51,52,53,53,61,33,61,61,65,70,47,39,55,61,61,68,68,68,68,75,76,66,51],"gold":184,"neow_bonus":"THREE_ENEMY_KILL","is_daily":false,"chose_seed":false,"campfire_upgraded":6,"win_rate":0.0,"timestamp":1613387099,"path_taken":["R","M","?","?","?","E","T","$","M","R","M","E","R","M","M","BOSS","R","M","$","M","?","E","T","M","M","E","M","E","$","?","M","BOSS","R","M","M","?","?","$","T","R","E","R","?","$","E","M","M","BOSS"],"items_purchased_type":["Relic","Card","Relic","Relic","Relic"],"build_version":"2020-12-22","purchased_purges":5,"victory":true,"max_hp_per_floor":[59,59,64,64,64,64,64,64,64,64,64,64,64,64,64,64,64,64,64,64,64,64,64,70,70,70,70,70,70,70,70,70,70,70,70,70,70,70,70,70,76,76,76,76,76,76,76,76,76,76],"card_choices":[{"not_picked":["Slimebound:GoopTackle","Slimebound:Schlurp"],"picked":"Slimebound:Prepare","floor":2.0},{"not_picked":["Slimebound:DisruptingSlam","Slimebound:ForwardTackle"],"picked":"Slimebound:SlimeBarrage","floor":5.0},{"not_picked":["Slimebound:Grow","Slimebound:Replication"],"picked":"Slimebound:PressTheAttack","floor":6.0},{"not_picked":["Slimebound:HauntingLick","Slimebound:AcidTongue"],"picked":"Slimebound:Recollect","floor":8.0},{"not_picked":["Slimebound:SamplingLick","Slimebound:ForwardTackle"],"picked":"Slimebound:Recollect","floor":9.0},{"not_picked":["Slimebound:Dissolve","Slimebound:SlimeSpikes","Slimebound:LeechingTouch"],"picked":"SKIP","floor":11.0},{"not_picked":["Slimebound:TongueLash","Slimebound:SlimeSpikes"],"picked":"Slimebound:Repurpose","floor":12.0},{"not_picked":["Slimebound:DivideAndConquer","Slimebound:LeechEnergy"],"picked":"Slimebound:GrowthPunch","floor":14.0},{"not_picked":["Slimebound:GoopSpray","Slimebound:SplitLeeching","Slimebound:RejuvenatingLick"],"picked":"SKIP","floor":15.0},{"not_picked":["Slimebound:LeechLife","Slimebound:WasteNot"],"picked":"Slimebound:DuplicatedForm","floor":16.0},{"not_picked":["Slimebound:PressTheAttack","Slimebound:SlimeSpikes","Slimebound:ComboTackle"],"picked":"SKIP","floor":19.0},{"not_picked":["Slimebound:DisruptingSlam","Slimebound:HauntingLick+1"],"picked":"Slimebound:SplitSpecialist","floor":20.0},{"not_picked":["Slimebound:SplitAcid","Slimebound:GoopSpray+1"],"picked":"Slimebound:LeadByExample","floor":21.0},{"not_picked":["Slimebound:ServeAndProtect","Slimebound:Repurpose","Slimebound:Gluttony"],"picked":"SKIP","floor":23.0},{"not_picked":["Slimebound:SamplingLick","Slimebound:LivingWall","Slimebound:Gluttony"],"picked":"Slimebound:FormOfPuddle","floor":25.0},{"not_picked":["Slimebound:SplitLeeching","Slimebound:SlimeTap","Slimebound:LeechingTouch"],"picked":"Slimebound:Prepare","floor":26.0},{"not_picked":["Slimebound:SplitAcid","Slimebound:SamplingLick+1","Slimebound:ComboTackle","Slimebound:RejuvenatingLick"],"picked":"SKIP","floor":27.0},{"not_picked":["Slimebound:SpikyOuterGoop","Slimebound:MassRepurpose","Slimebound:PressTheAttack+1"],"picked":"Slimebound:SlimeBrawl","floor":28.0},{"not_picked":["Slimebound:ProtectTheBoss","Slimebound:LeechingTouch","Slimebound:RejuvenatingLick","Slimebound:LeechEnergy"],"picked":"SKIP","floor":29.0},{"not_picked":["Slimebound:GoopTackle+1","Slimebound:SplitSpecialist","Slimebound:ItLooksTasty","Slimebound:LeechEnergy"],"picked":"SKIP","floor":30.0},{"not_picked":["Slimebound:RollThrough","Slimebound:HauntingLick","Slimebound:SlimeSpikes","Slimebound:SplitBruiser"],"picked":"SKIP","floor":32.0},{"not_picked":["Slimebound:ViciousTackle","Slimebound:SamplingLick"],"picked":"SKIP","floor":36.0},{"not_picked":["Slimebound:Repurpose","Slimebound:SplitSpecialist"],"picked":"SKIP","floor":37.0},{"not_picked":["Slimebound:SplitAcid+1"],"picked":"Slimebound:LevelUp","floor":38.0},{"not_picked":["Slimebound:SamplingLick"],"picked":"Slimebound:SpikyOuterGoop","floor":39.0},{"not_picked":["Slimebound:LeechingTouch"],"picked":"Slimebound:LivingWall+1","floor":40.0},{"not_picked":["Slimebound:RallyTheTroops"],"picked":"Slimebound:LeadByExample","floor":43.0},{"not_picked":["Slimebound:SamplingLick+1","Slimebound:RollThrough"],"picked":"SKIP","floor":47.0},{"not_picked":["Slimebound:GoopSpray","Slimebound:SplitSpecialist"],"picked":"SKIP","floor":48.0},{"not_picked":["Slimebound:LeechEnergy+1","Slimebound:FlameTackle+1"],"picked":"SKIP","floor":49.0}],"player_experience":1020439,"relics_obtained":[{"floor":6.0,"key":"Dream Catcher"},{"floor":7.0,"key":"Turnip"},{"floor":12.0,"key":"Darkstone Periapt"},{"floor":22.0,"key":"Meat on the Bone"},{"floor":22.0,"key":"Slimebound:SlimedTailRelic"},{"floor":23.0,"key":"PreservedInsect"},{"floor":24.0,"key":"Question Card"},{"floor":27.0,"key":"Blue Candle"},{"floor":29.0,"key":"Slimebound:PreparedRelic"},{"floor":41.0,"key":"Orichalcum"},{"floor":41.0,"key":"Pen Nib"},{"floor":43.0,"key":"Juzu Bracelet"},{"floor":47.0,"key":"Slimebound:MaxSlimesRelic"}],"event_choices":[{"damage_healed":0.0,"max_hp_gain":5.0,"max_hp_loss":0.0,"gold_gain":0.0,"event_name":"Big Fish","player_choice":"Donut","floor":3.0,"gold_loss":0.0,"damage_taken":0.0},{"damage_healed":0.0,"max_hp_gain":0.0,"max_hp_loss":0.0,"gold_gain":0.0,"event_name":"Lab","player_choice":"Got Potions","floor":31.0,"gold_loss":0.0,"damage_taken":0.0}],"is_beta":false,"boss_relics":[{"not_picked":["SacredBark","bronze:MakeshiftBattery"],"picked":"Cursed Key"},{"not_picked":["Calling Bell","Coffee Dripper"],"picked":"Busted Crown"}],"items_purged_floors":[5,20,30,40,46],"is_endless":false,"potions_floor_spawned":[6,9,11,12,15,19,23,25,26,28,32,33,36,43,47,49],"ascension_level":14}}