{"host":"t1puqh5lxz8sp6fn","time":1613418755,"event":{"mods":["AchievementEnabler","BaseMod","Colored Powertips","Minty Spire (QoL Compilation)","Rare Cards Sparkle","Relic Stats","StSLib"],"gold_per_floor":[114,124,21,21,37,37,70,70,96,114,114,441,491,522,522,599,599,618,638,283,283,294,294,132,132,132,166,166,194,1,29,29,104,104,120,136,155,155,155],"floor_reached":38,"playtime":1644,"items_purged":["Strike_B","Strike_B"],"score":788,"play_id":"7ccb3a57-126c-4e08-b78c-e282e04d154c","local_time":"20210215165235","is_ascension_mode":true,"campfire_choices":[{"data":"Rebound","floor":6.0,"key":"SMITH"},{"floor":8.0,"key":"REST"},{"data":"Zap","floor":15.0,"key":"SMITH"},{"data":"Loop","floor":23.0,"key":"SMITH"},{"floor":32.0,"key":"REST"}],"circlet_count":0,"master_deck":["AscendersBane","Strike_B","Strike_B","Defend_B","Defend_B","Defend_B","Defend_B","Zap+1","Dualcast","Sweeping Beam","Streamline+1","Rebound+1","FTL","Genetic Algorithm","Self Repair","Skim+1","Redo+1","Capacitor","Glacier","Loop+1","Reinforced Body","Aggregate+1","Reboot","Master of Strategy","Steam","Reinforced Body","Core Surge","Ball Lightning+1","Barrage+1"],"relics":["FrozenCore","Vajra","Smiling Mask","Old Coin","StoneCalendar","SacredBark","Membership Card","Potion Belt","Chemical X","Bronze Scales","Sundial","Kunai","PreservedInsect","Symbiotic Virus"],"acts_visited":["TheCity","TheBeyond"],"potions_floor_usage":[],"damage_taken":[{"damage":4.0,"enemies":"Jaw Worm","floor":1.0,"turns":4.0},{"damage":0.0,"enemies":"Cultist","floor":2.0,"turns":4.0},{"damage":8.0,"enemies":"Small Slimes","floor":5.0,"turns":2.0},{"damage":30.0,"enemies":"3 Sentries","floor":7.0,"turns":8.0},{"damage":3.0,"enemies":"3 Louse","floor":10.0,"turns":2.0},{"damage":13.0,"enemies":"Gremlin Nob","floor":12.0,"turns":3.0},{"damage":12.0,"enemies":"3 Sentries","floor":14.0,"turns":5.0},{"damage":16.0,"enemies":"Hexaghost","floor":16.0,"turns":8.0},{"damage":41.0,"enemies":"Shell Parasite","floor":18.0,"turns":6.0},{"damage":3.0,"enemies":"Chosen","floor":19.0,"turns":4.0},{"damage":17.0,"enemies":"Shelled Parasite and Fungi","floor":22.0,"turns":5.0},{"damage":25.0,"enemies":"Book of Stabbing","floor":27.0,"turns":6.0},{"damage":29.0,"enemies":"Gremlin Leader","floor":29.0,"turns":5.0},{"damage":27.0,"enemies":"Book of Stabbing","floor":31.0,"turns":6.0},{"damage":58.0,"enemies":"Automaton","floor":33.0,"turns":11.0},{"damage":11.0,"enemies":"3 Darklings","floor":35.0,"turns":4.0},{"damage":1.0,"enemies":"Orb Walker","floor":36.0,"turns":3.0},{"damage":36,"enemies":"Jaw Worm Horde","floor":37,"turns":4},{"damage":43,"enemies":"2 Orb Walkers","floor":38,"turns":5}],"seed_played":"-8071338915149575258","potions_obtained":[{"floor":10.0,"key":"FearPotion"},{"floor":12.0,"key":"DistilledChaos"},{"floor":14.0,"key":"GamblersBrew"},{"floor":18.0,"key":"LiquidMemories"},{"floor":27.0,"key":"Fire Potion"}],"is_trial":false,"path_per_floor":["M","M","$","?","M","R","E","R","T","M","?","E","?","E","R","B",null,"M","M","$","?","M","R","$","?","T","E","?","E","$","E","R","B",null,"M","M","M","?"],"character_chosen":"DEFECT","items_purchased":["FairyPotion","Membership Card","Potion Belt","Energy Potion","Capacitor","Glacier","Chemical X","Reinforced Body","PreservedInsect","Master of Strategy","Steam"],"campfire_rested":2,"item_purchase_floors":[3,20,20,20,20,20,24,24,30,30,30],"current_hp_per_floor":[60,60,60,60,52,52,22,43,43,40,45,32,32,20,20,11,60,26,30,30,86,76,76,76,76,76,58,58,36,36,16,41,58,79,68,74,38,0,0],"gold":155,"neow_bonus":"RANDOM_COMMON_RELIC","is_daily":false,"chose_seed":false,"campfire_upgraded":3,"win_rate":0.0,"timestamp":1613418755,"path_taken":["M","M","$","?","M","R","E","R","T","?","?","E","?","E","R","BOSS","M","M","$","?","M","R","?","?","T","E","?","E","$","E","R","BOSS","M","M","M","?"],"items_purchased_type":["Potion","Relic","Relic","Potion","Card","Card","Relic","Card","Relic","Card","Card"],"build_version":"2020-12-13","purchased_purges":2,"victory":false,"max_hp_per_floor":[71,71,71,71,71,71,71,71,71,71,76,76,76,76,76,76,76,76,76,76,86,86,86,86,86,86,86,86,86,86,86,86,86,86,86,86,86,86,86],"relic_stats":{"counters":[19,95],"Sundial":[6],"Bronze Scales":[183],"StoneCalendar":[104],"PreservedInsect":43,"Chemical X":[16],"Kunai":[7],"Smiling Mask":-12,"obtain_stats":[{"Potion Belt":20,"SacredBark":17,"Vajra":0,"StoneCalendar":14,"PreservedInsect":30,"Smiling Mask":7,"Old Coin":12,"FrozenCore":34,"Sundial":27,"Bronze Scales":26,"Membership Card":20,"Chemical X":24,"Kunai":29,"Cracked Core":0,"Symbiotic Virus":31},{"Potion Belt":10,"SacredBark":8,"Vajra":0,"StoneCalendar":7,"PreservedInsect":13,"Smiling Mask":4,"Old Coin":6,"FrozenCore":15,"Sundial":12,"Bronze Scales":11,"Membership Card":10,"Chemical X":11,"Kunai":13,"Cracked Core":0,"Symbiotic Virus":14},{"Potion Belt":46,"SacredBark":36,"Vajra":0,"StoneCalendar":28,"PreservedInsect":62,"Smiling Mask":18,"Old Coin":23,"FrozenCore":79,"Sundial":57,"Bronze Scales":51,"Membership Card":46,"Chemical X":51,"Kunai":62,"Cracked Core":0,"Symbiotic Virus":68}],"FrozenCore":[8]},"card_choices":[{"not_picked":["Cold Snap","Double Energy"],"picked":"Sweeping Beam","floor":1.0},{"not_picked":["Chaos","Hologram"],"picked":"Streamline","floor":2.0},{"not_picked":["Doom and Gloom","Sunder"],"picked":"Rebound","floor":5.0},{"not_picked":["Redo","Streamline"],"picked":"FTL","floor":7.0},{"not_picked":["Darkness","Turbo"],"picked":"Genetic Algorithm","floor":10.0},{"not_picked":["Ball Lightning","Reboot"],"picked":"Self Repair","floor":12.0},{"not_picked":["Streamline","Barrage","Blizzard"],"picked":"SKIP","floor":14.0},{"not_picked":["Fission","Machine Learning"],"picked":"Thunder Strike","floor":16.0},{"not_picked":["Rip and Tear","Turbo"],"picked":"Skim+1","floor":18.0},{"not_picked":["Steam","Force Field"],"picked":"Redo+1","floor":19.0},{"not_picked":["Skim","Barrage"],"picked":"Loop","floor":22.0},{"not_picked":["Stack","Steam"],"picked":"Aggregate+1","floor":27.0},{"not_picked":["Rip and Tear","Leap"],"picked":"Reboot","floor":29.0},{"not_picked":["Hologram","Rainbow"],"picked":"Reinforced Body","floor":31.0},{"not_picked":["Amplify","Seek"],"picked":"Core Surge","floor":33.0},{"not_picked":["Gash","BootSequence"],"picked":"Ball Lightning+1","floor":35.0},{"not_picked":["Blizzard","Heatsinks"],"picked":"Barrage+1","floor":36.0},{"not_picked":["Beam Cell","Barrage","Compile Driver"],"picked":"SKIP","floor":37}],"player_experience":529558,"relics_obtained":[{"floor":7.0,"key":"Smiling Mask"},{"floor":12.0,"key":"Old Coin"},{"floor":14.0,"key":"StoneCalendar"},{"floor":26.0,"key":"Bronze Scales"},{"floor":27.0,"key":"Sundial"},{"floor":29.0,"key":"Kunai"},{"floor":31.0,"key":"Symbiotic Virus"}],"event_choices":[{"damage_healed":0.0,"max_hp_gain":0.0,"max_hp_loss":0.0,"gold_gain":0.0,"event_name":"Accursed Blacksmith","player_choice":"Forge","floor":4.0,"gold_loss":0.0,"damage_taken":0.0,"cards_upgraded":["Streamline"]},{"damage_healed":0.0,"max_hp_gain":5.0,"max_hp_loss":0.0,"gold_gain":0.0,"event_name":"Big Fish","player_choice":"Donut","floor":11.0,"gold_loss":0.0,"damage_taken":0.0},{"damage_healed":0.0,"max_hp_gain":0.0,"max_hp_loss":0.0,"gold_gain":50.0,"event_name":"Golden Shrine","player_choice":"Pray","floor":13.0,"gold_loss":0.0,"damage_taken":0.0},{"cards_removed":["Thunder Strike"],"damage_healed":46.0,"max_hp_gain":10.0,"max_hp_loss":0.0,"gold_gain":0.0,"event_name":"Bonfire Elementals","player_choice":"Offered Rare","floor":21.0,"gold_loss":0.0,"damage_taken":0.0},{"damage_healed":0.0,"max_hp_gain":0.0,"max_hp_loss":0.0,"gold_gain":0.0,"event_name":"Beggar","player_choice":"Ignored","floor":25.0,"gold_loss":0.0,"damage_taken":0.0},{"damage_healed":0.0,"max_hp_gain":0.0,"max_hp_loss":0.0,"gold_gain":0.0,"event_name":"Ghosts","player_choice":"Ignored","floor":28.0,"gold_loss":0.0,"damage_taken":0.0},{"damage_healed":0,"gold_gain":0,"player_choice":"Fight","damage_taken":0,"max_hp_gain":0,"max_hp_loss":0,"event_name":"Mysterious Sphere","floor":38,"gold_loss":0}],"is_beta":false,"boss_relics":[{"not_picked":["Pandora\u0027s Box","Coffee Dripper"],"picked":"SacredBark"},{"not_picked":["Inserter","SlaversCollar"],"picked":"FrozenCore"}],"items_purged_floors":[20,24],"is_endless":false,"potions_floor_spawned":[10,12,14,18,27],"killed_by":"2 Orb Walkers","ascension_level":15}}