{"host":"qp7xs8nuzfsyommi","time":1613407464,"event":{"mods":["2.2 Compatiblity","BaseMod","Colored Powertips","DeckTracker","Highlight Path","Minty Spire (QoL Compilation)","Permanent Neow","Quick Restart","StSLib"],"gold_per_floor":[116,116,191,191,25,25,61,81,81,81,81,81,106,120,120,216,216,234,255,2,2,2,2,52,52,52,68,68,68,86,11,11,11,11],"floor_reached":33,"language":"ENG","playtime":1159,"items_purged":["Shame"],"score":536,"play_id":"e0f83841-3179-4233-9f0e-30f89342f5a5","local_time":"20210215114424","is_ascension_mode":true,"campfire_choices":[{"data":"Coolheaded","floor":6.0,"key":"SMITH"},{"data":"Loop","floor":10.0,"key":"SMITH"},{"data":"Self Repair","floor":12.0,"key":"SMITH"},{"data":"Zap","floor":15.0,"key":"SMITH"},{"floor":23.0,"key":"REST"},{"data":"Buffer","floor":25.0,"key":"SMITH"},{"floor":32,"key":"REST"}],"circlet_count":0,"master_deck":["AscendersBane","Strike_B","Strike_B+1","Strike_B+1","Strike_B","Defend_B","Defend_B","Defend_B","Defend_B","Zap+1","Dualcast","Coolheaded+1","Loop+1","Self Repair+1","All For One","Go for the Eyes","Electrodynamics","Defragment","Stack","Defragment","Buffer+1","Recycle","Storm","Necronomicurse","Leap+1"],"relics":["Cracked Core","NeowsBlessing","Golden Idol","Potion Belt","Whetstone","Peace Pipe","SacredBark","Anchor","Tiny Chest","Necronomicon","Omamori"],"acts_visited":["Exordium","TheCity"],"potions_floor_usage":[30,30],"damage_taken":[{"damage":0.0,"enemies":"Small Slimes","floor":1.0,"turns":1.0},{"damage":0.0,"enemies":"3 Sentries","floor":7.0,"turns":1.0},{"damage":0.0,"enemies":"2 Louse","floor":8.0,"turns":1.0},{"damage":0.0,"enemies":"Cultist","floor":13.0,"turns":3.0},{"damage":0.0,"enemies":"2 Fungi Beasts","floor":14.0,"turns":5.0},{"damage":50.0,"enemies":"Hexaghost","floor":16.0,"turns":10.0},{"damage":24.0,"enemies":"Chosen","floor":18.0,"turns":5.0},{"damage":23.0,"enemies":"Spheric Guardian","floor":19.0,"turns":5.0},{"damage":0.0,"enemies":"Snecko","floor":22.0,"turns":1.0},{"damage":5.0,"enemies":"Centurion and Healer","floor":27.0,"turns":6.0},{"damage":22,"enemies":"Chosen and Byrds","floor":30,"turns":6},{"damage":51,"enemies":"Champ","floor":33,"turns":12}],"seed_played":"-7187634502217043451","potions_obtained":[{"floor":1.0,"key":"Explosive Potion"},{"floor":8.0,"key":"Swift Potion"},{"floor":11.0,"key":"PowerPotion"},{"floor":11.0,"key":"LiquidBronze"},{"floor":16.0,"key":"SmokeBomb"}],"is_trial":false,"path_per_floor":["M","?","?","?","$","R","E","M","T","R","?","R","M","M","R","B",null,"M","M","$","?","M","R","?","R","T","M","?","?","M","$","R","B"],"character_chosen":"DEFECT","items_purchased":["Potion Belt","Anchor","Defragment"],"campfire_rested":2,"item_purchase_floors":[5,20,20],"current_hp_per_floor":[64,69,58,32,32,32,32,32,32,32,32,32,42,52,52,12,60,46,33,33,33,33,55,55,55,55,60,39,39,27,27,49,0,0],"gold":11,"neow_bonus":"THREE_ENEMY_KILL","is_daily":false,"chose_seed":false,"campfire_upgraded":5,"win_rate":0.0,"timestamp":1613407464,"path_taken":["M","?","?","?","$","R","E","M","T","R","?","R","?","M","R","BOSS","M","M","$","?","?","R","?","R","T","M","?","?","M","?","R","BOSS"],"items_purchased_type":["Relic","Relic","Card"],"build_version":"2020-12-22","purchased_purges":1,"victory":false,"max_hp_per_floor":[71,76,76,76,76,76,76,76,76,76,76,76,76,76,76,76,76,76,76,76,76,76,76,76,76,76,76,76,76,76,76,76,76,76],"card_choices":[{"not_picked":["Turbo","Redo"],"picked":"Coolheaded","floor":1.0},{"not_picked":["Gash","Coolheaded"],"picked":"Loop","floor":7.0},{"not_picked":["Rebound","Loop"],"picked":"Self Repair","floor":8.0},{"not_picked":["Streamline","Beam Cell"],"picked":"All For One","floor":13.0},{"not_picked":["Beam Cell","Barrage"],"picked":"Go for the Eyes","floor":14.0},{"not_picked":["Thunder Strike","Creative AI"],"picked":"Electrodynamics","floor":16.0},{"not_picked":["Compile Driver","Barrage"],"picked":"Defragment","floor":18.0},{"not_picked":["Barrage","Coolheaded"],"picked":"Stack","floor":19.0},{"not_picked":["Cold Snap","Hyperbeam"],"picked":"Storm","floor":27},{"not_picked":["Coolheaded","Steam"],"picked":"Leap+1","floor":30}],"player_experience":1912797,"relics_obtained":[{"floor":7.0,"key":"Whetstone"},{"floor":9.0,"key":"Peace Pipe"},{"floor":26.0,"key":"Tiny Chest"},{"floor":28,"key":"Necronomicon"}],"event_choices":[{"damage_healed":0.0,"max_hp_gain":5.0,"max_hp_loss":0.0,"gold_gain":0.0,"event_name":"Big Fish","player_choice":"Donut","floor":2.0,"gold_loss":0.0,"damage_taken":0.0},{"damage_healed":0.0,"max_hp_gain":0.0,"max_hp_loss":0.0,"gold_gain":75.0,"event_name":"World of Goop","player_choice":"Gather Gold","floor":3.0,"gold_loss":0.0,"damage_taken":11.0},{"damage_healed":0.0,"max_hp_gain":0.0,"max_hp_loss":0.0,"gold_gain":0.0,"event_name":"Golden Idol","player_choice":"Take Damage","floor":4.0,"gold_loss":0.0,"damage_taken":26.0,"relics_obtained":["Golden Idol"]},{"damage_healed":0.0,"max_hp_gain":0.0,"max_hp_loss":0.0,"gold_gain":0.0,"event_name":"Lab","player_choice":"Got Potions","floor":11.0,"gold_loss":0.0,"damage_taken":0.0},{"damage_healed":0.0,"max_hp_gain":0.0,"max_hp_loss":0.0,"gold_gain":0.0,"event_name":"Match and Keep!","player_choice":"2 cards matched","floor":21.0,"gold_loss":0.0,"damage_taken":0.0,"cards_obtained":["Buffer","Recycle"]},{"damage_healed":0.0,"max_hp_gain":0.0,"max_hp_loss":0.0,"gold_gain":50.0,"event_name":"Nest","player_choice":"Stole From Cult","floor":24.0,"gold_loss":0.0,"damage_taken":0.0},{"damage_healed":0,"gold_gain":0,"player_choice":"Obtained Book","damage_taken":21,"max_hp_gain":0,"max_hp_loss":0,"event_name":"Cursed Tome","floor":28,"gold_loss":0},{"damage_healed":0,"gold_gain":0,"player_choice":"Stole Relic","damage_taken":0,"relics_obtained":["Omamori"],"max_hp_gain":0,"max_hp_loss":0,"event_name":"Addict","floor":29,"gold_loss":0,"cards_obtained":["Shame"]}],"is_beta":false,"boss_relics":[{"not_picked":["Runic Dome","Sozu"],"picked":"SacredBark"}],"items_purged_floors":[31],"is_endless":false,"potions_floor_spawned":[1,8,13,16,18],"killed_by":"Champ","ascension_level":20}}