{"host":"ydg0vn0pu4pubmdt","time":1613422133,"event":{"mods":["AchievementEnabler","BaseMod","Colored Map","Minty Spire (QoL Compilation)","Quick Restart","SuperFastMode"],"gold_per_floor":[118,118,118,131,56,4,4,17,17,35,53,78,131,158,158,236,236,256,271,291,132,143,172,172,205,277,277,350,369,369,385,385,461,461,477,490,490,500,92,126,172,172,195,195,228,228,255,21,21,21,21,21,21,21,46,46],"floor_reached":57,"language":"KOR","playtime":1932,"items_purged":["Strike_R","Strike_R","Injury"],"score":3026,"play_id":"a2b40bad-5dd2-48da-8642-ec67b8caf207","local_time":"20210216054853","is_ascension_mode":true,"campfire_choices":[{"floor":7.0,"key":"REST"},{"data":"Body Slam","floor":15.0,"key":"SMITH"},{"floor":24.0,"key":"REST"},{"floor":30.0,"key":"RECALL"},{"floor":32.0,"key":"REST"},{"data":"Body Slam","floor":42.0,"key":"SMITH"},{"data":"Corruption","floor":49,"key":"SMITH"},{"data":"Evolve","floor":53,"key":"SMITH"}],"circlet_count":0,"master_deck":["AscendersBane","Strike_R","Defend_R+1","Defend_R","Defend_R+1","Defend_R+1","Bash+1","Clumsy","Carnage","Body Slam+1","Offering+1","Impervious+1","Armaments+1","Shrug It Off+1","Shrug It Off+1","Shrug It Off+1","Body Slam+1","Dark Embrace+1","Evolve+1","Burning Pact+1","Corruption+1"],"relics":["Burning Blood","Dead Branch","Happy Flower","Singing Bowl","Nunchaku","Omamori","Toxic Egg 2","Cursed Key","Blue Candle","Potion Belt","The Courier","White Beast Statue","Calipers","Toy Ornithopter","Mummified Hand","Charon\u0027s Ashes","Lizard Tail","War Paint","Pen Nib"],"acts_visited":["Exordium","TheCity","TheBeyond","TheEnding"],"potions_floor_usage":[45,45,55,56,56,56,56],"damage_taken":[{"damage":17.0,"enemies":"Small Slimes","floor":1.0,"turns":4.0},{"damage":5.0,"enemies":"2 Louse","floor":4.0,"turns":3.0},{"damage":2.0,"enemies":"Cultist","floor":8.0,"turns":2.0},{"damage":2.0,"enemies":"Exordium Wildlife","floor":10.0,"turns":2.0},{"damage":12.0,"enemies":"Red Slaver","floor":11.0,"turns":3.0},{"damage":4.0,"enemies":"Lagavulin","floor":12.0,"turns":3.0},{"damage":10.0,"enemies":"Gremlin Nob","floor":14.0,"turns":3.0},{"damage":51.0,"enemies":"Slime Boss","floor":16.0,"turns":12.0},{"damage":8.0,"enemies":"2 Thieves","floor":18.0,"turns":3.0},{"damage":6.0,"enemies":"Spheric Guardian","floor":19.0,"turns":2.0},{"damage":8.0,"enemies":"Centurion and Healer","floor":20.0,"turns":6.0},{"damage":23.0,"enemies":"Shelled Parasite and Fungi","floor":22.0,"turns":3.0},{"damage":21.0,"enemies":"Book of Stabbing","floor":23.0,"turns":3.0},{"damage":13.0,"enemies":"Gremlin Leader","floor":25.0,"turns":3.0},{"damage":6.0,"enemies":"Snake Plant","floor":29.0,"turns":1.0},{"damage":15.0,"enemies":"Centurion and Healer","floor":31.0,"turns":5.0},{"damage":47.0,"enemies":"Collector","floor":33.0,"turns":3.0},{"damage":9.0,"enemies":"3 Darklings","floor":35.0,"turns":4.0},{"damage":8.0,"enemies":"Orb Walker","floor":36.0,"turns":3.0},{"damage":8.0,"enemies":"Jaw Worm Horde","floor":38.0,"turns":4.0},{"damage":19.0,"enemies":"Reptomancer","floor":40.0,"turns":4.0},{"damage":13.0,"enemies":"2 Orb Walkers","floor":41.0,"turns":3.0},{"damage":6,"enemies":"Nemesis","floor":45,"turns":3},{"damage":6,"enemies":"Giant Head","floor":47,"turns":1},{"damage":8,"enemies":"Awakened One","floor":50,"turns":3},{"damage":6,"enemies":"Donu and Deca","floor":51,"turns":2},{"damage":11,"enemies":"Shield and Spear","floor":55,"turns":2},{"damage":114,"enemies":"The Heart","floor":56,"turns":6}],"seed_played":"-6843045324376098663","potions_obtained":[{"floor":4.0,"key":"AttackPotion"},{"floor":10.0,"key":"SpeedPotion"},{"floor":19.0,"key":"Strength Potion"},{"floor":20.0,"key":"ElixirPotion"},{"floor":29.0,"key":"SkillPotion"},{"floor":31.0,"key":"DistilledChaos"},{"floor":33.0,"key":"SkillPotion"},{"floor":35.0,"key":"Explosive Potion"},{"floor":36.0,"key":"ElixirPotion"},{"floor":38.0,"key":"DuplicationPotion"},{"floor":40.0,"key":"EssenceOfSteel"},{"floor":41.0,"key":"GamblersBrew"},{"floor":45,"key":"Swift Potion"},{"floor":47,"key":"Block Potion"},{"floor":55,"key":"HeartOfIron"}],"is_trial":false,"path_per_floor":["M","?","?","M","$","?","R","M","T","M","M","E","T","E","R","B",null,"M","M","M","$","M","E","R","E","T","?","T","M","R","M","R","B",null,"M","M","?","M","$","E","?","R","T","?","E","?","E","$","R","B","B",null,"R","$","E","B",null],"character_chosen":"IRONCLAD","items_purchased":["Shrug It Off+1","Calipers","Toy Ornithopter","Corruption"],"campfire_rested":3,"item_purchase_floors":[21,39,39,48],"current_hp_per_floor":[57,34,27,28,28,28,50,54,54,58,54,58,58,54,54,9,62,62,64,62,62,45,32,57,52,52,52,52,54,54,47,74,35,79,76,74,74,72,72,66,66,66,66,66,76,76,76,76,76,74,74,88,88,88,89,50],"gold":46,"neow_bonus":"ONE_RARE_RELIC","is_daily":false,"chose_seed":false,"campfire_upgraded":4,"win_rate":0.0,"timestamp":1613422133,"path_taken":["M","?","?","M","$","?","R","M","T","M","?","E","?","E","R","BOSS","M","M","M","$","M","E","R","E","T","?","?","M","R","M","R","BOSS","M","M","?","M","$","E","?","R","T","?","E","?","E","$","R","BOSS","BOSS","R","$","E","BOSS"],"items_purchased_type":["Card","Relic","Relic","Card"],"build_version":"2020-12-22","purchased_purges":3,"victory":true,"max_hp_per_floor":[75,75,75,75,75,75,75,75,75,75,77,79,79,79,79,79,79,81,83,83,83,83,85,85,87,87,87,87,89,89,91,91,93,93,93,93,88,88,88,90,92,92,92,92,92,92,92,92,92,92,92,92,92,92,94,94],"card_choices":[{"not_picked":["Warcry","Seeing Red"],"picked":"Hemokinesis","floor":1.0},{"not_picked":["Wild Strike","Rage"],"picked":"Carnage","floor":4.0},{"not_picked":["Dual Wield","Pommel Strike","Flex"],"picked":"SKIP","floor":8.0},{"not_picked":["Intimidate","Rage"],"picked":"Body Slam","floor":10.0},{"not_picked":["Armaments","Rupture","Headbutt"],"picked":"Singing Bowl","floor":11.0},{"not_picked":["Whirlwind","Sentinel","Sword Boomerang"],"picked":"Singing Bowl","floor":12.0},{"not_picked":["Warcry+1","Inflame"],"picked":"Offering+1","floor":14.0},{"not_picked":["Juggernaut","Fiend Fire"],"picked":"Impervious+1","floor":16.0},{"not_picked":["Wild Strike","Rupture","Flex+1"],"picked":"Singing Bowl","floor":18.0},{"not_picked":["Anger","Pommel Strike","Iron Wave"],"picked":"Singing Bowl","floor":19.0},{"not_picked":["Cleave","Juggernaut"],"picked":"Armaments+1","floor":20.0},{"not_picked":["Thunderclap","Wild Strike"],"picked":"Shrug It Off+1","floor":22.0},{"not_picked":["Sword Boomerang","Thunderclap","Heavy Blade"],"picked":"Singing Bowl","floor":23.0},{"not_picked":["Demon Form","Havoc+1","Metallicize"],"picked":"Singing Bowl","floor":25.0},{"not_picked":["Wild Strike","Anger+1","Inflame"],"picked":"Singing Bowl","floor":29.0},{"not_picked":["Headbutt","Clash","Iron Wave"],"picked":"Singing Bowl","floor":31.0},{"not_picked":["Berserk","Brutality","Demon Form"],"picked":"Singing Bowl","floor":33.0},{"not_picked":["Disarm+1","Cleave"],"picked":"Shrug It Off+1","floor":35.0},{"not_picked":["Inflame","Searing Blow"],"picked":"Body Slam","floor":36.0},{"not_picked":["Rampage+1","Flex+1"],"picked":"Dark Embrace+1","floor":38.0},{"not_picked":["Heavy Blade","Berserk","Perfected Strike"],"picked":"Singing Bowl","floor":40.0},{"not_picked":["Cleave+1","Flex+1","True Grit+1"],"picked":"Singing Bowl","floor":41.0},{"not_picked":["Rampage","Rage+1"],"picked":"Evolve","floor":45},{"not_picked":["True Grit+1","Clothesline"],"picked":"Burning Pact+1","floor":47},{"not_picked":["Wild Strike","Twin Strike","Sword Boomerang"],"picked":"Singing Bowl","floor":55}],"player_experience":566953,"relics_obtained":[{"floor":9.0,"key":"Singing Bowl"},{"floor":12.0,"key":"Nunchaku"},{"floor":13.0,"key":"Omamori"},{"floor":14.0,"key":"Toxic Egg 2"},{"floor":23.0,"key":"Blue Candle"},{"floor":25.0,"key":"Potion Belt"},{"floor":26.0,"key":"The Courier"},{"floor":28.0,"key":"White Beast Statue"},{"floor":40.0,"key":"Mummified Hand"},{"floor":41.0,"key":"Charon\u0027s Ashes"},{"floor":45,"key":"Lizard Tail"},{"floor":47,"key":"War Paint"},{"floor":55,"key":"Pen Nib"}],"event_choices":[{"damage_healed":0.0,"max_hp_gain":0.0,"max_hp_loss":0.0,"gold_gain":0.0,"event_name":"Shining Light","player_choice":"Entered Light","floor":2.0,"gold_loss":0.0,"damage_taken":23.0,"cards_upgraded":["Bash","Defend_R"]},{"cards_removed":["Strike_R"],"damage_healed":0.0,"max_hp_gain":0.0,"max_hp_loss":0.0,"gold_gain":0.0,"event_name":"Golden Wing","player_choice":"Card Removal","floor":3.0,"gold_loss":0.0,"damage_taken":7.0},{"damage_healed":0.0,"max_hp_gain":0.0,"max_hp_loss":0.0,"gold_gain":0.0,"event_name":"WeMeetAgain","player_choice":"Paid Gold","floor":6.0,"gold_loss":52.0,"damage_taken":0.0,"relics_obtained":["Happy Flower"]},{"cards_removed":["Strike_R"],"damage_healed":0.0,"max_hp_gain":0.0,"max_hp_loss":0.0,"gold_gain":0.0,"event_name":"Back to Basics","player_choice":"Elegance","floor":27.0,"gold_loss":0.0,"damage_taken":0.0},{"damage_healed":0.0,"max_hp_gain":0.0,"max_hp_loss":5.0,"gold_gain":0.0,"event_name":"Winding Halls","player_choice":"Max HP","floor":37.0,"gold_loss":0.0,"damage_taken":0.0},{"damage_healed":0.0,"max_hp_gain":0.0,"max_hp_loss":0.0,"gold_gain":0.0,"event_name":"Mysterious Sphere","player_choice":"Fight","floor":41.0,"gold_loss":0.0,"damage_taken":0.0},{"cards_removed":["Hemokinesis"],"damage_healed":0.0,"max_hp_gain":0.0,"max_hp_loss":0.0,"gold_gain":0.0,"event_name":"Falling","player_choice":"Removed Attack","floor":44.0,"gold_loss":0.0,"damage_taken":0.0},{"damage_healed":0,"gold_gain":0,"player_choice":"Ignored","damage_taken":0,"max_hp_gain":0,"max_hp_loss":0,"event_name":"Tomb of Lord Red Mask","floor":46,"gold_loss":0}],"is_beta":false,"boss_relics":[{"not_picked":["Astrolabe","SacredBark"],"picked":"Cursed Key"},{"not_picked":["Coffee Dripper","Sozu","Busted Crown"]}],"items_purged_floors":[5,21,48],"is_endless":false,"potions_floor_spawned":[4,10,19,20,22,29,31,33,35,36,38,40,41,45,47,55],"ascension_level":20}}