{"host":"mu5qkq7030l6349q","time":1613405768,"event":{"mods":["AchievementEnabler","BaseMod","Colored Powertips","Downfall","Highlight Path","Minty Spire (QoL Compilation)","Permanent Neow","Rare Cards Sparkle","StSLib"],"gold_per_floor":[109,109,58,68,83,116,116,133,133,147,182,182,193,193,193,290,290,302,227,256,268,288,288,288],"floor_reached":23,"language":"ENG","playtime":2203,"items_purged":[],"score":203,"play_id":"6c5fbcf9-cef5-471b-aa59-0c7dc1a7cbf7","local_time":"20210215171608","is_ascension_mode":false,"campfire_choices":[{"data":"FlurryOfBlows","floor":7.0,"key":"SMITH"},{"floor":12.0,"key":"REST"},{"floor":15.0,"key":"REST"}],"circlet_count":0,"master_deck":["Strike_P","Strike_P","Strike_P","Defend_P","Defend_P","Defend_P","Eruption","Vigilance","FlurryOfBlows+1","Crescendo","MasterReality","FollowUp","ReachHeaven","SashWhip","Evaluate","ClearTheMind","CutThroughFate","Evaluate","Study","DeusExMachina","Crescendo","ClearTheMind","Crescendo+1"],"relics":["Sozu","HornCleat","Ginger","SlaversCollar","Red Mask"],"acts_visited":["Exordium","TheCity"],"potions_floor_usage":[],"damage_taken":[{"damage":0.0,"enemies":"2 Louse","floor":1.0,"turns":2.0},{"damage":1.0,"enemies":"Cultist","floor":4.0,"turns":3.0},{"damage":6.0,"enemies":"Jaw Worm","floor":5.0,"turns":2.0},{"damage":26.0,"enemies":"Lagavulin","floor":6.0,"turns":5.0},{"damage":8.0,"enemies":"3 Louse","floor":8.0,"turns":2.0},{"damage":7.0,"enemies":"Red Slaver","floor":10.0,"turns":2.0},{"damage":22.0,"enemies":"3 Sentries","floor":11.0,"turns":5.0},{"damage":0.0,"enemies":"2 Fungi Beasts","floor":13.0,"turns":2.0},{"damage":15.0,"enemies":"Hexaghost","floor":16.0,"turns":6.0},{"damage":4.0,"enemies":"Shell Parasite","floor":18.0,"turns":7.0},{"damage":37,"enemies":"Masked Bandits","floor":20,"turns":4},{"damage":6,"enemies":"Chosen","floor":21,"turns":4},{"damage":22,"enemies":"Centurion and Healer","floor":22,"turns":4},{"damage":10,"enemies":"Book of Stabbing","floor":23,"turns":3}],"seed_played":"-164955565223685063","potions_obtained":[],"is_trial":false,"path_per_floor":["M","?","$","M","M","E","R","M","T","M","E","R","M","?","R","B",null,"M","?","?","M","M","E"],"character_chosen":"WATCHER","items_purchased":["FollowUp"],"campfire_rested":2,"item_purchase_floors":[3],"current_hp_per_floor":[72,72,72,71,65,39,39,31,31,24,2,23,23,23,44,29,72,68,68,31,25,3,0,0],"gold":288,"neow_bonus":"BOSS_RELIC","is_daily":false,"chose_seed":false,"campfire_upgraded":1,"win_rate":0.0,"timestamp":1613405768,"path_taken":["M","?","$","?","M","E","R","M","T","M","E","R","M","?","R","BOSS","M","?","?","M","M","E"],"items_purchased_type":["Card"],"build_version":"2020-12-22","purchased_purges":0,"victory":false,"max_hp_per_floor":[72,72,72,72,72,72,72,72,72,72,72,72,72,72,72,72,72,72,72,72,72,72,72,72],"card_choices":[{"not_picked":["Fasting2","Consecrate"],"picked":"FlurryOfBlows","floor":1.0},{"not_picked":["Crescendo","FlyingSleeves","InnerPeace"],"picked":"SKIP","floor":4.0},{"not_picked":["JustLucky","Tantrum"],"picked":"ReachHeaven","floor":5.0},{"not_picked":["JustLucky","Protect"],"picked":"SashWhip","floor":6.0},{"not_picked":["FearNoEvil","Sanctity"],"picked":"Evaluate","floor":8.0},{"not_picked":["Halt","Wallop"],"picked":"ClearTheMind","floor":10.0},{"not_picked":["CrushJoints","Vengeance"],"picked":"CutThroughFate","floor":11.0},{"not_picked":["CrushJoints","ThirdEye"],"picked":"Evaluate","floor":13.0},{"not_picked":["Ragnarok","Vault"],"picked":"DeusExMachina","floor":16.0},{"not_picked":["CrushJoints","BowlingBash"],"picked":"Crescendo","floor":18.0},{"not_picked":["WaveOfTheHand","CutThroughFate"],"picked":"ClearTheMind","floor":20},{"not_picked":["CrushJoints","Worship"],"picked":"Crescendo+1","floor":21},{"not_picked":["SignatureMove+1","Establishment","Conclude"],"picked":"SKIP","floor":22}],"player_experience":14167,"relics_obtained":[{"floor":6.0,"key":"HornCleat"},{"floor":11.0,"key":"Ginger"},{"floor":20,"key":"Red Mask"}],"event_choices":[{"damage_healed":0.0,"max_hp_gain":0.0,"max_hp_loss":0.0,"gold_gain":0.0,"event_name":"Match and Keep!","player_choice":"2 cards matched","floor":2.0,"gold_loss":0.0,"damage_taken":0.0,"cards_obtained":["Crescendo","MasterReality"]},{"damage_healed":0.0,"max_hp_gain":0.0,"max_hp_loss":0.0,"gold_gain":0.0,"event_name":"Match and Keep!","player_choice":"2 cards matched","floor":2.0,"gold_loss":0.0,"damage_taken":0.0,"cards_obtained":["Crescendo","MasterReality"]},{"damage_healed":0.0,"max_hp_gain":0.0,"max_hp_loss":0.0,"gold_gain":0.0,"cards_transformed":["Strike_P"],"event_name":"Transmorgrifier","player_choice":"Transformed","floor":14.0,"gold_loss":0.0,"damage_taken":0.0,"cards_obtained":["Study"]},{"cards_removed":["Defend_P"],"damage_healed":0.0,"max_hp_gain":0.0,"max_hp_loss":0.0,"gold_gain":0.0,"event_name":"Beggar","player_choice":"Gave Gold","floor":19.0,"gold_loss":75.0,"damage_taken":0.0},{"damage_healed":0,"gold_gain":0,"player_choice":"Fought Bandits","damage_taken":0,"max_hp_gain":0,"max_hp_loss":0,"event_name":"Masked Bandits","floor":20,"gold_loss":0}],"is_beta":false,"boss_relics":[{"not_picked":["Busted Crown","Cursed Key"],"picked":"SlaversCollar"}],"items_purged_floors":[],"is_endless":false,"potions_floor_spawned":[1,5,11,13,16,20,22],"killed_by":"Book of Stabbing","ascension_level":0}}