{"host":"wmojtwekh6s3tor5","time":1613405666,"event":{"mods":["BaseMod","Colored Map","Colored Powertips","DeckTracker","Highlight Path","Minty Spire (QoL Compilation)","StSLib"],"gold_per_floor":[109,109,109,109,127,127,302,302,302,56,89,152,171,199,199,199,199],"floor_reached":16,"language":"ZHS","playtime":810,"items_purged":["Doubt"],"score":138,"play_id":"c9954775-3a3f-4128-8706-5e904c29db27","local_time":"20210216001426","is_ascension_mode":true,"campfire_choices":[{"floor":6.0,"key":"REST"},{"floor":8.0,"key":"REST"},{"floor":15,"key":"REST"}],"circlet_count":0,"master_deck":["Strike_R+1","Strike_R","Strike_R","Strike_R","Strike_R","Defend_R+1","Defend_R","Defend_R+1","Defend_R","Bash","Headbutt+1","Iron Wave","Mayhem"],"relics":["Burning Blood","Paper Frog","Lantern","War Paint","Tiny Chest","Pocketwatch"],"acts_visited":["Exordium"],"potions_floor_usage":[],"damage_taken":[{"damage":7.0,"enemies":"2 Louse","floor":1.0,"turns":3.0},{"damage":5.0,"enemies":"Small Slimes","floor":5.0,"turns":3.0},{"damage":11.0,"enemies":"Gremlin Nob","floor":11.0,"turns":3.0},{"damage":15.0,"enemies":"Gremlin Nob","floor":12.0,"turns":4.0},{"damage":4.0,"enemies":"Jaw Worm","floor":13.0,"turns":2.0},{"damage":37,"enemies":"3 Sentries","floor":14,"turns":13},{"damage":44,"enemies":"Hexaghost","floor":16,"turns":11}],"seed_played":"-2306467064919741044","potions_obtained":[{"floor":11.0,"key":"Block Potion"}],"is_trial":false,"path_per_floor":["M","?","?","$","M","R","?","R","T","$","E","?","M","E","R","B"],"character_chosen":"IRONCLAD","items_purchased":["Mayhem"],"campfire_rested":3,"item_purchase_floors":[10],"current_hp_per_floor":[71,29,13,13,14,38,38,62,62,62,57,48,50,19,43,0,0],"gold":199,"neow_bonus":"THREE_CARDS","is_daily":false,"chose_seed":false,"campfire_upgraded":0,"win_rate":0.0,"timestamp":1613405666,"path_taken":["M","?","?","?","M","R","?","R","T","$","E","?","M","E","R","BOSS"],"items_purchased_type":["Card"],"build_version":"2020-12-22","purchased_purges":1,"victory":false,"max_hp_per_floor":[80,80,80,80,80,80,80,80,80,80,80,80,80,80,80,80,80],"card_choices":[{"not_picked":["True Grit","Intimidate"],"picked":"Headbutt","floor":0.0},{"not_picked":["Seeing Red","Ghostly Armor"],"picked":"Iron Wave","floor":1.0},{"not_picked":["Sentinel","Heavy Blade","Dual Wield"],"picked":"SKIP","floor":5.0},{"not_picked":["Feel No Pain","Seeing Red","Twin Strike"],"picked":"SKIP","floor":11.0},{"not_picked":["Wild Strike","Body Slam","Anger"],"picked":"SKIP","floor":13.0},{"not_picked":["Whirlwind","Anger","Seeing Red"],"picked":"SKIP","floor":14}],"player_experience":623615,"relics_obtained":[{"floor":9.0,"key":"Lantern"},{"floor":11.0,"key":"War Paint"},{"floor":14,"key":"Pocketwatch"}],"event_choices":[{"damage_healed":0.0,"max_hp_gain":0.0,"max_hp_loss":0.0,"gold_gain":0.0,"event_name":"Scrap Ooze","player_choice":"Success","floor":2.0,"gold_loss":0.0,"damage_taken":42.0,"relics_obtained":["Paper Frog"]},{"damage_healed":0.0,"max_hp_gain":0.0,"max_hp_loss":0.0,"gold_gain":0.0,"event_name":"Shining Light","player_choice":"Entered Light","floor":3.0,"gold_loss":0.0,"damage_taken":16.0,"cards_upgraded":["Strike_R","Headbutt"]},{"damage_healed":0.0,"max_hp_gain":0.0,"max_hp_loss":0.0,"gold_gain":175.0,"event_name":"Liars Game","player_choice":"AGREE","floor":7.0,"gold_loss":0.0,"damage_taken":0.0,"cards_obtained":["Doubt"]},{"damage_healed":0.0,"max_hp_gain":0.0,"max_hp_loss":0.0,"gold_gain":30.0,"event_name":"Dead Adventurer","player_choice":"Searched \u00273\u0027 times","floor":12.0,"gold_loss":0.0,"damage_taken":0.0,"relics_obtained":["Tiny Chest"]}],"is_beta":false,"boss_relics":[],"items_purged_floors":[10],"is_endless":false,"potions_floor_spawned":[11],"killed_by":"Hexaghost","ascension_level":6}}