{"host":"3498uni0c31c9bdm","time":1613412561,"event":{"mods":["BaseMod","Better Match","Better Note","Better Sensory Stone","Better Skull","Better Third Choice","Colored Map","Minty Spire (QoL Compilation)","Quick Restart","RNG Fix","Random Character Button","Replay The Spire","Shop Mod","Smile Girya","StSLib","Unceasing Turn Reminder"],"gold_per_floor":[113,126,138,205,219,250,250,280,280,380,380,395,395,48,48,149,149,165,165,165,165,211,211,245,245,245,245,270,270,300,344,344,458,458,484,557,566,590,590,590,631,664,715,937,971,971,980,448,448,448,448,448,55,90,90,90],"floor_reached":55,"language":"ENG","playtime":2419,"items_purged":["True Grit"],"score":1364,"play_id":"89aa1bcd-b1c4-4069-b3e7-2b73a9807c04","local_time":"20210216050921","is_ascension_mode":true,"campfire_choices":[{"floor":7,"key":"REST"},{"floor":13,"key":"RECALL"},{"data":"Armaments","floor":15,"key":"SMITH"},{"floor":23,"key":"REST"},{"data":"Dual Wield","floor":27,"key":"SMITH"},{"data":"Intimidate","floor":29,"key":"SMITH"},{"floor":32,"key":"REST"},{"floor":46,"key":"REST"}],"circlet_count":0,"master_deck":["AscendersBane","Strike_R","Strike_R","Strike_R","Strike_R","Strike_R","Defend_R","Defend_R+1","Defend_R","Defend_R+1","Bash","Sword Boomerang","Clothesline","Perfected Strike","Dropkick","Twin Strike","Dual Wield+1","Intimidate+1","Armaments+1","Immolate","Dropkick","Overencumbered","Heavy Blade","Metallicize+1","Cleave","Body Slam","Demon Form","Cleave+1","ReplayTheSpireMod:Splinters","Fire Breathing","Demon Form","Rupture+1","Evolve+1","Thunderclap+1","Disarm","ReplayTheSpireMod:Stacked","Writhe","Armaments","Rupture+1","Replay:Many Hands","Replay:Many Hands","Body Slam","Sword Boomerang","Flash of Steel","Entrench"],"relics":["Burning Blood","Juzu Bracelet","MealTicket","InkBottle","Replay:Accelerometer","Ring of Panic","Ring of Fury","Blue Doll","ClockworkSouvenir","Black Star","HornCleat","Potion Belt","Akabeko","Paper Frog","Darkstone Periapt","Eternal Feather","Tiny Chest","Red Mask","CeramicFish","Fusion Hammer","Replay:Ringing Soul","Chameleon Ring","FossilizedHelix","ReplayFunnel","Centennial Puzzle","PreservedInsect","ReplayTheSpireMod:TigerMarble","MerchantsRug","BargainBundle","Letter Opener","ReplayTheSpireMod:Shallot","Replay:Bottled Flurry"],"acts_visited":["Exordium","TheCity","TheBeyond","TheEnding"],"potions_floor_usage":[5,8,24,28,33,41,45,45,48,50,50,55,55,55],"damage_taken":[{"damage":7,"enemies":"2 Louse","floor":1,"turns":3},{"damage":12,"enemies":"Small Slimes","floor":2,"turns":3},{"damage":6,"enemies":"Cultist","floor":3,"turns":3},{"damage":16,"enemies":"Lots of Slimes","floor":5,"turns":5},{"damage":82,"enemies":"Lagavulin","floor":6,"turns":10},{"damage":13,"enemies":"Gremlin Nob","floor":8,"turns":3},{"damage":0,"enemies":"3 Louse","floor":12,"turns":2},{"damage":53,"enemies":"Fading Forest","floor":16,"turns":11},{"damage":26,"enemies":"2 Thieves","floor":18,"turns":5},{"damage":0,"enemies":"Gremlin Leader","floor":24,"turns":6},{"damage":15,"enemies":"Slavers","floor":28,"turns":3},{"damage":20,"enemies":"Masked Bandits","floor":30,"turns":4},{"damage":30,"enemies":"Gremlin Leader","floor":31,"turns":7},{"damage":46,"enemies":"Collector","floor":33,"turns":7},{"damage":24,"enemies":"3 Darklings","floor":35,"turns":4},{"damage":3,"enemies":"Orb Walker","floor":38,"turns":3},{"damage":28,"enemies":"R_Hoarder","floor":41,"turns":8},{"damage":18,"enemies":"Sphere and 2 Shapes","floor":42,"turns":3},{"damage":23,"enemies":"Nemesis","floor":45,"turns":7},{"damage":74,"enemies":"Donu and Deca","floor":50,"turns":9},{"damage":72,"enemies":"Shield and Spear","floor":54,"turns":6},{"damage":106,"enemies":"The Heart","floor":55,"turns":8}],"seed_played":"-3217808873958982220","potions_obtained":[{"floor":2,"key":"FairyPotion"},{"floor":3,"key":"DuplicationPotion"},{"floor":6,"key":"Languid Potion"},{"floor":18,"key":"SteroidPotion"},{"floor":24,"key":"FearPotion"},{"floor":30,"key":"PowerPotion"},{"floor":36,"key":"Death Potion"},{"floor":38,"key":"Toxic Potion"},{"floor":40,"key":"Doom Potion"},{"floor":40,"key":"Weak Potion"},{"floor":42,"key":"SneckoOil"},{"floor":49,"key":"Ancient Potion"},{"floor":52,"key":"Flashbang"},{"floor":52,"key":"SpeedPotion"},{"floor":54,"key":"Doom Potion"}],"is_trial":false,"path_per_floor":["M","M","M","?","M","E","R","E","T","?","?","M","R","$","R","B",null,"M","?","?","?","T","R","E","?","T","R","E","R","?","E","R","B",null,"M","?","?","M","T","R","E","M","T","?","E","R","?","$","R","B",null,"R","$","E","B"],"character_chosen":"IRONCLAD","items_purchased":["Armaments","Blue Doll","ClockworkSouvenir","PreservedInsect","ReplayTheSpireMod:TigerMarble","MerchantsRug","Armaments","Fruit Juice","BloodPotion","BargainBundle","Rupture+1","Replay:Many Hands","True Grit","Body Slam","Sword Boomerang","Flash of Steel","Letter Opener"],"campfire_rested":4,"item_purchase_floors":[14,14,14,48,48,48,48,48,48,53,53,53,53,53,53,53,53],"current_hp_per_floor":[71,65,65,65,55,10,34,27,27,27,27,33,33,48,48,21,65,45,45,45,45,45,69,75,75,75,75,66,78,64,40,79,39,70,52,61,47,53,53,71,61,52,52,52,38,90,113,123,123,55,106,123,126,63,0,0],"gold":90,"neow_bonus":"RANDOM_COMMON_RELIC","is_daily":false,"chose_seed":false,"campfire_upgraded":3,"win_rate":0.0,"timestamp":1613412561,"path_taken":["M","M","M","?","M","E","R","E","T","?","?","M","R","$","R","BOSS","M","?","?","?","?","R","E","?","T","R","E","R","?","E","R","BOSS","M","?","?","M","?","R","E","M","T","?","E","R","?","$","R","BOSS","R","$","E","BOSS"],"items_purchased_type":["Card","Relic","Relic","Relic","Relic","Relic","Card","Potion","Potion","Relic","Card","Card","Card","Card","Card","Card","Relic"],"build_version":"2020-12-22","purchased_purges":1,"victory":false,"max_hp_per_floor":[80,80,80,80,80,80,80,80,80,80,80,80,80,80,80,80,80,80,80,80,80,80,80,80,80,80,80,80,80,80,80,80,80,80,80,89,92,95,95,95,98,101,101,101,104,104,113,123,123,123,123,123,126,129,129,129],"card_choices":[{"not_picked":["Havoc","Reckless Charge"],"picked":"Sword Boomerang","floor":1},{"not_picked":["Shrug It Off","Wild Strike"],"picked":"Clothesline","floor":2},{"not_picked":["Double Tap","True Grit"],"picked":"Perfected Strike","floor":3},{"not_picked":["True Grit","Power Through"],"picked":"Dropkick","floor":5},{"not_picked":["Sword Boomerang","Anger"],"picked":"Twin Strike","floor":6},{"not_picked":["Body Slam","Sever Soul"],"picked":"Dual Wield","floor":8},{"not_picked":["Battle Trance","ReplayTheSpireMod:Strike From Hell"],"picked":"Intimidate","floor":12},{"not_picked":["Hemogenesis","Barricade"],"picked":"Immolate","floor":16},{"not_picked":["Seeing Red","Sword Boomerang"],"picked":"Dropkick","floor":18},{"not_picked":["Warcry","Flex"],"picked":"Heavy Blade","floor":24},{"not_picked":["Thunderclap","Headbutt"],"picked":"Metallicize+1","floor":28},{"not_picked":["Shrug It Off+1","Combust"],"picked":"Cleave","floor":30},{"not_picked":["Impervious","Thunderclap+1"],"picked":"Body Slam","floor":31},{"not_picked":["Demonic Infusion","Limit Break"],"picked":"Demon Form","floor":33},{"not_picked":["Combust+1","Clash"],"picked":"Cleave+1","floor":35},{"not_picked":["Heavy Blade+1","Anger+1"],"picked":"Fire Breathing","floor":36},{"not_picked":["Second Wind","Anger"],"picked":"Rupture+1","floor":38},{"not_picked":["Havoc","Reckless Charge"],"picked":"Evolve+1","floor":41},{"not_picked":["Iron Wave+1","Twin Strike+1"],"picked":"Thunderclap+1","floor":42},{"not_picked":["ReplayTheSpireMod:Strike From Hell+1","Shrug It Off"],"picked":"Disarm","floor":42},{"not_picked":["Warcry","Body Slam"],"picked":"ReplayTheSpireMod:Stacked","floor":45},{"not_picked":["Body Slam","Offering"],"picked":"Entrench","floor":54}],"player_experience":916929,"relics_obtained":[{"floor":6,"key":"MealTicket"},{"floor":8,"key":"InkBottle"},{"floor":9,"key":"Replay:Accelerometer"},{"floor":11,"key":"Ring of Panic"},{"floor":11,"key":"Ring of Fury"},{"floor":22,"key":"Potion Belt"},{"floor":24,"key":"Akabeko"},{"floor":24,"key":"Paper Frog"},{"floor":26,"key":"Darkstone Periapt"},{"floor":28,"key":"Eternal Feather"},{"floor":28,"key":"Tiny Chest"},{"floor":30,"key":"Red Mask"},{"floor":31,"key":"CeramicFish"},{"floor":31,"key":"War Paint"},{"floor":36,"key":"Replay:Ringing Soul"},{"floor":39,"key":"Chameleon Ring"},{"floor":41,"key":"FossilizedHelix"},{"floor":41,"key":"Prayer Wheel"},{"floor":45,"key":"ReplayFunnel"},{"floor":45,"key":"Centennial Puzzle"},{"floor":54,"key":"ReplayTheSpireMod:Shallot"},{"floor":54,"key":"Replay:Bottled Flurry"}],"event_choices":[{"damage_healed":0,"gold_gain":67,"player_choice":"Gained Gold","damage_taken":0,"max_hp_gain":0,"max_hp_loss":0,"event_name":"Golden Wing","floor":4,"gold_loss":0},{"damage_healed":0,"gold_gain":100,"player_choice":"Gold","damage_taken":0,"max_hp_gain":0,"max_hp_loss":0,"event_name":"Wheel of Change","floor":10,"gold_loss":0},{"damage_healed":0,"gold_gain":0,"player_choice":"Ignored","damage_taken":0,"max_hp_gain":0,"max_hp_loss":0,"event_name":"Ghosts","floor":19,"gold_loss":0},{"cards_removed":["Amnesia"],"damage_healed":0,"gold_gain":0,"player_choice":"Card Removal","damage_taken":0,"max_hp_gain":0,"max_hp_loss":0,"event_name":"Wheel of Change","floor":21,"gold_loss":0},{"damage_healed":0,"gold_gain":0,"player_choice":"Ignored","damage_taken":0,"max_hp_gain":0,"max_hp_loss":0,"event_name":"Vampires","floor":25,"gold_loss":0},{"damage_healed":0,"gold_gain":0,"player_choice":"Fought Bandits","damage_taken":0,"max_hp_gain":0,"max_hp_loss":0,"event_name":"Masked Bandits","floor":30,"gold_loss":0},{"damage_healed":0,"gold_gain":3,"player_choice":"2","damage_taken":0,"max_hp_gain":0,"max_hp_loss":17,"event_name":"betterStone:BetterStone","floor":37,"gold_loss":0},{"damage_healed":0,"gold_gain":222,"player_choice":"Wore Mask","damage_taken":0,"max_hp_gain":0,"max_hp_loss":0,"event_name":"Tomb of Lord Red Mask","floor":44,"gold_loss":0},{"damage_healed":26,"gold_gain":0,"player_choice":"Writhe","damage_taken":0,"max_hp_gain":0,"max_hp_loss":0,"event_name":"Winding Halls","floor":47,"gold_loss":0,"cards_obtained":["Writhe"]}],"is_beta":false,"boss_relics":[{"not_picked":["Electric Blood","Velvet Choker"],"picked":"Black Star"},{"not_picked":["Black Blood","Runic Dome"],"picked":"Fusion Hammer"}],"items_purged_floors":[53],"is_endless":false,"potions_floor_spawned":[2,3,6,18,24,30,38,42,54],"killed_by":"The Heart","ascension_level":11}}