{"host":"l7l2v2zs4hqku4vk","time":1613392519,"event":{"mods":["Act Like it!","BaseMod","Colored Powertips","Downfall","Highlight Path","Minty Spire (QoL Compilation)","Replay The Spire","RumiaBox-露米娅的神秘盒子","StSLib","TestMod","The Servant 0.9.4","篝火指南"],"gold_per_floor":[99,99,99,99,115,140,140,155,165,165,191,204,204,30,40,136,136,136,150,250,260,260,311,311,336,354,111,111,135,160,297,322,427,427,427,427,447,461,486,486,486,512,553,570,970,859,895,895,921,921],"floor_reached":51,"language":"ZHS","playtime":3529,"items_purged":["hexamod:Strike","hexamod:RadiantFlame","hexamod:Strike"],"score":764,"play_id":"45b0312c-f27f-43e5-9ceb-4eb1e0034545","local_time":"20210215203519","is_ascension_mode":false,"campfire_choices":[{"data":"hexamod:Float","floor":1,"key":"SMITH"},{"floor":10,"key":"REST"},{"data":"hexamod:SpectersWail","floor":13,"key":"SMITH"},{"data":"hexamod:UnlimitedPower","floor":18,"key":"SMITH"},{"data":"hexamod:UnlimitedPower","floor":28,"key":"SMITH"},{"data":"hexamod:FastForward","floor":35,"key":"SMITH"},{"data":"hexamod:SpectralAdrenaline","floor":40,"key":"SMITH"}],"circlet_count":0,"master_deck":["hexamod:Strike","hexamod:Defend","hexamod:Defend","hexamod:Defend","hexamod:Defend","hexamod:Sear","hexamod:Float+1","hexamod:SpectersWail+1","hexamod:HauntingEcho","hexamod:AdvancingGuard","hexamod:SkipABeat","hexamod:ExtraCrispy","hexamod:ForkedFlame","hexamod:StepThrough","hexamod:ForkedFlame","hexamod:GhostOfSpirePresent","hexamod:UnlimitedPower+1","hexamod:FourthSeal","hexamod:SecondSeal","hexamod:FastForward+1","hexamod:UnlimitedPower+1","hexamod:FirstSeal","hexamod:TimeWarp","hexamod:SearingWound","hexamod:SpectralAdrenaline+1","hexamod:RetreatToShadows+1","Deep Breath","hexamod:HexaLevel"],"relics":["hexamod:SpiritBrand","testmod-TestBox","testmod-IntensifyImprint","Toy Ornithopter","LastBattle","testmod-DragonStarHat","hexamod:IceCube","ZombieArmy","Quantum Egg","Bag of Preparation","Membership Card","testmod-TimeTraveler","Pantograph","testmod-OneHitWonder","Art of War"],"acts_visited":["Exordium","TheCity","TheBeyond"],"potions_floor_usage":[25,27,29,30,33,33,33,43,47,47,50,50,50],"damage_taken":[{"damage":0,"enemies":"Cultist","floor":2,"turns":1},{"damage":0,"enemies":"Small Slimes","floor":3,"turns":1},{"damage":0,"enemies":"2 Louse","floor":4,"turns":1},{"damage":0,"enemies":"downfall:LooterAlt","floor":5,"turns":3},{"damage":16,"enemies":"Lagavulin","floor":6,"turns":6},{"damage":6,"enemies":"Exordium Wildlife","floor":8,"turns":4},{"damage":3,"enemies":"Red Slaver","floor":9,"turns":3},{"damage":12,"enemies":"3 Sentries","floor":11,"turns":5},{"damage":0,"enemies":"Gremlin Gang","floor":12,"turns":4},{"damage":0,"enemies":"downfall:FleeingMerchant","floor":14,"turns":4},{"damage":0,"enemies":"Exordium Thugs","floor":15,"turns":3},{"damage":48,"enemies":"DF_ARCHETYPE_STREAMLINE","floor":16,"turns":7},{"damage":6,"enemies":"Shell Parasite","floor":19,"turns":4},{"damage":0,"enemies":"Spheric Guardian","floor":21,"turns":3},{"damage":17,"enemies":"Replay:Snechameleon","floor":25,"turns":4},{"damage":10,"enemies":"Snake Plant","floor":26,"turns":3},{"damage":5,"enemies":"downfall:FleeingMerchant","floor":27,"turns":4},{"damage":0,"enemies":"Chosen and Byrds","floor":29,"turns":4},{"damage":22,"enemies":"Shelled Parasite and Fungi","floor":30,"turns":4},{"damage":3,"enemies":"downfall:FleeingMerchant","floor":31,"turns":4},{"damage":7,"enemies":"Centurion and Healer","floor":32,"turns":5},{"damage":58,"enemies":"SI_MIRROR_ARCHETYPE","floor":33,"turns":11},{"damage":0,"enemies":"Orb Walker","floor":37,"turns":1},{"damage":0,"enemies":"3 Shapes","floor":38,"turns":2},{"damage":23,"enemies":"3 Darklings","floor":39,"turns":4},{"damage":14,"enemies":"Maw","floor":42,"turns":5},{"damage":40,"enemies":"Giant Head","floor":43,"turns":7},{"damage":11,"enemies":"4 Shapes","floor":44,"turns":3},{"damage":0,"enemies":"Nemesis","floor":47,"turns":3},{"damage":10,"enemies":"Transient","floor":49,"turns":5},{"damage":63,"enemies":"WA_ARCHETYPE_DIVINITY","floor":50,"turns":6}],"seed_played":"-3980402238963637541","potions_obtained":[{"floor":5,"key":"PowerPotion"},{"floor":6,"key":"Doom Potion"},{"floor":8,"key":"SkillPotion"},{"floor":9,"key":"SkillPotion"},{"floor":26,"key":"DistilledChaos"},{"floor":29,"key":"PowerPotion"},{"floor":29,"key":"Weak Potion"},{"floor":30,"key":"FairyPotion"},{"floor":31,"key":"Cursed Concoction"},{"floor":32,"key":"BlessingOfTheForge"},{"floor":33,"key":"Fire Potion"},{"floor":38,"key":"bronze:BurnAndBuffPotion"},{"floor":42,"key":"EssenceOfSteel"},{"floor":42,"key":"FearPotion"},{"floor":43,"key":"EssenceOfSteel"},{"floor":47,"key":"DuplicationPotion"},{"floor":49,"key":"Doom Potion"},{"floor":49,"key":"Fire Potion"}],"is_trial":false,"path_per_floor":["R","M","M","M","M","E","T","M","M","R","E","M","R","$","M","B",null,"R","M","?","M","?","?","T","E","M","$","R","M","M","$","M","B",null,"R","?","M","M","M","R","T","M","E","M","?","$","E","?","M","B",null],"character_chosen":"THE_SPIRIT","items_purchased":["hexamod:ForkedFlame","hexamod:FirstSeal","testmod-SpacePotion","Membership Card","Deep Breath"],"campfire_rested":1,"item_purchase_floors":[14,27,27,31,46],"current_hp_per_floor":[70,70,70,70,70,54,54,48,45,66,54,54,54,54,54,6,70,70,64,64,64,64,64,64,52,42,42,42,54,37,41,41,28,70,70,70,70,70,54,54,54,47,19,15,15,15,32,32,29,13],"gold":921,"neow_bonus":"THREE_ENEMY_KILL","is_daily":false,"chose_seed":false,"campfire_upgraded":6,"win_rate":0.0,"timestamp":1613392519,"path_taken":["R","M","?","M","M","E","T","M","M","R","E","?","R","$","M","BOSS","R","M","?","?","?","?","T","E","M","$","R","?","?","?","M","BOSS","R","?","?","M","M","R","T","M","E","M","?","$","E","?","M","BOSS"],"items_purchased_type":["Card","Card","Potion","Relic","Card"],"build_version":"2020-12-22","purchased_purges":3,"victory":true,"max_hp_per_floor":[70,70,70,70,70,70,70,70,70,70,70,70,70,70,70,70,70,70,70,70,70,70,70,70,70,70,70,70,70,70,70,70,70,70,70,70,70,70,70,70,70,70,70,70,70,70,70,70,70,70],"card_choices":[{"not_picked":["hexamod:PhantomFireball","hexamod:ExtraCrispy"],"picked":"hexamod:SpectersWail","floor":2},{"not_picked":["hexamod:ThermalTransfer","hexamod:SwordOfDarkness"],"picked":"hexamod:RadiantFlame","floor":3},{"not_picked":["hexamod:InspiringFlames","hexamod:Firestarter"],"picked":"hexamod:HauntingEcho","floor":4},{"not_picked":["hexamod:Rewind","hexamod:HeatShield"],"picked":"hexamod:AdvancingGuard","floor":5},{"not_picked":["hexamod:SpectersWail","hexamod:AdvancingGuard","hexamod:DynamicBlow"],"picked":"SKIP","floor":6},{"not_picked":["hexamod:ShieldOfDarkness","hexamod:AdvancingGuard"],"picked":"hexamod:SkipABeat","floor":8},{"not_picked":["hexamod:GhostShield","hexamod:ShieldOfDarkness"],"picked":"hexamod:ExtraCrispy","floor":9},{"not_picked":["hexamod:AdvancingGuard","hexamod:HeatMetal"],"picked":"hexamod:ForkedFlame","floor":11},{"not_picked":["hexamod:SwordOfDarkness","hexamod:GhostLash"],"picked":"hexamod:StepThrough","floor":12},{"not_picked":["hexamod:BacktrackSmack","hexamod:EmpoweredFlame","hexamod:GhostLash"],"picked":"SKIP","floor":14},{"not_picked":["hexamod:GhostOfSpireFuture","hexamod:BacktrackSmack"],"picked":"hexamod:GhostOfSpirePresent","floor":15},{"not_picked":["hexamod:VolcanoVisage","hexamod:ForkedFlame"],"picked":"hexamod:UnlimitedPower","floor":16},{"not_picked":["hexamod:RadiantFlame","hexamod:HauntingEcho"],"picked":"hexamod:FourthSeal","floor":19},{"not_picked":["hexamod:SpectersWail","hexamod:ChargedBarrage+1","hexamod:BacktrackSmack"],"picked":"SKIP","floor":21},{"not_picked":["hexamod:ShieldOfDarkness","hexamod:Hexaguard"],"picked":"hexamod:SecondSeal","floor":25},{"not_picked":["hexamod:ThermalTransfer","hexamod:NecessarySacrifice+1"],"picked":"hexamod:FastForward","floor":26},{"not_picked":["hexamod:ShieldOfDarkness","hexamod:Rewind"],"picked":"hexamod:UnlimitedPower","floor":27},{"not_picked":["hexamod:AdvancingGuard","hexamod:HeatCrush","hexamod:SwordOfDarkness"],"picked":"SKIP","floor":29},{"not_picked":["hexamod:SkipABeat","hexamod:SwordOfDarkness","hexamod:GhostLash"],"picked":"SKIP","floor":30},{"not_picked":["hexamod:ParanormalForm","hexamod:SpectersWail","hexamod:HeatMetal+1"],"picked":"SKIP","floor":31},{"not_picked":["hexamod:AdvancingGuard","hexamod:ThermalTransfer","hexamod:RainOfEmbers"],"picked":"SKIP","floor":32},{"not_picked":["hexamod:SearingWound","hexamod:UnlimitedPower"],"picked":"hexamod:TimeWarp","floor":33},{"not_picked":["hexamod:HeatMetal+1","hexamod:ChargedBarrage","hexamod:GhostShield"],"picked":"SKIP","floor":37},{"not_picked":["hexamod:HauntingEcho","hexamod:SwordOfDarkness"],"picked":"hexamod:SpectralAdrenaline","floor":38},{"not_picked":["hexamod:ShieldOfDarkness","hexamod:Firestarter+1","hexamod:HauntingEcho"],"picked":"SKIP","floor":39},{"not_picked":["hexamod:GhostflameBarrier+1","hexamod:GhostShield","hexamod:SwordOfDarkness+1"],"picked":"SKIP","floor":42},{"not_picked":["hexamod:ShieldOfDarkness+1","hexamod:EtherealExpedition+1","hexamod:Firestarter"],"picked":"SKIP","floor":43},{"not_picked":["hexamod:NightmareGuise","hexamod:BurningTouch"],"picked":"hexamod:RetreatToShadows+1","floor":44},{"not_picked":["hexamod:SpectersWail","hexamod:GhostShield+1"],"picked":"hexamod:HexaLevel","floor":47},{"not_picked":["hexamod:BurningTouch","hexamod:SwordOfDarkness+1","hexamod:EtherealExpedition"],"picked":"SKIP","floor":49}],"player_experience":1803274,"relics_obtained":[{"floor":6,"key":"Toy Ornithopter"},{"floor":7,"key":"LastBattle"},{"floor":11,"key":"testmod-DragonStarHat"},{"floor":23,"key":"ZombieArmy"},{"floor":24,"key":"Quantum Egg"},{"floor":25,"key":"Bag of Preparation"},{"floor":41,"key":"Pantograph"},{"floor":43,"key":"testmod-OneHitWonder"},{"floor":47,"key":"Art of War"}],"event_choices":[{"damage_healed":0,"gold_gain":0,"player_choice":"Ignored","damage_taken":0,"max_hp_gain":0,"max_hp_loss":0,"event_name":"给自己的盒子","floor":22,"gold_loss":0},{"damage_healed":0,"gold_gain":400,"player_choice":"Sell","damage_taken":0,"max_hp_gain":0,"max_hp_loss":0,"event_name":"恩洛斯的盘子","floor":45,"relics_lost":["downfall:HeartsMalice"],"gold_loss":0}],"is_beta":false,"boss_relics":[{"not_picked":["Ring of Chaos","Painkiller Herb"],"picked":"hexamod:IceCube"},{"not_picked":["Abe\u0027s Treasure","testmod-StringDisintegrator"],"picked":"testmod-TimeTraveler"}],"items_purged_floors":[27,31,46],"is_endless":false,"potions_floor_spawned":[5,6,8,9,12,15,19,29,30,32,38,42,43,44,49],"ascension_level":0}}