{"host":"d52brwsy6af8zvaq","time":1613420947,"event":{"mods":["AchievementEnabler","BaseMod","Bestiary","Highlight Path","Minty Spire (QoL Compilation)","Quick Restart","Relic Stats","ojb\u0027s Better Paths Mod"],"gold_per_floor":[114,132,2,2,17,46,46,65,90,90,121,121,140,158,158,232,232,246,161,57,76,91,91,121,121,121,121,121,121],"floor_reached":28,"language":"ENG","playtime":883,"items_purged":["Strike_B"],"score":521,"play_id":"306d840f-08f5-4f73-ae11-b35896638604","local_time":"20210215132907","is_ascension_mode":true,"campfire_choices":[{"data":"Zap","floor":7.0,"key":"SMITH"},{"floor":10.0,"key":"REST"},{"data":"Dualcast","floor":15.0,"key":"SMITH"},{"floor":23.0,"key":"REST"},{"data":"Glacier","floor":25,"key":"SMITH"}],"circlet_count":0,"master_deck":["AscendersBane","Zap+1","Dualcast+1","Gash","Gash","Cold Snap","Ball Lightning","Ball Lightning","Loop","Gash","BootSequence","Seek","Skim","Echo Form","Scrape","Storm","Static Discharge","Biased Cognition","Creative AI","Turbo","Glacier+1","Gash","Coolheaded+1","Gash+1","Steam+1"],"relics":["Cracked Core","Boot","Oddly Smooth Stone","Centennial Puzzle","StoneCalendar","Pandora\u0027s Box","Incense Burner","Ice Cream","Prayer Wheel"],"acts_visited":["Exordium","TheCity"],"potions_floor_usage":[24],"damage_taken":[{"damage":1.0,"enemies":"2 Louse","floor":1.0,"turns":3.0},{"damage":2.0,"enemies":"Jaw Worm","floor":2.0,"turns":3.0},{"damage":6.0,"enemies":"Small Slimes","floor":5.0,"turns":3.0},{"damage":24.0,"enemies":"Lagavulin","floor":6.0,"turns":6.0},{"damage":13.0,"enemies":"Exordium Thugs","floor":8.0,"turns":3.0},{"damage":8.0,"enemies":"Gremlin Nob","floor":11.0,"turns":3.0},{"damage":2.0,"enemies":"3 Louse","floor":13.0,"turns":3.0},{"damage":0.0,"enemies":"Exordium Wildlife","floor":14.0,"turns":2.0},{"damage":22.0,"enemies":"Hexaghost","floor":16.0,"turns":7.0},{"damage":26.0,"enemies":"2 Thieves","floor":18.0,"turns":3.0},{"damage":0.0,"enemies":"3 Byrds","floor":21.0,"turns":4.0},{"damage":11.0,"enemies":"Snake Plant","floor":22.0,"turns":4.0},{"damage":14,"enemies":"Book of Stabbing","floor":24,"turns":4},{"damage":35,"enemies":"Slavers","floor":28,"turns":2}],"seed_played":"7894945908481559667","potions_obtained":[{"floor":8.0,"key":"Swift Potion"},{"floor":13.0,"key":"GamblersBrew"},{"floor":16.0,"key":"FearPotion"},{"floor":21.0,"key":"Strength Potion"},{"floor":27,"key":"Dexterity Potion"}],"is_trial":false,"path_per_floor":["M","M","$","?","M","E","R","M","T","R","E","T","M","M","R","B",null,"M","?","$","M","M","R","E","R","T","?","E"],"character_chosen":"DEFECT","items_purchased":["Cold Snap","Glacier","Gash"],"campfire_rested":2,"item_purchase_floors":[3,20,20],"current_hp_per_floor":[70,68,68,68,62,38,38,25,25,48,40,40,38,38,38,16,63,37,37,37,37,26,49,35,35,35,35,0,0],"gold":121,"neow_bonus":"TEN_PERCENT_HP_BONUS","is_daily":false,"chose_seed":false,"campfire_upgraded":3,"win_rate":0.0,"timestamp":1613420947,"path_taken":["M","M","$","?","M","E","R","M","T","R","E","?","M","M","R","BOSS","M","?","$","M","M","R","E","R","T","?","E"],"items_purchased_type":["Card","Card","Card"],"build_version":"2020-12-22","purchased_purges":1,"victory":false,"max_hp_per_floor":[78,78,78,78,78,78,78,78,78,78,78,78,78,78,78,78,78,78,78,78,78,78,78,78,78,78,78,78,78],"relic_stats":{"Centennial Puzzle":[18],"counters":[14,49],"StoneCalendar":[26],"Pandora\u0027s Box":["Skim","Echo Form","Scrape","Storm","Static Discharge","Biased Cognition","Creative AI"],"Prayer Wheel":0,"Boot":[34],"obtain_stats":[{"Ice Cream":24,"Centennial Puzzle":11,"Oddly Smooth Stone":9,"StoneCalendar":12,"Pandora\u0027s Box":17,"Prayer Wheel":26,"Incense Burner":19,"Cracked Core":0,"Boot":6},{"Ice Cream":13,"Centennial Puzzle":6,"Oddly Smooth Stone":5,"StoneCalendar":6,"Pandora\u0027s Box":9,"Prayer Wheel":13,"Incense Burner":10,"Cracked Core":0,"Boot":4},{"Ice Cream":47,"Centennial Puzzle":21,"Oddly Smooth Stone":18,"StoneCalendar":21,"Pandora\u0027s Box":33,"Prayer Wheel":47,"Incense Burner":36,"Cracked Core":0,"Boot":15}]},"card_choices":[{"not_picked":["Barrage","Conserve Battery"],"picked":"Gash","floor":1.0},{"not_picked":["Heatsinks","Leap"],"picked":"Gash","floor":2.0},{"not_picked":["Hologram","Chaos"],"picked":"Ball Lightning","floor":5.0},{"not_picked":["Skim","Redo"],"picked":"Ball Lightning","floor":6.0},{"not_picked":["Redo","Tempest","Heatsinks"],"picked":"SKIP","floor":8.0},{"not_picked":["Ball Lightning","Thunder Strike"],"picked":"Loop","floor":11.0},{"not_picked":["Compile Driver","Redo"],"picked":"Gash","floor":13.0},{"not_picked":["Coolheaded","Compile Driver"],"picked":"BootSequence","floor":14.0},{"not_picked":["Core Surge","Machine Learning"],"picked":"Seek","floor":16.0},{"not_picked":["FTL","Barrage"],"picked":"Turbo","floor":18.0},{"not_picked":["Go for the Eyes","Rebound"],"picked":"Coolheaded+1","floor":21.0},{"not_picked":["Beam Cell","White Noise+1"],"picked":"Gash+1","floor":22.0},{"not_picked":["Rip and Tear","Chaos"],"picked":"Steam+1","floor":24}],"player_experience":2276233,"relics_obtained":[{"floor":6.0,"key":"Boot"},{"floor":9.0,"key":"Oddly Smooth Stone"},{"floor":11.0,"key":"Centennial Puzzle"},{"floor":12.0,"key":"StoneCalendar"},{"floor":24,"key":"Ice Cream"},{"floor":26,"key":"Prayer Wheel"}],"event_choices":[{"damage_healed":0.0,"max_hp_gain":0.0,"max_hp_loss":0.0,"gold_gain":0.0,"event_name":"Golden Wing","player_choice":"Ignored","floor":4.0,"gold_loss":0.0,"damage_taken":0.0},{"damage_healed":0.0,"max_hp_gain":0.0,"max_hp_loss":0.0,"gold_gain":0.0,"event_name":"Addict","player_choice":"Obtained Relic","floor":19.0,"gold_loss":85.0,"damage_taken":0.0,"relics_obtained":["Incense Burner"]},{"damage_healed":0,"gold_gain":0,"player_choice":"Got Potions","damage_taken":0,"max_hp_gain":0,"max_hp_loss":0,"event_name":"Lab","floor":27,"gold_loss":0}],"is_beta":false,"boss_relics":[{"not_picked":["Busted Crown","Velvet Choker"],"picked":"Pandora\u0027s Box"}],"items_purged_floors":[3],"is_endless":false,"potions_floor_spawned":[8,13,14,16,21],"killed_by":"Slavers","ascension_level":20}}