{"host":"64qzurqwi0x0qgxo","time":1613361717,"event":{"mods":["ATMod(°¢èªMod)","Act Like it!","BaseMod","Colored Map","Colored Powertips","Downfall","Googly Eyes","Keyboard Shortcuts","Minty Spire (QoL Compilation)","MostiFishMod","Rare Cards Sparkle","Relic Stats","Replay The Spire","StSLib","The Poker Player","noobMod"],"gold_per_floor":[99,109,128,190,206,238,238,238,238,31,63,81,81,81,99,201,201,201,214,214,214,270,283,307,307,318,337,371,371,387,399,410,511,511,511,524,536,586,586,618,618,718,735,750,825,346,363,383,397,367],"floor_reached":51,"language":"ZHS","playtime":2304,"items_purged":["bronze:Defend","bronze:Defend"],"score":1061,"play_id":"8698834d-fa59-42a4-a78e-6be27461104e","local_time":"20210215120157","is_ascension_mode":false,"campfire_choices":[{"data":"AT_FocusSwordFire","floor":1,"key":"SMITH"},{"data":"bronze:Goto","floor":8,"key":"SMITH"},{"data":"bronze:RecursiveStrike","floor":13,"key":"SMITH"},{"data":"bronze:RecursiveStrike","floor":18,"key":"SMITH"},{"data":"bronze:MaxOutput","floor":29,"key":"SMITH"},{"data":"bronze:BuggyMess","floor":35,"key":"SMITH"}],"circlet_count":0,"master_deck":["bronze:Strike","bronze:Strike","bronze:Strike","bronze:Strike","bronze:Defend","bronze:Replicate","bronze:Goto+1","AT_FocusSwordFire+1","bronze:FineTuning","bronze:Backtrace","bronze:OilSpill","bronze:ChosenStrike","bronze:OilSpill","bronze:RecursiveStrike+1","bronze:DelayedSlice","bronze:Invalidate","bronze:WhirlingStrike","bronze:DigitalCarnage","bronze:BronzeOrb","bronze:RecursiveStrike+1","bronze:BugBarrage+1","bronze:ChildClass","bronze:WhirlingStrike","bronze:ClassDefault+1","bronze:BugBarrage","bronze:BuggyMess+1","MostiFishMod:StoryBook","bronze:WhirlingStrike","bronze:WildBeam+1","bronze:MaxOutput+1","bronze:OilSpill","bronze:DarkDash","bronze:ChosenStrike","bronze:Break+1","bronze:Iterate+1","bronze:BuggyMess+1","bronze:DelayedSlice+1","bronze:Flail+1","downfall:Haunted","downfall:Haunted","ReplayTheSpireMod:Faulty Equipment","bronze:AlphaBuild+1","Writhe","Doubt","bronze:FineTuning+1","bronze:Mutator+1","bronze:ThunderWave+1","bronze:Iterate+1","bronze:MaxOutput+1","bronze:Format+1","bronze:Iterate+1","bronze:Turbo+1","bronze:Format+1","bronze:WildBeam+1","bronze:Optimize+1","bronze:ForLoop+1","bronze:OilSpill+1","Parasite","bronze:WhirlingStrike+1"],"relics":["bronze:BronzeCore","DaveBox","ice","AT_ATBox","SynthV","HollowDreamFlower","bronze:CableSpool","AT_ArcaneBoots","AT_TrinityForce","downfall:RedIOU","PreservedInsect","AT_RedTearstoneRing","Membership Card","Golden Egg","ChiXiaoBlade","Unceasing Top","Iron Hammer","Bag of Preparation","Pear","Darkstone Periapt","Incense Burner","Orrery"],"acts_visited":["Exordium","TheCity","TheBeyond"],"potions_floor_usage":[],"damage_taken":[{"damage":6,"enemies":"Small Slimes","floor":2,"turns":3},{"damage":8,"enemies":"Jaw Worm","floor":3,"turns":4},{"damage":32,"enemies":"Lagavulin Event","floor":4,"turns":5},{"damage":9,"enemies":"2 Louse","floor":5,"turns":2},{"damage":10,"enemies":"Gremlin Nob","floor":6,"turns":3},{"damage":7,"enemies":"downfall:FleeingMerchant","floor":10,"turns":4},{"damage":10,"enemies":"Lagavulin","floor":11,"turns":3},{"damage":0,"enemies":"Large Slime","floor":12,"turns":1},{"damage":0,"enemies":"Blue Slaver","floor":15,"turns":1},{"damage":0,"enemies":"SI_SHIV_ARCHETYPE","floor":16,"turns":3},{"damage":0,"enemies":"Chosen","floor":19,"turns":2},{"damage":0,"enemies":"Shell Parasite","floor":23,"turns":2},{"damage":16,"enemies":"downfall:FleeingMerchant","floor":26,"turns":4},{"damage":0,"enemies":"Centurion and Healer","floor":27,"turns":2},{"damage":0,"enemies":"Replay:Snechameleon","floor":28,"turns":1},{"damage":0,"enemies":"Snecko","floor":30,"turns":2},{"damage":0,"enemies":"3 Cultists","floor":31,"turns":1},{"damage":0,"enemies":"Snake Plant","floor":32,"turns":2},{"damage":27,"enemies":"WA_ARCHETYPE_CALM","floor":33,"turns":4},{"damage":0,"enemies":"3 Darklings","floor":36,"turns":2},{"damage":0,"enemies":"Orb Walker","floor":37,"turns":1},{"damage":1,"enemies":"Orb Walker","floor":38,"turns":3},{"damage":4,"enemies":"Reptomancer","floor":40,"turns":2},{"damage":0,"enemies":"Spire Growth","floor":43,"turns":2},{"damage":14,"enemies":"Transient","floor":44,"turns":5},{"damage":0,"enemies":"Jaw Worm Horde","floor":47,"turns":2},{"damage":9,"enemies":"4 Shapes","floor":48,"turns":2},{"damage":8,"enemies":"Writhing Mass","floor":49,"turns":3},{"damage":53,"enemies":"IC_BLOCK_ARCHETYPE","floor":50,"turns":6}],"seed_played":"4871738141260231113","potions_obtained":[{"floor":4,"key":"bronze:CleanCodePotion"},{"floor":6,"key":"FairyPotion"},{"floor":11,"key":"Strength Potion"},{"floor":45,"key":"downfall:CursedFountainPotion"}],"is_trial":false,"path_per_floor":["R","M","M","?","M","E","T","R","?","$","E","M","R","?","M","B",null,"R","M","?","?","?","M","T","?","$","M","E","R","M","M","M","B",null,"R","M","M","?","?","E","T","?","M","M","?","$","M","M","M","B",null],"character_chosen":"THE_AUTOMATON","items_purchased":["AT_SpeedBoots","bronze:DelayedSlice","Membership Card","MostiFishMod:StoryBook","bronze:WhirlingStrike","bronze:ThunderWave","bronze:Iterate","bronze:MaxOutput","bronze:Format","Incense Burner","Orrery"],"campfire_rested":0,"item_purchase_floors":[10,10,26,26,26,46,46,46,46,46,46],"current_hp_per_floor":[77,71,63,35,30,24,24,24,24,21,15,19,19,19,23,27,77,77,77,77,77,47,51,51,51,39,43,47,47,51,55,59,37,77,77,77,77,76,76,73,83,118,122,108,122,122,122,113,115,66],"gold":367,"neow_bonus":"TEN_PERCENT_HP_BONUS","is_daily":false,"chose_seed":false,"campfire_upgraded":6,"win_rate":0.0,"timestamp":1613361717,"path_taken":["R","M","M","?","M","E","T","R","?","$","E","M","R","?","M","BOSS","R","M","?","?","?","M","T","?","$","M","E","R","M","M","M","BOSS","R","M","M","?","?","E","T","?","M","?","?","?","M","?","M","BOSS"],"items_purchased_type":["Relic","Card","Relic","Card","Card","Card","Card","Card","Card","Relic","Relic"],"build_version":"2020-12-22","purchased_purges":2,"victory":true,"max_hp_per_floor":[77,77,77,77,77,77,77,77,77,77,77,77,77,77,77,77,77,77,77,77,77,77,77,77,77,77,77,77,77,77,77,77,77,77,77,77,77,77,77,77,87,122,122,122,122,122,122,122,128,128],"relic_stats":{"Darkstone Periapt":36,"counters":[29,77],"PreservedInsect":94,"Bag of Preparation":[12],"obtain_stats":[{"Darkstone Periapt":42,"Golden Egg":28,"AT_RedTearstoneRing":24,"bronze:BronzeCore":0,"AT_ATBox":0,"Pear":41,"DaveBox":0,"SynthV":0,"PreservedInsect":22,"AT_ArcaneBoots":49,"ice":0,"Bag of Preparation":40,"Incense Burner":46,"bronze:CableSpool":6,"AT_SpeedBoots":10,"Replay:Baseball":11,"AT_TrinityForce":17,"ChiXiaoBlade":34,"Orrery":46,"downfall:RedIOU":20,"Iron Hammer":39,"Membership Card":26,"HollowDreamFlower":4,"Unceasing Top":38},{"Darkstone Periapt":23,"Golden Egg":15,"AT_RedTearstoneRing":12,"bronze:BronzeCore":0,"AT_ATBox":0,"Pear":23,"DaveBox":0,"SynthV":0,"PreservedInsect":11,"AT_ArcaneBoots":28,"ice":0,"Bag of Preparation":23,"Incense Burner":25,"bronze:CableSpool":5,"AT_SpeedBoots":6,"Replay:Baseball":7,"AT_TrinityForce":10,"ChiXiaoBlade":19,"Orrery":25,"downfall:RedIOU":11,"Iron Hammer":22,"Membership Card":13,"HollowDreamFlower":2,"Unceasing Top":22},{"Darkstone Periapt":57,"Golden Egg":40,"AT_RedTearstoneRing":33,"bronze:BronzeCore":0,"AT_ATBox":0,"Pear":57,"DaveBox":0,"SynthV":0,"PreservedInsect":31,"AT_ArcaneBoots":71,"ice":0,"Bag of Preparation":57,"Incense Burner":64,"bronze:CableSpool":17,"AT_SpeedBoots":21,"Replay:Baseball":24,"AT_TrinityForce":29,"ChiXiaoBlade":49,"Orrery":64,"downfall:RedIOU":31,"Iron Hammer":55,"Membership Card":37,"HollowDreamFlower":7,"Unceasing Top":55}],"Unceasing Top":[1]},"card_choices":[{"not_picked":["bronze:Safeguard","bronze:Shield"],"picked":"bronze:FineTuning","floor":2},{"not_picked":["bronze:Boost","bronze:Frontload"],"picked":"bronze:Backtrace","floor":3},{"not_picked":["bronze:BugBarrage","bronze:Shield"],"picked":"bronze:OilSpill","floor":4},{"not_picked":["bronze:DelayedGuard","bronze:Branch"],"picked":"bronze:ChosenStrike","floor":5},{"not_picked":["bronze:Repulsor","bronze:CutThrough"],"picked":"bronze:OilSpill","floor":6},{"not_picked":["bronze:BitShift","bronze:Deprecate"],"picked":"bronze:RecursiveStrike","floor":10},{"not_picked":["bronze:ForceShield","bronze:CloningBeam"],"picked":"bronze:Invalidate","floor":11},{"not_picked":["bronze:Overheat","bronze:FineTuning"],"picked":"bronze:WhirlingStrike","floor":12},{"not_picked":["bronze:DigitalCarnage","bronze:Overheat"],"picked":"bronze:BronzeOrb","floor":15},{"not_picked":["bronze:HardenedForm","bronze:Format"],"picked":"bronze:RecursiveStrike","floor":16},{"not_picked":["bronze:BitShift","bronze:Overload"],"picked":"bronze:BugBarrage+1","floor":19},{"not_picked":["bronze:ItsAFeature","bronze:Invalidate"],"picked":"bronze:ChildClass","floor":22},{"not_picked":["bronze:FollowUp","bronze:Fortify"],"picked":"bronze:WhirlingStrike","floor":22},{"not_picked":["bronze:Flail","bronze:Safeguard"],"picked":"bronze:ClassDefault+1","floor":23},{"not_picked":["bronze:WildBeam","bronze:Invalidate"],"picked":"bronze:BuggyMess","floor":26},{"not_picked":["bronze:CutThrough","bronze:Overheat+1"],"picked":"bronze:WildBeam+1","floor":27},{"not_picked":["bronze:Branch+1","bronze:Shell"],"picked":"bronze:MaxOutput","floor":28},{"not_picked":["bronze:Overheat","bronze:BronzeOrb"],"picked":"bronze:OilSpill","floor":30},{"not_picked":["bronze:Shield","bronze:WhirlingStrike"],"picked":"bronze:DarkDash","floor":31},{"not_picked":["bronze:DelayedGuard+1","bronze:DarkDash"],"picked":"bronze:ChosenStrike","floor":32},{"not_picked":["bronze:HyperBeam","bronze:AlphaBuild"],"picked":"bronze:Break","floor":33},{"not_picked":["bronze:BitShift+1","bronze:BronzeOrb"],"picked":"bronze:Iterate+1","floor":36},{"not_picked":["bronze:Optimize","bronze:Shield+1"],"picked":"bronze:BuggyMess+1","floor":37},{"not_picked":["bronze:OilSpill+1","bronze:Format"],"picked":"bronze:DelayedSlice+1","floor":38},{"not_picked":["bronze:Safeguard","bronze:Invalidate+1"],"picked":"bronze:Flail+1","floor":40},{"not_picked":["bronze:NullPointer","bronze:Deprecate+1"],"picked":"bronze:FineTuning+1","floor":43},{"not_picked":["bronze:Invalidate+1","bronze:ClassDefault"],"picked":"bronze:Mutator","floor":44},{"not_picked":["bronze:DelayedGuard+1","bronze:Frontload"],"picked":"bronze:Iterate+1","floor":46},{"not_picked":["bronze:DelayedSlice+1","bronze:Deprecate"],"picked":"bronze:Turbo+1","floor":46},{"not_picked":["bronze:Branch+1","bronze:Frontload+1"],"picked":"bronze:Format","floor":46},{"not_picked":["bronze:BugBarrage","bronze:CutThrough+1"],"picked":"bronze:WildBeam+1","floor":46},{"not_picked":["bronze:ClassDefault","bronze:BronzeOrb"],"picked":"bronze:Optimize+1","floor":46},{"not_picked":["bronze:Return","bronze:Boost+1"],"picked":"bronze:ForLoop+1","floor":47},{"not_picked":["bronze:Safeguard","bronze:BuggyMess+1"],"picked":"bronze:OilSpill+1","floor":48},{"not_picked":["bronze:Optimize+1","bronze:DelayedSlice"],"picked":"bronze:WhirlingStrike+1","floor":49}],"player_experience":125033,"relics_obtained":[{"floor":6,"key":"bronze:CableSpool"},{"floor":11,"key":"Replay:Baseball"},{"floor":22,"key":"PreservedInsect"},{"floor":24,"key":"AT_RedTearstoneRing"},{"floor":28,"key":"Golden Egg"},{"floor":38,"key":"Unceasing Top"},{"floor":39,"key":"Iron Hammer"},{"floor":40,"key":"Bag of Preparation"},{"floor":41,"key":"Pear"}],"event_choices":[{"damage_healed":0,"gold_gain":0,"player_choice":"Ignored","damage_taken":0,"max_hp_gain":0,"max_hp_loss":0,"event_name":"Ghosts","floor":21,"gold_loss":0},{"damage_healed":0,"gold_gain":0,"player_choice":"Read","damage_taken":0,"max_hp_gain":0,"max_hp_loss":0,"event_name":"The Library","floor":25,"gold_loss":0,"cards_obtained":["bronze:BugBarrage"]}],"is_beta":false,"boss_relics":[{"not_picked":["BloodWine","RhineCircuit"],"picked":"AT_TrinityForce"},{"not_picked":["bronze:PlatinumCore","OneHitWonderSystem"],"picked":"ChiXiaoBlade"}],"items_purged_floors":[26,46],"is_endless":false,"potions_floor_spawned":[4,6,11,12,23,28,30,31,37,40,43,44],"ascension_level":0}}