{"host":"2qgcsivoxob3ugky","time":1613371033,"event":{"mods":["BaseMod","Downfall","Googly Eyes","Hermit","Marisa????????","Minty Spire (QoL Compilation)","StSLib","The Animator","The Cursed"],"gold_per_floor":[99,109,109,109,166,242,268,282,296,310,344,359,359,371,385,489,489,489,489,489,501,601,611,611,361,387,387,387,397,397,397,410,507,507,507,520,520,540,540,331,331,359,359,376,376,376,376,122,132,132],"floor_reached":51,"language":"ENG","playtime":4528,"items_purged":["Slimebound:Strike_Slimebound","Slimebound:Strike_Slimebound","Slimebound:Strike_Slimebound"],"score":770,"play_id":"fcd356b1-ff37-4a9e-8aec-c98ab23e4619","local_time":"20210215003713","is_ascension_mode":false,"campfire_choices":[{"data":"Slimebound:CorrosiveSpit","floor":1,"key":"SMITH"},{"floor":13,"key":"REST"},{"data":"Slimebound:DouseInSlime","floor":18,"key":"SMITH"},{"floor":28,"key":"REST"},{"data":"Slimebound:TagTeam","floor":30,"key":"SMITH"},{"data":"Slimebound:Overexert","floor":35,"key":"SMITH"},{"data":"Slimebound:Split","floor":43,"key":"SMITH"},{"data":"Slimebound:Grow","floor":47,"key":"SMITH"}],"circlet_count":0,"master_deck":["Slimebound:Tackle","Slimebound:Defend_Slimebound","Slimebound:Defend_Slimebound","Slimebound:Defend_Slimebound","Slimebound:Defend_Slimebound","Slimebound:Split+1","Slimebound:CorrosiveSpit+1","Slimebound:OozeBath","Slimebound:Grow+1","Slimebound:LeechEnergy","Slimebound:LivingWall","Slimebound:LeechEnergy","Slimebound:SplitLeeching","Slimebound:LeechEnergy","Slimebound:SplitMire","Slimebound:LeechEnergy","Slimebound:Equalize","Slimebound:DouseInSlime+1","Slimebound:LivingWall","Slimebound:MegaLick+1","Slimebound:LeechingTouch","Slimebound:GoopSpray","Slimebound:Prepare","Slimebound:RainOfGoop","Slimebound:TagTeam+1","Slimebound:RainOfGoop","Slimebound:LeadByExample","Slimebound:Overexert+1","Slimebound:GoopSpray+1","Slimebound:LeadByExample+1","Forethought","Slimebound:LeechingTouch+1","Slimebound:FormOfPuddle+1","Slimebound:SplitAcid+1","Slimebound:SplitMire+1","Slimebound:MinionMaster","Slimebound:LeechLife","Slimebound:SplitSpecialist+1","Slimebound:LevelUp+1"],"relics":["Slimebound:AbsorbEndCombat","Slimebound:MaxSlimesRelic","Lantern","Shuriken","Slimebound:TarBlob","Torii","Bottled Flame","HornCleat","Slimebound:PreparedRelic","Blue Candle","downfall:RedIOU","SlaversCollar","Mummified Hand","Toxic Egg 2","Strange Spoon"],"acts_visited":["Exordium","TheCity","TheBeyond"],"potions_floor_usage":[11,14,16,36,40,44,49,50],"damage_taken":[{"damage":1,"enemies":"Jaw Worm","floor":2,"turns":3},{"damage":43,"enemies":"Lagavulin Event","floor":5,"turns":7},{"damage":0,"enemies":"Small Slimes","floor":8,"turns":3},{"damage":0,"enemies":"2 Louse","floor":9,"turns":3},{"damage":5,"enemies":"Lots of Slimes","floor":10,"turns":4},{"damage":0,"enemies":"Gremlin Nob","floor":11,"turns":3},{"damage":10,"enemies":"2 Fungi Beasts","floor":12,"turns":4},{"damage":0,"enemies":"Large Slime","floor":14,"turns":4},{"damage":5,"enemies":"downfall:LooterAlt","floor":15,"turns":4},{"damage":1,"enemies":"SI_SHIV_ARCHETYPE","floor":16,"turns":5},{"damage":0,"enemies":"Chosen","floor":19,"turns":1},{"damage":2,"enemies":"Spheric Guardian","floor":21,"turns":4},{"damage":10,"enemies":"DF_ARCHETYPE_STREAMLINE","floor":22,"turns":6},{"damage":0,"enemies":"Cultist and Chosen","floor":23,"turns":5},{"damage":0,"enemies":"downfall:FleeingMerchant","floor":25,"turns":4},{"damage":34,"enemies":"Slavers","floor":26,"turns":5},{"damage":6,"enemies":"Snake Plant","floor":29,"turns":2},{"damage":0,"enemies":"Centurion and Healer","floor":32,"turns":5},{"damage":19,"enemies":"WA_ARCHETYPE_CALM","floor":33,"turns":9},{"damage":6,"enemies":"3 Darklings","floor":36,"turns":7},{"damage":4,"enemies":"3 Shapes","floor":38,"turns":4},{"damage":0,"enemies":"downfall:FleeingMerchant","floor":40,"turns":4},{"damage":4,"enemies":"Nemesis","floor":42,"turns":7},{"damage":0,"enemies":"Jaw Worm Horde","floor":44,"turns":3},{"damage":7,"enemies":"Jaw Worm Horde","floor":46,"turns":3},{"damage":0,"enemies":"downfall:FleeingMerchant","floor":48,"turns":3},{"damage":1,"enemies":"Writhing Mass","floor":49,"turns":4},{"damage":31,"enemies":"IC_BLOCK_ARCHETYPE","floor":50,"turns":9}],"seed_played":"-5065399836600670008","potions_obtained":[{"floor":8,"key":"SneckoOil"},{"floor":9,"key":"BlessingOfTheForge"},{"floor":11,"key":"PowerPotion"},{"floor":21,"key":"Guardian:BlockOnCardUsePotion"},{"floor":26,"key":"Explosive Potion"},{"floor":29,"key":"Weak Potion"},{"floor":32,"key":"Strength Potion"},{"floor":38,"key":"Slimebound:SlimedPotion"},{"floor":42,"key":"PowerPotion"},{"floor":46,"key":"Strength Potion"}],"is_trial":false,"path_per_floor":["R","M","?","?","?","T","T","M","M","M","E","M","R","M","M","B",null,"R","M","?","M","?","M","T","$","E","?","R","M","R","?","M","B",null,"R","M","?","M","?","$","T","E","R","M","?","?","R","$","M","B",null],"character_chosen":"SLIMEBOUND","items_purchased":["Slimebound:RainOfGoop","Slimebound:TagTeam","Forethought","Slimebound:MinionMaster","Strange Spoon","Slimebound:LeechLife","Slimebound:SplitSpecialist+1"],"campfire_rested":2,"item_purchase_floors":[25,25,40,48,48,48,48],"current_hp_per_floor":[65,65,65,65,28,28,28,34,36,35,41,35,54,58,57,65,65,65,65,65,65,55,65,65,65,37,32,51,59,59,59,65,46,65,65,65,65,63,63,65,65,62,62,65,65,62,62,65,65,65],"gold":132,"neow_bonus":"ONE_RANDOM_RARE_CARD","is_daily":false,"chose_seed":false,"campfire_upgraded":6,"win_rate":0.0,"timestamp":1613371033,"path_taken":["R","M","?","?","?","?","T","M","M","?","E","M","R","M","M","BOSS","R","M","?","M","?","M","T","$","E","?","R","M","R","?","M","BOSS","R","M","?","?","?","$","T","E","R","?","?","?","R","$","M","BOSS"],"items_purchased_type":["Card","Card","Card","Card","Relic","Card","Card"],"build_version":"2020-12-22","purchased_purges":3,"victory":true,"max_hp_per_floor":[65,65,65,65,65,65,65,65,65,65,65,65,65,65,65,65,65,65,65,65,65,65,65,65,65,65,65,65,65,65,65,65,65,65,65,65,65,65,65,65,65,65,65,65,65,65,65,65,65,65],"card_choices":[{"not_picked":["Slimebound:SplitLeeching","Slimebound:HungryTackle"],"picked":"Slimebound:Grow","floor":2},{"not_picked":["Slimebound:TongueLash","Slimebound:ComboTackle"],"picked":"Slimebound:LeechEnergy","floor":5},{"not_picked":["Slimebound:Dissolve","Slimebound:LeechingTouch"],"picked":"Slimebound:LivingWall","floor":8},{"not_picked":["Slimebound:FinishingTackle","Slimebound:ServeAndProtect"],"picked":"Slimebound:LeechEnergy","floor":9},{"not_picked":["Slimebound:ForwardTackle","Slimebound:SamplingLick"],"picked":"Slimebound:SplitLeeching","floor":10},{"not_picked":["Slimebound:ComboTackle","Slimebound:Chomp"],"picked":"Slimebound:LeechEnergy","floor":11},{"not_picked":["Slimebound:ItLooksTasty","Slimebound:SplitAcid"],"picked":"Slimebound:SplitMire","floor":12},{"not_picked":["Slimebound:HauntingLick","Slimebound:SlimeBrawl"],"picked":"Slimebound:LeechEnergy","floor":14},{"not_picked":["Slimebound:Prepare","Slimebound:LeechEnergy"],"picked":"Slimebound:Equalize","floor":15},{"not_picked":["Slimebound:WasteNot","Slimebound:PrepareCrush"],"picked":"Slimebound:DouseInSlime","floor":16},{"not_picked":["Slimebound:RollThrough","Slimebound:Chomp"],"picked":"Slimebound:LivingWall","floor":19},{"not_picked":["Slimebound:ComboTackle","Slimebound:SplitMire"],"picked":"Slimebound:MegaLick+1","floor":21},{"not_picked":["Slimebound:SamplingLick","Slimebound:HauntingLick"],"picked":"Slimebound:LeechingTouch","floor":22},{"not_picked":["Slimebound:ItLooksTasty","Slimebound:Recollect"],"picked":"Slimebound:GoopSpray","floor":23},{"not_picked":["Slimebound:Darklings","Slimebound:SplitBruiser+1"],"picked":"Slimebound:Prepare","floor":25},{"not_picked":["Slimebound:RejuvenatingLick","Slimebound:SplitSpecialist"],"picked":"Slimebound:RainOfGoop","floor":26},{"not_picked":["Slimebound:Prepare","Slimebound:RollThrough","Slimebound:Nibble"],"picked":"SKIP","floor":29},{"not_picked":["Slimebound:SplitBruiser+1","Slimebound:MassFeed"],"picked":"Slimebound:LeadByExample","floor":32},{"not_picked":["Slimebound:Darklings","Slimebound:FirmFortitude"],"picked":"Slimebound:Overexert","floor":33},{"not_picked":["Slimebound:SplitBruiser+1","Slimebound:FinishingTackle","Slimebound:LivingWall"],"picked":"SKIP","floor":36},{"not_picked":["Slimebound:ItLooksTasty","Slimebound:SlimeSpikes+1"],"picked":"Slimebound:GoopSpray+1","floor":38},{"not_picked":["Slimebound:HauntingLick+1","Slimebound:SplitMire"],"picked":"Slimebound:LeadByExample+1","floor":40},{"not_picked":["Slimebound:Schlurp+1","Slimebound:Nibble+1"],"picked":"Slimebound:LeechingTouch+1","floor":42},{"not_picked":["Slimebound:Prepare+1","Slimebound:SlimeSpikes+1"],"picked":"Slimebound:FormOfPuddle+1","floor":44},{"not_picked":["Slimebound:LeadByExample+1","Slimebound:LeechEnergy+1"],"picked":"Slimebound:SplitAcid+1","floor":46},{"not_picked":["Slimebound:TongueLash","Slimebound:ComboTackle"],"picked":"Slimebound:SplitMire+1","floor":48},{"not_picked":["Slimebound:GoopTackle","Slimebound:GoopSpray+1"],"picked":"Slimebound:LevelUp+1","floor":49}],"player_experience":301661,"relics_obtained":[{"floor":5,"key":"Centennial Puzzle"},{"floor":6,"key":"Slimebound:MaxSlimesRelic"},{"floor":7,"key":"Lantern"},{"floor":11,"key":"Shuriken"},{"floor":22,"key":"Torii"},{"floor":22,"key":"Bottled Flame"},{"floor":24,"key":"HornCleat"},{"floor":26,"key":"Slimebound:PreparedRelic"},{"floor":41,"key":"Mummified Hand"},{"floor":42,"key":"Toxic Egg 2"}],"event_choices":[{"damage_healed":0,"gold_gain":0,"player_choice":"Ignored","damage_taken":0,"max_hp_gain":0,"max_hp_loss":0,"event_name":"Mysterious Sphere","floor":45,"gold_loss":0}],"is_beta":false,"boss_relics":[{"not_picked":["bronze:MakeshiftBattery","Philosopher\u0027s Stone"],"picked":"Slimebound:TarBlob"},{"not_picked":["Runic Dome","Runic Pyramid"],"picked":"SlaversCollar"}],"items_purged_floors":[25,40,48],"is_endless":false,"potions_floor_spawned":[8,9,11,21,26,29,32,38,42,46],"ascension_level":0}}