{"host":"test","time":1613394597,"event":{"mods":["BaseMod","Colored Map","Colored Powertips","Minty Spire (QoL Compilation)","Relic Stats","Slay the Relics Exporter","SpireBot","StSLib","ojb\u0027s Better Paths Mod","ojb\u0027s Info Mod"],"gold_per_floor":[113,113,113,128,143,143,161,192,274,302,267,267,298,314,314,314,314],"floor_reached":16,"language":"JPN","playtime":909,"items_purged":[],"score":240,"play_id":"5886bfe7-bafe-4894-bd61-9604a36ffe2a","local_time":"20210215220957","is_ascension_mode":true,"campfire_choices":[{"data":"Calculated Gamble","floor":6,"key":"SMITH"},{"data":"Blade Dance","floor":12,"key":"SMITH"},{"data":"Wraith Form v2","floor":15,"key":"SMITH"}],"circlet_count":0,"master_deck":["AscendersBane","Strike_G","Strike_G","Strike_G","Strike_G","Defend_G","Defend_G","Defend_G","Defend_G","Survivor","Neutralize+1","After Image+1","Reflex+1","Dagger Throw","Calculated Gamble+1","Blade Dance+1","Acrobatics","Backflip","Wraith Form v2+1","Backflip"],"relics":["Ring of the Snake","Ornamental Fan","Omamori","Darkstone Periapt"],"acts_visited":["Exordium"],"potions_floor_usage":[8,10],"damage_taken":[{"damage":0,"enemies":"Jaw Worm","floor":1,"turns":6},{"damage":2,"enemies":"Small Slimes","floor":4,"turns":4},{"damage":0,"enemies":"2 Louse","floor":5,"turns":2},{"damage":0,"enemies":"Looter","floor":7,"turns":3},{"damage":23,"enemies":"Lagavulin","floor":8,"turns":8},{"damage":7,"enemies":"Gremlin Nob","floor":10,"turns":4},{"damage":2,"enemies":"Lagavulin","floor":13,"turns":8},{"damage":3,"enemies":"Exordium Wildlife","floor":14,"turns":4},{"damage":27,"enemies":"The Guardian","floor":16,"turns":15}],"seed_played":"2351394224989837759","potions_obtained":[{"floor":5,"key":"Explosive Potion"},{"floor":8,"key":"LiquidMemories"}],"is_trial":false,"path_per_floor":["M","?","?","M","M","R","M","E","T","E","?","R","E","M","R","B"],"character_chosen":"THE_SILENT","items_purchased":[],"campfire_rested":0,"item_purchase_floors":[],"current_hp_per_floor":[59,59,41,39,39,39,39,16,16,9,24,24,22,19,19,0,0],"gold":314,"neow_bonus":"TRANSFORM_TWO_CARDS","is_daily":false,"chose_seed":true,"campfire_upgraded":3,"win_rate":0.0,"timestamp":1613394597,"path_taken":["M","?","?","M","M","R","?","E","T","E","?","R","E","M","R","BOSS"],"items_purchased_type":[],"build_version":"2020-12-18","purchased_purges":0,"victory":false,"max_hp_per_floor":[60,60,60,60,60,60,60,60,60,60,60,60,60,60,60,60,60],"relic_stats":{"Darkstone Periapt":0,"counters":[9,54],"Ornamental Fan":[92],"obtain_stats":[{"Darkstone Periapt":13,"Ornamental Fan":9,"Omamori":10,"Ring of the Snake":0},{"Darkstone Periapt":7,"Ornamental Fan":5,"Omamori":6,"Ring of the Snake":0},{"Darkstone Periapt":35,"Ornamental Fan":23,"Omamori":27,"Ring of the Snake":0}],"Ring of the Snake":[18]},"card_choices":[{"not_picked":["Setup","Riddle With Holes"],"picked":"Dagger Throw","floor":1},{"not_picked":["Heel Hook","Flechettes"],"picked":"Calculated Gamble","floor":4},{"not_picked":["Bane","Acrobatics"],"picked":"Blade Dance","floor":5},{"not_picked":["Cloak And Dagger","Dodge and Roll","PiercingWail"],"picked":"SKIP","floor":7},{"not_picked":["PiercingWail","Phantasmal Killer"],"picked":"Acrobatics","floor":8},{"not_picked":["Reflex","Quick Slash"],"picked":"Backflip","floor":10},{"not_picked":["PiercingWail","Cloak And Dagger"],"picked":"Wraith Form v2","floor":13},{"not_picked":["Poisoned Stab","Bouncing Flask"],"picked":"Backflip","floor":14}],"player_experience":2044749,"relics_obtained":[{"floor":9,"key":"Ornamental Fan"},{"floor":10,"key":"Omamori"},{"floor":13,"key":"Darkstone Periapt"}],"event_choices":[{"damage_healed":0,"gold_gain":0,"player_choice":"Grow","damage_taken":0,"max_hp_gain":0,"max_hp_loss":0,"event_name":"Living Wall","floor":2,"gold_loss":0,"cards_upgraded":["After Image"]},{"damage_healed":0,"gold_gain":0,"player_choice":"Entered Light","damage_taken":18,"max_hp_gain":0,"max_hp_loss":0,"event_name":"Shining Light","floor":3,"gold_loss":0,"cards_upgraded":["Neutralize","Reflex"]},{"damage_healed":15,"gold_gain":0,"player_choice":"Healed","damage_taken":0,"max_hp_gain":0,"max_hp_loss":0,"event_name":"The Cleric","floor":11,"gold_loss":35}],"is_beta":true,"boss_relics":[],"items_purged_floors":[],"is_endless":false,"potions_floor_spawned":[5,8],"killed_by":"The Guardian","ascension_level":20}}