{"host":"27c1zwn2rxlukojz","time":1613399082,"event":{"mods":["BaseMod","Filter the Spire","Minty Spire (QoL Compilation)","Relic Stats","StSLib"],"gold_per_floor":[113,125,125,145,155,155,230,260,272,284,322,334,373,404,416,502,514,544,575,601,38,52,52,81,81,162,193,84,103,103,18,18,89,89,102,113,113,113],"floor_reached":37,"language":"DEU","playtime":2106,"items_purged":["Strike_G"],"score":751,"play_id":"8fd2311e-b1fb-40ae-abd6-9a9b805b5d2a","local_time":"20210215152442","is_ascension_mode":true,"campfire_choices":[{"data":"Crippling Poison","floor":6.0,"key":"SMITH"},{"floor":12.0,"key":"DIG"},{"floor":15.0,"key":"DIG"},{"data":"Well Laid Plans","floor":23,"key":"SMITH"},{"floor":25,"key":"REST"},{"data":"Catalyst","floor":30,"key":"SMITH"},{"floor":32,"key":"DIG"}],"circlet_count":0,"master_deck":["AscendersBane","Defend_G","Defend_G","Defend_G","Defend_G","Survivor","Neutralize","Expertise+1","Bouncing Flask+1","Glass Knife+1","Underhanded Strike","Blade Dance","Dagger Throw","Acrobatics","Crippling Poison+1","Poisoned Stab","Reflex","Blur","Heel Hook","After Image","Acrobatics","Well Laid Plans+1","Eviscerate","Reflex","Blade Dance","Heel Hook+1","Catalyst","Catalyst+1","PiercingWail","Deadly Poison","After Image","Concentrate+1","PiercingWail"],"relics":["Astrolabe","MawBank","Eternal Feather","Shovel","Regal Pillow","Question Card","Ornamental Fan","HoveringKite","Bottled Tornado","Chemical X","Molten Egg 2","Ninja Scroll","Bottled Lightning","Mango","Mummified Hand","SlaversCollar"],"acts_visited":["Exordium","TheCity","TheBeyond"],"potions_floor_usage":[16,19,24,29,33,37],"damage_taken":[{"damage":1.0,"enemies":"2 Louse","floor":1.0,"turns":2.0},{"damage":0.0,"enemies":"Cultist","floor":2.0,"turns":2.0},{"damage":0.0,"enemies":"Small Slimes","floor":4.0,"turns":2.0},{"damage":7.0,"enemies":"3 Louse","floor":5.0,"turns":3.0},{"damage":6.0,"enemies":"3 Sentries","floor":8.0,"turns":6.0},{"damage":10.0,"enemies":"Gremlin Nob","floor":11.0,"turns":3.0},{"damage":19.0,"enemies":"3 Sentries","floor":13.0,"turns":8.0},{"damage":3.0,"enemies":"Gremlin Gang","floor":14.0,"turns":2.0},{"damage":22,"enemies":"Slime Boss","floor":16,"turns":9},{"damage":13,"enemies":"Shell Parasite","floor":18,"turns":4},{"damage":6,"enemies":"2 Thieves","floor":19,"turns":3},{"damage":12,"enemies":"Shelled Parasite and Fungi","floor":20,"turns":4},{"damage":0,"enemies":"Snecko","floor":22,"turns":3},{"damage":31,"enemies":"Gremlin Leader","floor":24,"turns":6},{"damage":18,"enemies":"Book of Stabbing","floor":27,"turns":5},{"damage":2,"enemies":"Sentry and Sphere","floor":29,"turns":4},{"damage":20,"enemies":"Collector","floor":33,"turns":6},{"damage":4,"enemies":"3 Shapes","floor":35,"turns":3},{"damage":14,"enemies":"3 Darklings","floor":36,"turns":3},{"damage":64,"enemies":"Writhing Mass","floor":37,"turns":3}],"seed_played":"-1317549289774386905","potions_obtained":[{"floor":4.0,"key":"Energy Potion"},{"floor":5.0,"key":"SneckoOil"},{"floor":8.0,"key":"Dexterity Potion"},{"floor":16,"key":"Fire Potion"},{"floor":18,"key":"Explosive Potion"},{"floor":24,"key":"Fire Potion"},{"floor":27,"key":"Poison Potion"},{"floor":33,"key":"Poison Potion"},{"floor":35,"key":"Energy Potion"},{"floor":36,"key":"Dexterity Potion"}],"is_trial":false,"path_per_floor":["M","M","?","M","M","R","?","E","T","?","E","R","E","M","R","B",null,"M","M","M","$","M","R","E","R","T","E","$","M","R","?","R","B",null,"M","M","M"],"character_chosen":"THE_SILENT","items_purchased":["Bottled Tornado","Chemical X","Eviscerate","Reflex","Catalyst","PiercingWail"],"campfire_rested":1,"item_purchase_floors":[21,21,21,21,28,28],"current_hp_per_floor":[58,58,58,58,51,51,40,34,34,34,24,33,14,11,23,1,50,37,31,19,19,19,34,3,52,52,34,34,32,50,64,80,60,75,71,57,0,0],"gold":113,"neow_bonus":"BOSS_RELIC","is_daily":false,"chose_seed":false,"campfire_upgraded":3,"win_rate":0.0,"timestamp":1613399082,"path_taken":["M","M","?","M","?","R","?","E","T","?","E","R","E","M","R","BOSS","M","?","M","$","M","R","E","R","T","E","?","M","R","?","R","BOSS","M","M","M"],"items_purchased_type":["Relic","Relic","Card","Card","Card","Card"],"build_version":"2020-12-22","purchased_purges":1,"victory":false,"max_hp_per_floor":[66,66,66,66,66,66,66,66,66,66,66,66,66,66,66,66,66,66,66,66,66,66,66,66,66,66,66,66,66,66,80,80,80,80,80,80,80,80],"relic_stats":{"Regal Pillow":15,"Shovel":3,"counters":[20,81],"Ornamental Fan":[120],"Mummified Hand":[7],"Astrolabe":["Expertise","Bouncing Flask","Glass Knife"],"HoveringKite":[25],"Eternal Feather":85,"Chemical X":[1],"MawBank":156,"Question Card":12,"obtain_stats":[{"Regal Pillow":12,"Astrolabe":0,"HoveringKite":17,"Eternal Feather":9,"Mango":31,"Bottled Tornado":21,"MawBank":8,"Question Card":13,"SlaversCollar":34,"Shovel":11,"Ornamental Fan":15,"Ninja Scroll":26,"Mummified Hand":32,"Molten Egg 2":24,"Chemical X":21,"Bottled Lightning":27,"Ring of the Snake":0},{"Regal Pillow":6,"Astrolabe":0,"HoveringKite":9,"Eternal Feather":5,"Mango":16,"Bottled Tornado":12,"MawBank":5,"Question Card":7,"SlaversCollar":17,"Shovel":6,"Ornamental Fan":8,"Ninja Scroll":14,"Mummified Hand":16,"Molten Egg 2":14,"Chemical X":12,"Bottled Lightning":15,"Ring of the Snake":0},{"Regal Pillow":18,"Astrolabe":0,"HoveringKite":37,"Eternal Feather":15,"Mango":66,"Bottled Tornado":48,"MawBank":15,"Question Card":26,"SlaversCollar":72,"Shovel":18,"Ornamental Fan":28,"Ninja Scroll":57,"Mummified Hand":66,"Molten Egg 2":57,"Chemical X":48,"Bottled Lightning":62,"Ring of the Snake":0}]},"card_choices":[{"not_picked":["Flying Knee","Backflip"],"picked":"Underhanded Strike","floor":1.0},{"not_picked":["PiercingWail","Outmaneuver"],"picked":"Blade Dance","floor":2.0},{"not_picked":["Deflect","Poisoned Stab"],"picked":"Acrobatics","floor":4.0},{"not_picked":["Dagger Throw","Concentrate"],"picked":"Crippling Poison","floor":5.0},{"not_picked":["Blade Dance","Crippling Poison"],"picked":"Poisoned Stab","floor":8.0},{"not_picked":["Predator","Deflect"],"picked":"Reflex","floor":11.0},{"not_picked":["Acrobatics","Dagger Throw"],"picked":"Blur","floor":13.0},{"not_picked":["Predator","Setup","Dagger Throw"],"picked":"Heel Hook","floor":14.0},{"not_picked":["Bullet Time","Malaise","Wraith Form v2"],"picked":"After Image","floor":16},{"not_picked":["Dodge and Roll","Leg Sweep","Dagger Spray"],"picked":"Acrobatics","floor":18},{"not_picked":["Deadly Poison","Distraction+1","Poisoned Stab"],"picked":"Well Laid Plans","floor":19},{"not_picked":["Quick Slash","Bane","Caltrops+1","Dagger Spray"],"picked":"SKIP","floor":20},{"not_picked":["Expertise","Acrobatics","Outmaneuver"],"picked":"Blade Dance","floor":22},{"not_picked":["Acrobatics","Deflect","Wraith Form v2"],"picked":"Heel Hook+1","floor":24},{"not_picked":["Riddle With Holes+1","Heel Hook+1","Slice+1"],"picked":"Catalyst","floor":27},{"not_picked":["Quick Slash+1","Bane+1","Acrobatics"],"picked":"Deadly Poison","floor":29},{"not_picked":["A Thousand Cuts","Burst","Grand Finale+1"],"picked":"After Image","floor":33},{"not_picked":["Masterful Stab+1","Underhanded Strike+1","Accuracy"],"picked":"Concentrate+1","floor":35},{"not_picked":["Poisoned Stab+1","Deflect","Slice+1"],"picked":"PiercingWail","floor":36}],"player_experience":3981869,"relics_obtained":[{"floor":8.0,"key":"MawBank"},{"floor":9.0,"key":"Eternal Feather"},{"floor":11.0,"key":"Shovel"},{"floor":12.0,"key":"Regal Pillow"},{"floor":13.0,"key":"Question Card"},{"floor":15.0,"key":"Ornamental Fan"},{"floor":24,"key":"Molten Egg 2"},{"floor":26,"key":"Ninja Scroll"},{"floor":27,"key":"Bottled Lightning"},{"floor":32,"key":"Mummified Hand"}],"event_choices":[{"damage_healed":0.0,"max_hp_gain":0.0,"max_hp_loss":0.0,"gold_gain":0.0,"cards_transformed":["Strike_G"],"event_name":"Transmorgrifier","player_choice":"Transformed","floor":3.0,"gold_loss":0.0,"damage_taken":0.0,"cards_obtained":["Dagger Throw"]},{"damage_healed":0.0,"max_hp_gain":0.0,"max_hp_loss":0.0,"gold_gain":75.0,"event_name":"World of Goop","player_choice":"Gather Gold","floor":7.0,"gold_loss":0.0,"damage_taken":11.0},{"cards_removed":["Strike_G"],"damage_healed":0.0,"max_hp_gain":0.0,"max_hp_loss":0.0,"gold_gain":0.0,"event_name":"Purifier","player_choice":"Purged","floor":10.0,"gold_loss":0.0,"damage_taken":0.0},{"damage_healed":0,"gold_gain":0,"player_choice":"Obtained Relic","damage_taken":0,"relics_obtained":["Mango"],"max_hp_gain":0,"max_hp_loss":0,"event_name":"Addict","floor":31,"gold_loss":85}],"is_beta":false,"boss_relics":[{"not_picked":["Coffee Dripper","Runic Pyramid"],"picked":"HoveringKite"},{"not_picked":["Cursed Key","Calling Bell"],"picked":"SlaversCollar"}],"items_purged_floors":[21],"is_endless":false,"potions_floor_spawned":[4,5,8,16,18,24,27,33,35,36],"killed_by":"Writhing Mass","ascension_level":15}}