{"host":"erh089znuovh6twj","time":1613400349,"event":{"mods":["AchievementEnabler","Act Like it!","Aspiration","BaseMod","Better Note","Better Skull","Better Third Choice","BetterRewards","Defuse TimeMaze Blight","Energized Spire","Hermit","Highlight Path","Hubris","Infinite Spire","Minty Spire (QoL Compilation)","Permanent Neow","Quick Restart","Replay The Spire","StSLib","The Jungle","everything is the same but u backflip on backflip"],"gold_per_floor":[110,110,133,152,64,64,96,96,120,148,55,55,90,22,22,125,125,140,140,140,158,158,158,193,193,238,238,238,170,170,190,190,293,293,306,316,265,277,295,295,345,372,398,81,101,101,101,112,112,215,215,223,223,228,228,228,237,412,93,168,189,173,173,192,204,216,276,288,312,324,336,348,360,392,404,515,527,545,577,589,601,615,627,688,700,710,722,734,735,747,807,813,880,892,898,931,943,948,937,949,1057,1069,1143,861,921,921,922,987,987,987,1004,1004,1076,1138,1205,1380,1380,1482,1482,1550,1550,1550,1550],"floor_reached":122,"language":"ENG","playtime":4842,"items_purged":["Defend_G","Strike_G","Infinite Blades+1"],"score":3544,"play_id":"288d751c-7351-4ab3-b354-fc9cdae12640","local_time":"20210215094549","is_ascension_mode":true,"campfire_choices":[{"floor":6.0,"key":"REST"},{"data":"Infinite Blades","floor":8.0,"key":"SMITH"},{"floor":15.0,"key":"REST"},{"floor":23.0,"key":"REST"},{"floor":27.0,"key":"REST"},{"floor":32.0,"key":"REST"},{"data":"Cloak And Dagger","floor":32.0,"key":"SMITH"},{"data":"aspiration:Lunge","floor":40.0,"key":"SMITH"},{"data":"Choke","floor":47.0,"key":"SMITH"},{"data":"Dagger Spray","floor":49.0,"key":"SMITH"},{"floor":66.0,"key":"REST"},{"floor":75.0,"key":"REST"},{"floor":75.0,"key":"RECALL"},{"floor":83.0,"key":"REST"},{"floor":100.0,"key":"REST"},{"floor":117.0,"key":"REST"},{"floor":119.0,"key":"REST"}],"circlet_count":0,"master_deck":["Strike_G","Strike_G","Strike_G","Slice","Cloak And Dagger+1","Injury","Deep Breath+1","Hidden Blade+1","Blade Dance+1","Accuracy+1","Storm of Steel+1","Cloak And Dagger+1","ReplayTheSpireMod:Haul+1","Shame","Distraction+1","aspiration:Lunge+1","Escape Plan+1","ReplayTheSpireMod:The Works+1","Prepared+1","Dagger Spray+1","Choke+1","Dagger Spray+1","ReplayTheSpireMod:Splinters","Dagger Throw+1","Writhe","Slice","AbeCurse","ReplayTheSpireMod:Speed Training+1","hubris:Rewind+1","Deflect+1","Beam Cell","Cloak And Dagger+1","Doubt","Escape Plan+1","hubris:Wrath","Crescendo+1","hubris:Fate+1","Prepared+1","Deflect+1","CommonCold","Injury","Replay:Fractal Strike","Amnesia","Shame","infinitespire:SealOfDarkness+","hubris:Sniper+1","Cloak And Dagger+1","ReplayTheSpireMod:Doomed","Accuracy+1","Prepared+1","Replay:Fractal Strike","CurseOfTheBell","hubris:SlightOfHand+1","ReplayTheSpireMod:The Works+1","Sucker Punch+1","ReplayTheSpireMod:Restless Dread","A Thousand Cuts+1","Tactician+1","Storm of Steel+1","Deflect+1","Slice","Calculated Gamble+1","Cloak And Dagger+1","Endless Agony","ReplayTheSpireMod:Restless Dread","Injury","Backflip+1","Doubt","Slice","Escape Plan+1","ReplayTheSpireMod:Scrap Shanks","Choke"],"relics":["Ring of the Snake","hubris:EmptyBottle","Dead Branch","Du-Vu Doll","Toxic Egg 2","Juzu Bracelet","WingedGreaves","Akabeko","Vajra","hubris:ToyBattleship","infinitespire:WardingShard","aspiration:FutureDiary","Cursed Key","Eternal Feather","aspiration:RitualStick","Boot","infinitespire:Magic Flask","Pet Ghost","Replay:Drink Me","hubris:BundleOfHerbs","Replay:Bottled Eggs","aspiration:TomeofQuesting","Ninja Scroll","Replay:Grab Bag","Fusion Hammer","Abe\u0027s Treasure","aspiration:RitualDagger","Lantern","aspiration:Lifesprig","aspiration:Nostalgia","Replay:M_StaffOfTheSnake","Bottled Lightning","Turnip","Nunchaku","MawBank","energizedSpire:MagnifyingGlass","Ring of Peace","Singing Bowl","energizedSpire:PogoStick","BargainBundle","Dream Catcher","Lizard Tail","aspiration:HiddenCompartment","ReplayTheSpireMod:Shallot","Calling Bell","Oddly Smooth Stone","Letter Opener","hubris:Towel","hubris:MobiusCoin","Replay:Baseball","Unceasing Top","Happy Flower","Prayer Wheel","Durian","energizedSpire:DeadBattery","Blue Doll","MealTicket","Odd Mushroom","Replay:Mystery Machine","Onion Ring","Pondfish Scales","aspiration:SeaSaltIceCream","Prayer Wheel","infinitespire:PuzzleCube","aspiration:WatcherSkillbook"],"acts_visited":["Exordium","TheCity","TheBeyond","Exordium","TheCity","TheBeyond","Exordium","TheCity"],"potions_floor_usage":[],"damage_taken":[{"damage":6.0,"enemies":"Jaw Worm","floor":1.0,"turns":4.0},{"damage":0.0,"enemies":"Cultist","floor":4.0,"turns":2.0},{"damage":5.0,"enemies":"Gremlin Nob","floor":7.0,"turns":4.0},{"damage":13.0,"enemies":"Lagavulin","floor":10.0,"turns":4.0},{"damage":12.0,"enemies":"3 Sentries","floor":13.0,"turns":4.0},{"damage":22.0,"enemies":"Hexaghost","floor":16.0,"turns":5.0},{"damage":0.0,"enemies":"3 Byrds","floor":18.0,"turns":3.0},{"damage":19.0,"enemies":"2 Thieves","floor":21.0,"turns":2.0},{"damage":14.0,"enemies":"Slavers","floor":24.0,"turns":2.0},{"damage":3.0,"enemies":"Gremlin Leader","floor":29.0,"turns":2.0},{"damage":0.0,"enemies":"Snecko","floor":31.0,"turns":2.0},{"damage":0.0,"enemies":"Champ","floor":33.0,"turns":4.0},{"damage":0.0,"enemies":"Orb Walker","floor":35.0,"turns":1.0},{"damage":13.0,"enemies":"3 Shapes","floor":36.0,"turns":2.0},{"damage":0.0,"enemies":"Spire Growth","floor":38.0,"turns":1.0},{"damage":0.0,"enemies":"Jaw Worm Horde","floor":39.0,"turns":1.0},{"damage":0.0,"enemies":"Mind Bloom Boss Battle","floor":41.0,"turns":2.0},{"damage":7.0,"enemies":"Nightmare","floor":42.0,"turns":5.0},{"damage":2.0,"enemies":"Sphere and 2 Shapes","floor":45.0,"turns":1.0},{"damage":2.0,"enemies":"Maw","floor":48.0,"turns":1.0},{"damage":2.0,"enemies":"Replay:Hell Engine","floor":50.0,"turns":1.0},{"damage":3.0,"enemies":"Jaw Worm","floor":52.0,"turns":1.0},{"damage":5.0,"enemies":"Small Slimes","floor":54.0,"turns":1.0},{"damage":3.0,"enemies":"3 Sentries","floor":57.0,"turns":1.0},{"damage":3.0,"enemies":"Gremlin Nob","floor":61.0,"turns":1.0},{"damage":15.0,"enemies":"Nightmare","floor":62.0,"turns":3.0},{"damage":3.0,"enemies":"Gremlin Nob","floor":64.0,"turns":1.0},{"damage":6.0,"enemies":"Fading Forest","floor":67.0,"turns":2.0},{"damage":3.0,"enemies":"3 Byrds","floor":69.0,"turns":1.0},{"damage":0.0,"enemies":"Book of Stabbing","floor":74.0,"turns":1.0},{"damage":2.0,"enemies":"Gremlin Leader","floor":78.0,"turns":1.0},{"damage":0.0,"enemies":"Book of Stabbing","floor":79.0,"turns":1.0},{"damage":0.0,"enemies":"Chosen","floor":82.0,"turns":1.0},{"damage":5.0,"enemies":"Automaton","floor":84.0,"turns":2.0},{"damage":0.0,"enemies":"3 Shapes","floor":86.0,"turns":1.0},{"damage":2.0,"enemies":"3 Darklings","floor":89.0,"turns":1.0},{"damage":0.0,"enemies":"Reptomancer","floor":91.0,"turns":1.0},{"damage":8.0,"enemies":"R_Hoarder","floor":92.0,"turns":3.0},{"damage":0.0,"enemies":"Reptomancer","floor":93.0,"turns":1.0},{"damage":0.0,"enemies":"Jaw Worm Horde","floor":95.0,"turns":1.0},{"damage":3.0,"enemies":"Mind Bloom Boss Battle","floor":96.0,"turns":2.0},{"damage":28.0,"enemies":"R_Hoarder","floor":98.0,"turns":3.0},{"damage":0.0,"enemies":"Writhing Mass","floor":99.0,"turns":2.0},{"damage":0.0,"enemies":"Awakened One","floor":101.0,"turns":2.0},{"damage":0.0,"enemies":"2 Louse","floor":103.0,"turns":1.0},{"damage":0.0,"enemies":"The Mushroom Lair","floor":105.0,"turns":1.0},{"damage":0.0,"enemies":"Small Slimes","floor":107.0,"turns":1.0},{"damage":0.0,"enemies":"3 Sentries","floor":108.0,"turns":1.0},{"damage":0.0,"enemies":"Gremlin Nob","floor":111.0,"turns":1.0},{"damage":0.0,"enemies":"Cultist","floor":114.0,"turns":1.0},{"damage":0.0,"enemies":"Lagavulin","floor":115.0,"turns":1.0},{"damage":0.0,"enemies":"Lots of Slimes","floor":118.0,"turns":1.0},{"damage":5.0,"enemies":"The Guardian","floor":120.0,"turns":2.0},{"damage":0,"enemies":"3 Byrds","floor":122,"turns":1}],"seed_played":"9216777525061418904","potions_obtained":[{"floor":1.0,"key":"ColorlessPotion"},{"floor":7.0,"key":"Fire Potion"},{"floor":13.0,"key":"SteroidPotion"},{"floor":16.0,"key":"Ancient Potion"},{"floor":31.0,"key":"Dexterity Potion"},{"floor":36.0,"key":"SkillPotion"},{"floor":38.0,"key":"Toxic Potion"},{"floor":50.0,"key":"Reflective Coating"},{"floor":61.0,"key":"CultistPotion"},{"floor":62.0,"key":"Energy Potion"},{"floor":67.0,"key":"EssenceOfSteel"},{"floor":86.0,"key":"DuplicationPotion"},{"floor":98.0,"key":"Energy Potion"},{"floor":101.0,"key":"FearPotion"},{"floor":105.0,"key":"LiquidBronze"}],"is_trial":false,"path_per_floor":["M","?","T","M","$","R","E","R","T","E","?","?","E","$","R","B",null,"M","?","?","M","AVR","R","E","?","T","R","T","E","?","M","R","B",null,"M","M","$","M","M","R","?","NM","T","$","M","?","R","M","R","B",null,"M","AVR","M","?","?","E","?","$","T","E","NM","$","E","?","R","B",null,"M","$","?","T","AVR","E","R","?","T","E","E","?","?","M","R","B",null,"M","$","?","M","?","E","E","E","T","M","?","$","E","M","R","B",null,"M","$","?","?","M","E","PTL","PTL","E","T","T","M","E","?","R","M","R","B",null,"M"],"character_chosen":"THE_SILENT","items_purchased":["Infinite Blades","hubris:EmptyBottle","Slice","Deep Breath+1","Accuracy","Adrenaline Potion","Ninja Scroll","aspiration:Nostalgia","Escape Plan+1","Blue Doll","MealTicket"],"campfire_rested":11,"item_purchase_floors":[0,0,0,5,14,37,44,59,59,104,104],"current_hp_per_floor":[32,32,32,32,32,53,48,48,48,35,35,35,23,23,44,22,70,70,70,57,38,38,60,46,31,31,65,65,62,62,62,75,75,57,57,44,44,44,44,57,57,50,50,50,48,57,57,55,57,55,57,54,54,49,49,49,46,46,46,46,43,28,28,25,25,57,51,57,54,54,54,54,54,54,57,57,57,57,57,57,57,59,61,58,63,65,65,65,65,65,65,57,57,57,57,56,56,35,37,80,80,80,80,80,82,82,84,84,84,84,84,84,84,90,90,90,92,92,92,89,94,94,94],"gold":1550,"neow_bonus":"","is_daily":false,"chose_seed":false,"campfire_upgraded":5,"win_rate":0.0,"timestamp":1613400349,"path_taken":["M","?","?","M","?","R","E","R","T","E","?","?","E","?","R","BOSS","M","?","?","M","AVR","R","E","?","T","R","?","E","?","M","R","BOSS","M","M","$","M","M","R","?","NM","T","$","M","?","R","M","R","BOSS","M","AVR","M","?","?","E","?","$","T","E","NM","?","E","?","R","BOSS","M","$","?","?","AVR","E","R","?","T","E","E","?","?","M","R","BOSS","M","$","?","M","?","E","E","E","T","M","?","?","E","M","R","BOSS","M","$","?","?","M","E","PTL","PTL","E","?","T","M","E","?","R","M","R","BOSS","M"],"items_purchased_type":["Card","Relic","Card","Card","Card","Potion","Relic","Relic","Card","Relic","Relic"],"build_version":"2020-12-22","purchased_purges":3,"victory":false,"max_hp_per_floor":[70,70,70,70,70,70,70,70,70,70,70,70,70,70,70,70,70,70,70,75,75,75,75,75,75,75,75,75,75,75,75,75,75,57,57,57,57,57,57,57,57,57,57,57,57,57,57,57,57,57,57,57,57,57,57,57,57,57,57,57,57,57,57,57,57,57,57,57,57,57,57,57,57,57,57,57,57,59,59,59,59,61,61,63,63,65,65,65,67,67,67,67,67,67,67,69,69,76,78,80,80,80,80,80,82,82,84,84,84,84,84,84,84,90,90,90,92,92,92,94,94,94,94],"card_choices":[{"not_picked":["Predator","Prepared"],"picked":"Cloak And Dagger","floor":1.0},{"not_picked":["Tactician+1","Bane","Sucker Punch"],"picked":"SKIP","floor":4.0},{"not_picked":["Dash","Sucker Punch","Outmaneuver+1"],"picked":"SKIP","floor":7.0},{"not_picked":["Deflect+1","Heel Hook"],"picked":"Hidden Blade+1","floor":10.0},{"not_picked":["ReplayTheSpireMod:Speed Training+1","Acrobatics+1"],"picked":"Blade Dance+1","floor":13.0},{"not_picked":["Grand Finale","After Image"],"picked":"Storm of Steel+1","floor":16.0},{"not_picked":["hubris:SlightOfHand+1","Poisoned Stab","Caltrops+1"],"picked":"SKIP","floor":18.0},{"not_picked":["hubris:SlightOfHand+1","Setup+1"],"picked":"Cloak And Dagger+1","floor":21.0},{"not_picked":["Poisoned Stab","Leg Sweep+1","Acrobatics+1"],"picked":"SKIP","floor":24.0},{"not_picked":["Leg Sweep+1","Dodge and Roll+1","Quick Slash+1"],"picked":"SKIP","floor":29.0},{"not_picked":["Dodge and Roll+1","Flying Knee+1"],"picked":"Distraction+1","floor":31.0},{"not_picked":["Night Terror+1","Malaise+1"],"picked":"aspiration:Lunge","floor":33.0},{"not_picked":["Blur+1","hubris:SlightOfHand+1"],"picked":"Escape Plan+1","floor":35.0},{"not_picked":["Flying Knee+1","Bane"],"picked":"ReplayTheSpireMod:The Works+1","floor":36.0},{"not_picked":["Dagger Spray+1","Crippling Poison+1"],"picked":"Prepared+1","floor":38.0},{"not_picked":["Eviscerate","Deadly Poison+1"],"picked":"Dagger Spray","floor":39.0},{"not_picked":["Underhanded Strike+1","hubris:SlightOfHand+1"],"picked":"Choke","floor":41.0},{"not_picked":["Poisoned Stab+1","Catalyst+1"],"picked":"Dagger Spray+1","floor":42.0},{"not_picked":["Blade Dance+1","ReplayTheSpireMod:Exploit Weakness+1"],"picked":"Dagger Throw+1","floor":45.0},{"not_picked":["Bane+1","Skewer"],"picked":"Slice","floor":48.0},{"not_picked":["Deadly Poison+1","hubris:SlightOfHand+1"],"picked":"ReplayTheSpireMod:Speed Training+1","floor":52.0},{"not_picked":["Dagger Throw","hubris:SlightOfHand+1"],"picked":"Deflect+1","floor":54.0},{"not_picked":["hubris:Counter","Outmaneuver+1"],"picked":"Cloak And Dagger+1","floor":57.0},{"not_picked":["Sucker Punch","ThirdEye+1"],"picked":"Crescendo+1","floor":61.0},{"not_picked":["hubris:InfiniteBlow","infinitespire:NeuralNetwork"],"picked":"hubris:Fate","floor":62.0},{"not_picked":["Choke","Flying Knee"],"picked":"Prepared+1","floor":62.0},{"not_picked":["Noxious Fumes","Sanctity+1"],"picked":"Deflect+1","floor":64.0},{"not_picked":["ReplayTheSpireMod:Echoes of Time","infinitespire:SevenWalls"],"picked":"Replay:Fractal Strike","floor":65.0},{"not_picked":["Infinite Blades","hubris:SlightOfHand+1","Expertise+1"],"picked":"SKIP","floor":69.0},{"not_picked":["Acrobatics+1","Blur+1"],"picked":"hubris:Sniper+1","floor":74.0},{"not_picked":["Noxious Fumes+1","Backflip+1"],"picked":"Cloak And Dagger+1","floor":75.0},{"not_picked":["Toxin Wave+1","Predator","Replay:Poison Smokescreen+1"],"picked":"Singing Bowl","floor":78.0},{"not_picked":["hubris:SlightOfHand+1","ReplayTheSpireMod:Scrap Shanks"],"picked":"Accuracy+1","floor":79.0},{"not_picked":["Bane","Draining Mist+1","Backstab"],"picked":"Singing Bowl","floor":82.0},{"not_picked":["Flying Knee","Fluid Movement+1"],"picked":"Prepared+1","floor":83.0},{"not_picked":["Bullet Time+1","infinitespire:Neurotoxin+1","Unload"],"picked":"Singing Bowl","floor":84.0},{"not_picked":["infinitespire:FutureSight","infinitespire:FinalStrike"],"picked":"Replay:Fractal Strike","floor":85.0},{"not_picked":["Slice","hubris:Sniper+1","Quick Slash"],"picked":"Singing Bowl","floor":86.0},{"not_picked":["hubris:SlightOfHand+1","Draining Mist+1","Dash+1"],"picked":"Singing Bowl","floor":89.0},{"not_picked":["Dagger Spray","Bouncing Flask+1"],"picked":"hubris:SlightOfHand+1","floor":91.0},{"not_picked":["Prepared+1","Underhanded Strike"],"picked":"ReplayTheSpireMod:The Works+1","floor":92.0},{"not_picked":["Quick Slash","Poisoned Stab"],"picked":"Sucker Punch+1","floor":93.0},{"not_picked":["Footwork","hubris:SlightOfHand+1"],"picked":"A Thousand Cuts","floor":95.0},{"not_picked":["Well Laid Plans","Dagger Throw+1","Slice"],"picked":"Singing Bowl","floor":96.0},{"not_picked":["hubris:SlightOfHand+1","Expertise+1","Hidden Blade+1"],"picked":"Singing Bowl","floor":98.0},{"not_picked":["Masterful Stab+1","Bane"],"picked":"Tactician+1","floor":99.0},{"not_picked":["Blur+1","Acrobatics+1","Well Laid Plans+1"],"picked":"Singing Bowl","floor":99.0},{"not_picked":["Replay:Poison Smokescreen+1","Hidden Blade+1","Outmaneuver+1"],"picked":"Singing Bowl","floor":100.0},{"not_picked":["Poison Darts+1","Die Die Die"],"picked":"Storm of Steel+1","floor":101.0},{"not_picked":["Dagger Spray","Eviscerate"],"picked":"Deflect+1","floor":103.0},{"not_picked":["Blade Dance+1","Deflect+1"],"picked":"Slice","floor":103.0},{"not_picked":["Setup+1","Backflip+1","hubris:SlightOfHand+1"],"picked":"Singing Bowl","floor":105.0},{"not_picked":["Outmaneuver+1","Blade Dance+1"],"picked":"Calculated Gamble+1","floor":107.0},{"not_picked":["Quick Slash","PiercingWail+1","Heel Hook"],"picked":"Singing Bowl","floor":107.0},{"not_picked":["Grand Finale","Backflip+1"],"picked":"Cloak And Dagger+1","floor":108.0},{"not_picked":["Reflex+1","Dodge and Roll+1"],"picked":"Endless Agony","floor":111.0},{"not_picked":["Sucker Punch","Dash","Setup+1"],"picked":"Singing Bowl","floor":114.0},{"not_picked":["Flying Knee","Bane","Outmaneuver+1"],"picked":"Singing Bowl","floor":114.0},{"not_picked":["PiercingWail+1","Cloak And Dagger+1","Glass Knife"],"picked":"Singing Bowl","floor":114.0},{"not_picked":["Caltrops","Malaise+1"],"picked":"Backflip+1","floor":115.0},{"not_picked":["PiercingWail+1","Cloak And Dagger+1","hubris:SlightOfHand+1"],"picked":"Singing Bowl","floor":117.0},{"not_picked":["Flying Knee","Outmaneuver+1"],"picked":"Slice","floor":118.0},{"not_picked":["Flying Knee","Outmaneuver+1"],"picked":"Escape Plan+1","floor":118.0},{"not_picked":["infinitespire:Neurotoxin+1","hubris:TrickCloak+1"],"picked":"ReplayTheSpireMod:Scrap Shanks","floor":118.0},{"not_picked":["Poisoned Stab","Cloak And Dagger+1"],"picked":"Choke","floor":119.0},{"not_picked":["Malaise+1","Bullet Time+1","Phantasmal Killer+1"],"picked":"Singing Bowl","floor":120.0}],"player_experience":352261,"relics_obtained":[{"floor":3.0,"key":"Juzu Bracelet"},{"floor":7.0,"key":"WingedGreaves"},{"floor":9.0,"key":"Akabeko"},{"floor":10.0,"key":"Vajra"},{"floor":13.0,"key":"infinitespire:WardingShard"},{"floor":24.0,"key":"Eternal Feather"},{"floor":26.0,"key":"Boot"},{"floor":28.0,"key":"infinitespire:Magic Flask"},{"floor":29.0,"key":"Pet Ghost"},{"floor":41.0,"key":"hubris:BundleOfHerbs"},{"floor":42.0,"key":"Replay:Bottled Eggs"},{"floor":43.0,"key":"aspiration:TomeofQuesting"},{"floor":57.0,"key":"aspiration:Lifesprig"},{"floor":60.0,"key":"Bottled Lightning"},{"floor":61.0,"key":"Turnip"},{"floor":62.0,"key":"Nunchaku"},{"floor":64.0,"key":"MawBank"},{"floor":71.0,"key":"Ring of Peace"},{"floor":72.0,"key":"Singing Bowl"},{"floor":74.0,"key":"Dream Catcher"},{"floor":77.0,"key":"Lizard Tail"},{"floor":78.0,"key":"aspiration:HiddenCompartment"},{"floor":79.0,"key":"ReplayTheSpireMod:Shallot"},{"floor":85.0,"key":"Oddly Smooth Stone"},{"floor":85.0,"key":"Letter Opener"},{"floor":91.0,"key":"hubris:MobiusCoin"},{"floor":92.0,"key":"Replay:Baseball"},{"floor":93.0,"key":"Unceasing Top"},{"floor":94.0,"key":"Happy Flower"},{"floor":96.0,"key":"Prayer Wheel"},{"floor":98.0,"key":"Durian"},{"floor":105.0,"key":"Odd Mushroom"},{"floor":108.0,"key":"Replay:Mystery Machine"},{"floor":111.0,"key":"Onion Ring"},{"floor":112.0,"key":"Pondfish Scales"},{"floor":113.0,"key":"aspiration:SeaSaltIceCream"},{"floor":115.0,"key":"infinitespire:PuzzleCube"}],"event_choices":[{"damage_healed":0.0,"max_hp_gain":0.0,"max_hp_loss":0.0,"gold_gain":0.0,"event_name":"WeMeetAgain","player_choice":"Paid Gold","floor":11.0,"gold_loss":93.0,"damage_taken":0.0,"relics_obtained":["hubris:ToyBattleship"]},{"damage_healed":0.0,"max_hp_gain":0.0,"max_hp_loss":0.0,"gold_gain":0.0,"event_name":"FaceTrader","player_choice":"Leave","floor":12.0,"gold_loss":0.0,"damage_taken":0.0},{"cards_removed":["Defend_G"],"damage_healed":0.0,"max_hp_gain":0.0,"max_hp_loss":0.0,"gold_gain":0.0,"event_name":"Wheel of Change","player_choice":"Card Removal","floor":19.0,"gold_loss":0.0,"damage_taken":0.0},{"damage_healed":0.0,"max_hp_gain":5.0,"max_hp_loss":0.0,"gold_gain":0.0,"event_name":"Forgotten Altar","player_choice":"Shed Blood","floor":20.0,"gold_loss":0.0,"damage_taken":18.0},{"cards_removed":["Defend_G"],"damage_healed":0.0,"max_hp_gain":0.0,"max_hp_loss":0.0,"gold_gain":0.0,"event_name":"betterThird:BetterWriting","player_choice":"Elegance","floor":30.0,"gold_loss":0.0,"damage_taken":0.0},{"damage_healed":0.0,"max_hp_gain":0.0,"max_hp_loss":0.0,"gold_gain":0.0,"event_name":"MindBloom","player_choice":"Fight","floor":41.0,"gold_loss":0.0,"damage_taken":0.0},{"damage_healed":14.0,"max_hp_gain":0.0,"max_hp_loss":0.0,"gold_gain":0.0,"event_name":"Winding Halls","player_choice":"Writhe","floor":46.0,"gold_loss":0.0,"damage_taken":0.0,"cards_obtained":["Writhe"]},{"cards_removed":["Strike_G"],"damage_healed":0.0,"max_hp_gain":0.0,"max_hp_loss":0.0,"gold_gain":0.0,"event_name":"Bonfire Elementals","player_choice":"Offered Basic","floor":55.0,"gold_loss":0.0,"damage_taken":0.0},{"damage_healed":0.0,"max_hp_gain":0.0,"max_hp_loss":0.0,"gold_gain":175.0,"event_name":"betterThird:BetterSerpent","player_choice":"AGREE","floor":58.0,"gold_loss":0.0,"damage_taken":237.0},{"damage_healed":0.0,"max_hp_gain":0.0,"max_hp_loss":0.0,"gold_gain":99.0,"event_name":"betterThird:BetterNest","player_choice":"Steal","floor":76.0,"gold_loss":0.0,"damage_taken":0.0},{"damage_healed":0.0,"max_hp_gain":0.0,"max_hp_loss":0.0,"gold_gain":0.0,"event_name":"Vampires","player_choice":"Ignored","floor":80.0,"gold_loss":0.0,"damage_taken":0.0},{"damage_healed":0.0,"max_hp_gain":0.0,"max_hp_loss":0.0,"gold_gain":0.0,"event_name":"Ghosts","player_choice":"Ignored","floor":81.0,"gold_loss":0.0,"damage_taken":0.0},{"damage_healed":0.0,"max_hp_gain":0.0,"max_hp_loss":0.0,"gold_gain":0.0,"event_name":"MindBloom","player_choice":"Fight","floor":96.0,"gold_loss":0.0,"damage_taken":0.0},{"damage_healed":0.0,"max_hp_gain":0.0,"max_hp_loss":0.0,"gold_gain":0.0,"event_name":"Mushrooms","player_choice":"Fought Mushrooms","floor":105.0,"gold_loss":0.0,"damage_taken":0.0},{"damage_healed":0.0,"max_hp_gain":0.0,"max_hp_loss":0.0,"gold_gain":0.0,"event_name":"Living Wall","player_choice":"Grow","floor":106.0,"gold_loss":0.0,"damage_taken":0.0,"cards_upgraded":["A Thousand Cuts"]},{"damage_healed":0.0,"max_hp_gain":0.0,"max_hp_loss":0.0,"gold_gain":175.0,"event_name":"betterThird:BetterSerpent","player_choice":"AGREE","floor":116.0,"gold_loss":0.0,"damage_taken":1205.0}],"is_beta":false,"boss_relics":[{"not_picked":["HoveringKite","Snecko Eye"],"picked":"aspiration:FutureDiary"},{"not_picked":["Philosopher\u0027s Stone","Replay:Bronze Core"],"picked":"Replay:Drink Me"},{"not_picked":["aspiration:SecretTechniqueScroll","hubris:TerracottaHorce"],"picked":"Replay:Grab Bag"},{"not_picked":["ReplayTheSpireMod:DimensionalGlitch","Velvet Choker"],"picked":"Fusion Hammer"},{"not_picked":["hubris:CrackedHourglass","Busted Crown"],"picked":"Abe\u0027s Treasure"},{"not_picked":["aspiration:RunicSpoon","hubris:Stopwatch"],"picked":"aspiration:RitualDagger"},{"not_picked":["Runic Pyramid","energizedSpire:RedRose"],"picked":"energizedSpire:MagnifyingGlass"},{"not_picked":["hubris:RunicObelisk","energizedSpire:EnergizedDie"],"picked":"Calling Bell"},{"not_picked":["hubris:CrackedHourglass","aspiration:WatcherSkillbook"],"picked":"energizedSpire:DeadBattery"},{"not_picked":["hubris:GrandSneckoEye","hubris:ScarierMask"],"picked":"aspiration:WatcherSkillbook"}],"items_purged_floors":[44,53,59],"is_endless":true,"potions_floor_spawned":[1,7,13,16,31,36,38,41,50,61,62,67,69,82,86,91,96,98,101,105,111,114,118],"killed_by":"3 Byrds","ascension_level":2}}