{"host":"qp7xs8nuzfsyommi","time":1613423210,"event":{"mods":["2.2 Compatiblity","BaseMod","Colored Powertips","DeckTracker","Highlight Path","Minty Spire (QoL Compilation)","Permanent Neow","Quick Restart","StSLib"],"gold_per_floor":[111,111,128,45,64,64,91,106,106,122,122,142,142,142,142],"floor_reached":14,"language":"ENG","playtime":630,"items_purged":[],"score":184,"play_id":"b4fd90d9-9977-42ec-a110-5e2defced7fa","local_time":"20210215160650","is_ascension_mode":true,"campfire_choices":[{"data":"Zap","floor":6,"key":"SMITH"},{"data":"Defragment","floor":11,"key":"SMITH"},{"floor":13,"key":"REST"}],"circlet_count":0,"master_deck":["AscendersBane","Strike_B","Strike_B","Strike_B","Strike_B","Defend_B","Defend_B","Defend_B","Defend_B","Zap+1","Dualcast","Turbo+1","Ball Lightning","Gash","Steam","Melter","Streamline+1","Defragment+1","Gash+1"],"relics":["Runic Pyramid","Molten Egg 2","Letter Opener"],"acts_visited":["Exordium"],"potions_floor_usage":[8,14],"damage_taken":[{"damage":5,"enemies":"Small Slimes","floor":1,"turns":5},{"damage":1,"enemies":"Cultist","floor":3,"turns":4},{"damage":2,"enemies":"Jaw Worm","floor":5,"turns":3},{"damage":18,"enemies":"Lagavulin","floor":7,"turns":5},{"damage":0,"enemies":"Blue Slaver","floor":8,"turns":3},{"damage":1,"enemies":"2 Fungi Beasts","floor":10,"turns":3},{"damage":17,"enemies":"Exordium Thugs","floor":12,"turns":4},{"damage":42,"enemies":"Gremlin Nob","floor":14,"turns":3}],"seed_played":"-9017181003335993361","potions_obtained":[{"floor":1,"key":"SkillPotion"},{"floor":7,"key":"DuplicationPotion"},{"floor":8,"key":"Regen Potion"}],"is_trial":false,"path_per_floor":["M","?","M","$","M","R","E","M","T","M","R","M","R","E"],"character_chosen":"DEFECT","items_purchased":["Gash","Steam"],"campfire_rested":1,"item_purchase_floors":[4,4],"current_hp_per_floor":[59,59,58,58,56,56,38,38,38,37,37,20,41,0,0],"gold":142,"neow_bonus":"BOSS_RELIC","is_daily":false,"chose_seed":false,"campfire_upgraded":2,"win_rate":0.0,"timestamp":1613423210,"path_taken":["M","?","M","?","M","R","E","M","T","M","R","M","R","E"],"items_purchased_type":["Card","Card"],"build_version":"2020-12-22","purchased_purges":0,"victory":false,"max_hp_per_floor":[71,71,71,71,71,71,71,71,71,71,71,71,71,71,71],"card_choices":[{"not_picked":["Capacitor","Hologram"],"picked":"Turbo","floor":1},{"not_picked":["Storm","Sweeping Beam"],"picked":"Ball Lightning","floor":3},{"not_picked":["Beam Cell","Hologram"],"picked":"Melter","floor":5},{"not_picked":["Skim","Static Discharge","Turbo"],"picked":"SKIP","floor":7},{"not_picked":["Leap","Melter+1"],"picked":"Streamline+1","floor":8},{"not_picked":["Ball Lightning+1","Redo"],"picked":"Defragment","floor":10},{"not_picked":["Capacitor","White Noise"],"picked":"Gash+1","floor":12}],"player_experience":1920453,"relics_obtained":[{"floor":7,"key":"Molten Egg 2"},{"floor":9,"key":"Letter Opener"}],"event_choices":[{"damage_healed":0,"gold_gain":0,"player_choice":"Upgraded","damage_taken":0,"max_hp_gain":0,"max_hp_loss":0,"event_name":"Upgrade Shrine","floor":2,"gold_loss":0,"cards_upgraded":["Turbo"]}],"is_beta":false,"boss_relics":[],"items_purged_floors":[],"is_endless":false,"potions_floor_spawned":[1,7,8,10],"killed_by":"Gremlin Nob","ascension_level":20}}