{"host":"8u1cu4kisw6g21am","time":1613425861,"event":{"mods":["AchievementEnabler","BaseMod","Bestiary","Better Note","BetterRewards","Marked Mod","Minty Spire (QoL Compilation)","Quick Restart","Shop Mod","Spicy Shops","StSLib"],"gold_per_floor":[116,134,134,83,490,490,517,530,530,561,162,162,181,197,197,298,298,315,329,329,343,380,410,410,410,437,244,278,638,202,234,234,330,330,344,359,414,430,180,180,140,154,154,174,191,63,78,98,98,98],"floor_reached":51,"language":"ENG","playtime":28875,"items_purged":["Defend_G","Strike_G","Strike_G","Defend_G","Strike_G","Strike_G","Strike_G","Escape Plan","Defend_G","Neutralize"],"score":1271,"play_id":"7643fc98-4b44-47cb-8fce-eb240808ff2c","local_time":"20210215165101","is_ascension_mode":true,"campfire_choices":[{"floor":6.0,"key":"REST"},{"data":"Tools of the Trade","floor":15.0,"key":"PURGE"},{"data":"Phantasmal Killer","floor":24.0,"key":"SMITH"},{"data":"Night Terror","floor":32.0,"key":"SMITH"},{"data":"A Thousand Cuts","floor":40,"key":"SMITH"},{"data":"Underhanded Strike+1","floor":49,"key":"PURGE"}],"circlet_count":0,"master_deck":["Survivor","Poisoned Stab+1","Poisoned Stab+1","Dagger Throw","Infinite Blades","Dagger Throw+1","Slice","Slice+1","Cloak And Dagger+1","Dagger Spray+1","Bandage Up","Poisoned Stab+1","Phantasmal Killer+1","Slice+1","Night Terror+1","Cloak And Dagger+1","Accuracy+1","Dagger Spray+1","Finisher+1","A Thousand Cuts+1","Blade Dance+1","Blade Dance+1"],"relics":["Ring of the Serpent","Membership Card","MerchantsRug","Lizard Tail","Question Card","Ninja Scroll","Orichalcum","ClockworkSouvenir","The Courier","Calipers","Medical Kit","Oddly Smooth Stone","Vajra","Omamori","Molten Egg 2","Lantern","Peace Pipe","Thread and Needle","Tiny Chest","Bag of Marbles","Bronze Scales","Kunai","SlaversCollar","TwistedFunnel","Pantograph","OrangePellets","Bottled Tornado","Singing Bowl","Blood Vial","Bottled Flame","Toxic Egg 2","Frozen Egg 2","HornCleat","Unceasing Top","Bottled Lightning"],"acts_visited":["Exordium","TheCity","TheBeyond"],"potions_floor_usage":[44,50],"damage_taken":[{"damage":0.0,"enemies":"Small Slimes","floor":1.0,"turns":2.0},{"damage":0.0,"enemies":"2 Louse","floor":2.0,"turns":1.0},{"damage":0.0,"enemies":"3 Sentries","floor":7.0,"turns":3.0},{"damage":0.0,"enemies":"Cultist","floor":8.0,"turns":1.0},{"damage":0.0,"enemies":"Lagavulin","floor":10.0,"turns":3.0},{"damage":0.0,"enemies":"3 Louse","floor":13.0,"turns":1.0},{"damage":0.0,"enemies":"Gremlin Gang","floor":14.0,"turns":1.0},{"damage":0.0,"enemies":"Slime Boss","floor":16.0,"turns":3.0},{"damage":0.0,"enemies":"3 Byrds","floor":18.0,"turns":2.0},{"damage":0.0,"enemies":"Chosen","floor":19.0,"turns":1.0},{"damage":0.0,"enemies":"Shelled Parasite and Fungi","floor":21.0,"turns":1.0},{"damage":0.0,"enemies":"Slavers","floor":23.0,"turns":2.0},{"damage":0.0,"enemies":"Gremlin Leader","floor":28.0,"turns":1.0},{"damage":0.0,"enemies":"Slavers","floor":31.0,"turns":1.0},{"damage":7.0,"enemies":"Collector","floor":33.0,"turns":3.0},{"damage":1.0,"enemies":"Orb Walker","floor":35.0,"turns":2.0},{"damage":0.0,"enemies":"3 Darklings","floor":36.0,"turns":1.0},{"damage":20,"enemies":"Maw","floor":38,"turns":4},{"damage":12,"enemies":"4 Shapes","floor":42,"turns":2},{"damage":21,"enemies":"Transient","floor":44,"turns":5},{"damage":8,"enemies":"Spire Growth","floor":45,"turns":2},{"damage":16,"enemies":"4 Shapes","floor":47,"turns":1},{"damage":0,"enemies":"Maw","floor":48,"turns":1},{"damage":47,"enemies":"Time Eater","floor":50,"turns":4}],"seed_played":"4634218227618495596","potions_obtained":[{"floor":10.0,"key":"Weak Potion"},{"floor":13.0,"key":"PowerPotion"},{"floor":16.0,"key":"Regen Potion"},{"floor":19.0,"key":"Poison Potion"},{"floor":23.0,"key":"Ancient Potion"},{"floor":44,"key":"Fruit Juice"},{"floor":45,"key":"GhostInAJar"}],"is_trial":false,"path_per_floor":["M","M","?","?","$","R","E","M","T","E","$","?","M","M","R","B",null,"M","M","T","M","$","E","R","?","T","$","E","?","$","E","R","B",null,"M","M","T","M","$","R","$","M","T","M","M","$","M","M","R","B",null],"character_chosen":"THE_SILENT","items_purchased":["Membership Card","MerchantsRug","Poisoned Stab","Question Card","Poisoned Stab","Ninja Scroll","Dagger Throw","Orichalcum","ClockworkSouvenir","Infinite Blades","Slice","Calipers","Slice","Medical Kit","Oddly Smooth Stone","Vajra","Omamori","Molten Egg 2","Lantern","Peace Pipe","Thread and Needle","Orrery","Dagger Spray+1","PowerPotion","DuplicationPotion","Bandage Up","Whetstone","Bronze Scales","DollysMirror","Kunai","TwistedFunnel","OrangePellets","Bottled Tornado","Singing Bowl","War Paint","Bottled Flame","Toxic Egg 2","Frozen Egg 2","HornCleat","SmokeBomb","Bottled Lightning","Blade Dance+1"],"campfire_rested":1,"item_purchase_floors":[0,0,0,0,0,0,0,0,0,0,5,5,5,5,5,5,5,5,5,5,5,5,5,5,5,5,11,11,11,11,27,30,30,30,30,39,39,39,39,41,46,46],"current_hp_per_floor":[42,42,25,25,25,50,54,54,54,58,58,58,58,58,58,62,84,84,84,84,84,84,84,84,84,84,84,84,48,48,54,54,78,86,87,90,97,77,77,77,77,73,73,65,65,65,53,57,57,41],"gold":98,"neow_bonus":"","is_daily":false,"chose_seed":false,"campfire_upgraded":3,"win_rate":0.0,"timestamp":1613425861,"path_taken":["M","M","?","?","$","R","E","?","T","E","$","?","M","?","R","BOSS","M","M","?","M","$","E","R","?","T","$","E","?","$","E","R","BOSS","M","?","?","M","$","R","$","M","T","M","M","$","M","M","R","BOSS"],"items_purchased_type":["Relic","Relic","Card","Relic","Card","Relic","Card","Relic","Relic","Card","Card","Relic","Card","Relic","Relic","Relic","Relic","Relic","Relic","Relic","Relic","Relic","Card","Potion","Potion","Card","Relic","Relic","Relic","Relic","Relic","Relic","Relic","Relic","Relic","Relic","Relic","Relic","Relic","Potion","Relic","Card"],"build_version":"2020-12-22","purchased_purges":10,"victory":true,"max_hp_per_floor":[84,84,84,84,84,84,84,84,84,84,84,84,84,84,84,84,84,84,84,84,84,84,84,84,84,84,84,84,84,84,86,86,86,86,88,90,97,97,97,97,97,99,99,106,108,108,110,112,112,112],"card_choices":[{"not_picked":["Slice","Footwork","Dodge and Roll"],"picked":"Dagger Throw","floor":1.0},{"not_picked":["Underhanded Strike","Sucker Punch","Deadly Poison","All Out Attack"],"picked":"SKIP","floor":2.0},{"not_picked":["Footwork","Quick Slash+1","Backflip"],"picked":"Cloak And Dagger","floor":5.0},{"not_picked":["Riddle With Holes+1","Acrobatics","Deflect"],"picked":"Tools of the Trade","floor":5.0},{"not_picked":["Masterful Stab+1","Riddle With Holes+1","Skewer+1"],"picked":"Underhanded Strike+1","floor":5.0},{"not_picked":["Backflip","Bane+1","Bouncing Flask","Glass Knife+1"],"picked":"SKIP","floor":7.0},{"not_picked":["Acrobatics","Heel Hook+1","Slice+1"],"picked":"Poisoned Stab+1","floor":8.0},{"not_picked":["Tools of the Trade","Dash+1","Distraction"],"picked":"Phantasmal Killer","floor":10.0},{"not_picked":["Bouncing Flask","Dash+1","Crippling Poison","Prepared"],"picked":"SKIP","floor":13.0},{"not_picked":["Quick Slash+1","Terror","Dodge and Roll","Flying Knee+1"],"picked":"SKIP","floor":14.0},{"not_picked":["Adrenaline","Doppelganger","Malaise"],"picked":"Night Terror","floor":16.0},{"not_picked":["Endless Agony+1","Terror","Calculated Gamble+1","Slice+1"],"picked":"SKIP","floor":18.0},{"not_picked":["Leg Sweep+1","Escape Plan","PiercingWail"],"picked":"Cloak And Dagger","floor":19.0},{"not_picked":["Cloak And Dagger","Backflip","Dagger Spray+1","Blur+1"],"picked":"SKIP","floor":21.0},{"not_picked":["Caltrops+1","Die Die Die+1","Bane+1"],"picked":"Accuracy+1","floor":23.0},{"not_picked":["Prepared+1","Dagger Spray+1","Dodge and Roll"],"picked":"Finisher+1","floor":28.0},{"not_picked":["Outmaneuver+1","Bane+1","Slice+1","Eviscerate+1"],"picked":"Singing Bowl","floor":31.0},{"not_picked":["Die Die Die+1","Malaise","After Image"],"picked":"A Thousand Cuts","floor":33.0},{"not_picked":["Bouncing Flask+1","Infinite Blades","Slice+1","Catalyst+1"],"picked":"Singing Bowl","floor":35.0},{"not_picked":["Prepared","Deflect","Tactician+1","Flechettes+1"],"picked":"Singing Bowl","floor":36.0},{"not_picked":["Backflip","Endless Agony+1","Caltrops"],"picked":"Blade Dance+1","floor":38},{"not_picked":["Predator+1","Acrobatics+1","All Out Attack+1","Leg Sweep+1"],"picked":"Singing Bowl","floor":42},{"not_picked":["Escape Plan+1","Bouncing Flask+1","Skewer+1","Dagger Spray+1"],"picked":"Singing Bowl","floor":44},{"not_picked":["Expertise+1","Blur+1","PiercingWail+1","Doppelganger+1"],"picked":"Singing Bowl","floor":45},{"not_picked":["Prepared+1","Underhanded Strike+1","Bane+1","Backflip+1"],"picked":"Singing Bowl","floor":47},{"not_picked":["Leg Sweep+1","Flying Knee+1","Backstab+1","Bane+1"],"picked":"Singing Bowl","floor":48}],"player_experience":281992,"relics_obtained":[{"floor":7.0,"key":"Tiny Chest"},{"floor":9.0,"key":"Potion Belt"},{"floor":10.0,"key":"Bag of Marbles"},{"floor":23.0,"key":"Ginger"},{"floor":26.0,"key":"Regal Pillow"},{"floor":28.0,"key":"Pantograph"},{"floor":31.0,"key":"Blood Vial"},{"floor":37.0,"key":"Strawberry"},{"floor":43,"key":"Unceasing Top"}],"event_choices":[{"damage_healed":0.0,"max_hp_gain":0.0,"max_hp_loss":0.0,"gold_gain":0.0,"event_name":"Shining Light","player_choice":"Entered Light","floor":3.0,"gold_loss":0.0,"damage_taken":17.0,"cards_upgraded":["Poisoned Stab","Dagger Throw"]},{"damage_healed":0.0,"max_hp_gain":0.0,"max_hp_loss":0.0,"gold_gain":0.0,"event_name":"WeMeetAgain","player_choice":"Paid Gold","floor":4.0,"gold_loss":51.0,"damage_taken":0.0,"relics_obtained":["The Courier"]},{"cards_removed":["Defend_G"],"damage_healed":0.0,"max_hp_gain":0.0,"max_hp_loss":0.0,"gold_gain":0.0,"event_name":"betterNote:BetterNote","player_choice":"Give","floor":12.0,"gold_loss":0.0,"damage_taken":0.0,"cards_obtained":["Predator"]},{"damage_healed":0.0,"max_hp_gain":0.0,"max_hp_loss":0.0,"gold_gain":0.0,"cards_transformed":["Defend_G","Defend_G"],"event_name":"Drug Dealer","player_choice":"Became Test Subject","floor":25.0,"gold_loss":0.0,"damage_taken":0.0,"cards_obtained":["Dagger Spray","Escape Plan"]},{"damage_healed":0.0,"max_hp_gain":0.0,"max_hp_loss":0.0,"gold_gain":360.0,"event_name":"Knowing Skull","player_choice":"GOLD GOLD GOLD GOLD ","floor":29.0,"potions_obtained":[],"gold_loss":0.0,"damage_taken":36.0,"cards_obtained":[]}],"is_beta":false,"boss_relics":[{"not_picked":["Tiny House","Pandora\u0027s Box"],"picked":"SlaversCollar"},{"not_picked":["Philosopher\u0027s Stone","Cursed Key"],"picked":"Ring of the Serpent"}],"items_purged_floors":[0,0,0,0,5,5,11,27,27,30],"is_endless":false,"potions_floor_spawned":[10,13,14,16,19,23,28,44,45],"ascension_level":2}}