{"host":"jfbo3eu2ui08ej1u","time":1613363174,"event":{"mods":["2.2 Compatiblity","AchievementEnabler","Act Like it!","Aspiration","BaseMod","Better Altar","Better Match","Better Note","Better Sensory Stone","Better Skull","Better Third Choice","Block Reminder","Colored Map","Colored Powertips","Conspire","DeckTracker","Displayed Cursed Tome","Energized Spire","Fox Events","GifTheSpireLib","Hermit","Hubris","Infinite Spire","Marked Mod","Minty Spire (QoL Compilation)","Monster B Gone","Pale of the Ancients","Poor People Problems","Quick Restart","Relic Filter","Reliquary","Reorder Act Four","Replay The Spire","Shop Mod","Spicy Shops","Spire Arcade","StSLib","Stuff the Spire","The Blue Laboratory","The Disciple","The Forsaken","The Hierophant","The Marked","Uncapped","Unceasing Turn Reminder","Wandering Minibosses"],"gold_per_floor":[112,126,136,148,40,40,65,65,65,94,104,130,130,162,162,259,259,272,19,132,251,270,270,270,270,300,300,300,345,372,425,434,476,476,682,682,692,692,712,727,727,727,738,738,817,831,852,887,107,131,131,131,131,131,131],"floor_reached":54,"language":"ENG","playtime":2984,"items_purged":["theForsaken:TheForsaken_Strike","theForsaken:TheForsaken_Strike"],"score":1229,"play_id":"07370cde-558f-4507-8f9c-51e9c0af8858","local_time":"20210214232614","is_ascension_mode":true,"campfire_choices":[{"data":"theForsaken:SpinAttack","floor":6.0,"key":"SMITH"},{"data":"theForsaken:BattleHymn","floor":8.0,"key":"SMITH"},{"data":"theForsaken:WrathOfGod","floor":15.0,"key":"SMITH"},{"floor":25.0,"key":"REST"},{"floor":27.0,"key":"REST"},{"floor":34.0,"key":"REST"},{"floor":42.0,"key":"REST"},{"floor":51.0,"key":"REST"}],"circlet_count":0,"master_deck":["theForsaken:TheForsaken_Strike","theForsaken:TheForsaken_Strike","theForsaken:TheForsaken_Defend","theForsaken:TheForsaken_Defend","theForsaken:TheForsaken_Defend","theForsaken:TheForsaken_Defend","theForsaken:Smite","theForsaken:Penitence","theForsaken:FatRoll","theForsaken:SpinAttack+1","theForsaken:RainingSunlight","theForsaken:ShieldCharge","theForsaken:BattleHymn+1","Pot Of Greed","Pot Of Greed","theForsaken:WrathOfGod+1","theForsaken:MagicWeapon","theForsaken:Thunderbolt","theForsaken:Horror","theForsaken:Bolster","theForsaken:Tranquility","theForsaken:FuryStrikes+1","theForsaken:FatRoll","theForsaken:WordsOfMight","Pot Of Greed","infinitespire:NeuralNetwork","theForsaken:FuryStrikes+1","theForsaken:SacredOath","Heavy Blade","theForsaken:Devotion","Clumsy","theForsaken:ShieldCharge","theForsaken:StoreUp+1"],"relics":["theForsaken:JudgementScales","Grinning Jar","theForsaken:Lifeblossom","hubris:Icosahedron","Boot","reliquary:RedPaperclip","Shuriken","reliquary:PartyBalloon","ReplayTheSpireMod:Ninjato","CeramicFish","hubris:DisguiseKit","Gremlin Horn","reliquary:SilkGlove","hubris:Towel","infinitespire:ShieldingShard","conspire:BottledYoYo","StuffTheSpire:HeavyRock","ReplayFunnel","Toy Ornithopter","aspiration:Lifesprig","paleoftheancients:Timepiece","Letter Opener","CultistMask"],"acts_visited":["Exordium","TheCity","TheBeyond","paleoftheancients:PaleOfTheAncients"],"potions_floor_usage":[54],"damage_taken":[{"damage":3.0,"enemies":"infinitespire:Voidling","floor":1.0,"turns":8.0},{"damage":0.0,"enemies":"conspire:RoseBush","floor":2.0,"turns":12.0},{"damage":2.0,"enemies":"Jaw Worm","floor":3.0,"turns":6.0},{"damage":3.0,"enemies":"Blue Slaver","floor":4.0,"turns":6.0},{"damage":15.0,"enemies":"Replay:BlueRogue","floor":10.0,"turns":4.0},{"damage":3.0,"enemies":"Exordium Wildlife","floor":11.0,"turns":4.0},{"damage":25.0,"enemies":"3 Sentries","floor":12.0,"turns":7.0},{"damage":23.0,"enemies":"Replay:BlueRogue","floor":14.0,"turns":8.0},{"damage":66.0,"enemies":"Fading Forest","floor":16.0,"turns":11.0},{"damage":14.0,"enemies":"Chosen","floor":18.0,"turns":7.0},{"damage":3.0,"enemies":"Shell Parasite","floor":20.0,"turns":6.0},{"damage":18.0,"enemies":"Snecko","floor":21.0,"turns":6.0},{"damage":54.0,"enemies":"Sentry and Sphere","floor":22.0,"turns":8.0},{"damage":12.0,"enemies":"Replay:Snechameleon","floor":26.0,"turns":8.0},{"damage":25.0,"enemies":"conspire:MimicChest","floor":29.0,"turns":9.0},{"damage":13.0,"enemies":"Snake Plant","floor":30.0,"turns":5.0},{"damage":2.0,"enemies":"Book of Stabbing","floor":31.0,"turns":6.0},{"damage":21.0,"enemies":"Replay:Snechameleon","floor":33.0,"turns":7.0},{"damage":35.0,"enemies":"Pondfish","floor":35.0,"turns":9.0},{"damage":46.0,"enemies":"3 Darklings","floor":37.0,"turns":5.0},{"damage":5.0,"enemies":"Orb Walker","floor":39.0,"turns":4.0},{"damage":28.0,"enemies":"Jaw Worm Horde","floor":40.0,"turns":5.0},{"damage":24.0,"enemies":"Sphere and 2 Shapes","floor":43.0,"turns":7.0},{"damage":16.0,"enemies":"Maw","floor":46.0,"turns":7.0},{"damage":25.0,"enemies":"3 Darklings","floor":47.0,"turns":5.0},{"damage":0.0,"enemies":"R_Hoarder","floor":48.0,"turns":6.0},{"damage":27.0,"enemies":"4 Shapes","floor":50.0,"turns":3.0},{"damage":29.0,"enemies":"Time Eater","floor":52.0,"turns":13.0},{"damage":93,"enemies":"Time Eater","floor":53,"turns":4},{"damage":95,"enemies":"Time Eater","floor":54,"turns":6}],"seed_played":"-8765135446971070821","potions_obtained":[{"floor":2.0,"key":"SteroidPotion"},{"floor":3.0,"key":"Energy Potion"},{"floor":11.0,"key":"Swift Potion"},{"floor":14.0,"key":"blueLaboratory:ExaltedPotion"},{"floor":16.0,"key":"Elixir"},{"floor":18.0,"key":"SkillPotion"},{"floor":22.0,"key":"blueLaboratory:FrostheartPotion"},{"floor":29.0,"key":"Elixir"},{"floor":37.0,"key":"AttackPotion"},{"floor":43.0,"key":"Cursed Concoction"}],"is_trial":false,"path_per_floor":["M","M","M","M","$","R","?","R","T","E","M","E","?","E","R","B",null,"M","$","M","M","M","PTL","PTL","R","E","R","T","?","M","E","AVR","E","R","B",null,"M","?","M","M","?","R","M","?","T","M","M","E","$","M","R","B","M","M"],"character_chosen":"THE_FORSAKEN","items_purchased":["theForsaken:BattleHymn","Shuriken","theForsaken:Devotion","StuffTheSpire:HeavyRock","ReplayFunnel","Toy Ornithopter","aspiration:Lifesprig","EntropicBrew","theForsaken:ShieldCharge"],"campfire_rested":5,"item_purchase_floors":[5,19,49,49,49,49,49,49,49],"current_hp_per_floor":[62,62,60,57,57,57,57,57,67,55,52,29,29,52,52,12,75,71,71,73,58,16,16,16,38,35,57,57,41,34,38,38,23,45,24,75,32,40,41,27,37,62,53,53,53,46,29,35,35,28,53,85,85,0,0],"gold":131,"neow_bonus":"RANDOM_COMMON_RELIC","is_daily":false,"chose_seed":false,"campfire_upgraded":3,"win_rate":0.0,"timestamp":1613363174,"path_taken":["M","?","M","M","$","R","?","R","T","E","M","E","?","E","R","BOSS","M","$","M","M","M","PTL","PTL","R","E","R","T","?","M","E","AVR","E","R","BOSS","M","?","M","?","?","R","M","?","T","M","M","E","$","M","R","BOSS","M","M"],"items_purchased_type":["Card","Relic","Card","Relic","Relic","Relic","Relic","Potion","Card"],"build_version":"2020-12-22","purchased_purges":2,"victory":false,"max_hp_per_floor":[65,65,65,65,65,65,65,65,75,75,75,75,75,75,75,75,75,75,75,75,75,75,75,75,75,75,75,75,75,75,75,75,75,75,75,75,75,75,75,75,85,85,85,85,85,85,85,85,85,85,85,85,85,85,85],"card_choices":[{"not_picked":["theForsaken:Preservation","theForsaken:CreepingInfection"],"picked":"theForsaken:FatRoll","floor":1.0},{"not_picked":["theForsaken:LightRoll","theForsaken:Parry"],"picked":"theForsaken:SpinAttack","floor":2.0},{"not_picked":["theForsaken:PanicDive","theForsaken:Backlash"],"picked":"theForsaken:RainingSunlight","floor":3.0},{"not_picked":["theForsaken:CorruptedWord","theForsaken:StoreUp"],"picked":"theForsaken:ShieldCharge","floor":4.0},{"not_picked":["theForsaken:SpreadingPlague","theForsaken:HymnOfPatience"],"picked":"theForsaken:WrathOfGod","floor":10.0},{"not_picked":["theForsaken:CowardsBrand","theForsaken:WordsOfPestilence"],"picked":"theForsaken:MagicWeapon","floor":11.0},{"not_picked":["theForsaken:NobleSacrifice","theForsaken:BlindFaith","theForsaken:ChargeAttack"],"picked":"SKIP","floor":12.0},{"not_picked":["theForsaken:StoreUp","theForsaken:ChargeAttack"],"picked":"theForsaken:Thunderbolt","floor":14.0},{"not_picked":["theForsaken:SpreadingPlague","theForsaken:SacrificeSoul"],"picked":"theForsaken:Horror","floor":16.0},{"not_picked":["theForsaken:RainingSunlight","theForsaken:Eulogy","theForsaken:Thunderbolt"],"picked":"SKIP","floor":18.0},{"not_picked":["theForsaken:LightRoll+1","theForsaken:CreepingInfection"],"picked":"theForsaken:Bolster","floor":20.0},{"not_picked":["theForsaken:WordsOfPestilence+1","theForsaken:BlessedWeapon"],"picked":"theForsaken:Tranquility","floor":21.0},{"not_picked":["theForsaken:HorrifyingStrike","theForsaken:Riposte","theForsaken:CowardsBrand+1"],"picked":"SKIP","floor":22.0},{"not_picked":["theForsaken:Eulogy","theForsaken:DarkRift","theForsaken:StoreUp"],"picked":"SKIP","floor":26.0},{"not_picked":["theForsaken:Preservation+1","theForsaken:ChargeAttack"],"picked":"theForsaken:FuryStrikes+1","floor":29.0},{"not_picked":["theForsaken:NobleSacrifice","theForsaken:Backlash"],"picked":"theForsaken:FatRoll","floor":30.0},{"not_picked":["theForsaken:Bolster","theForsaken:NobleSacrifice"],"picked":"theForsaken:WordsOfMight","floor":31.0},{"not_picked":["theForsaken:AncientWords+1","theForsaken:SolarFlare+1","Brutality"],"picked":"theForsaken:FuryStrikes+1","floor":33.0},{"not_picked":["theForsaken:Retribution","theForsaken:Prudence","Hemogenesis"],"picked":"theForsaken:SacredOath","floor":35.0},{"not_picked":["theForsaken:LightRoll","theForsaken:CorruptedWord+1","theForsaken:HymnOfRest+1","Combust"],"picked":"SKIP","floor":37.0},{"not_picked":["theForsaken:LightRoll","theForsaken:CorruptedWord+1","theForsaken:HymnOfRest+1","Combust"],"picked":"SKIP","floor":37.0},{"not_picked":["theForsaken:RainingSunlight+1","theForsaken:Thunderbolt+1","theForsaken:ScorchingSunlight+1","Thunderclap"],"picked":"SKIP","floor":39.0},{"not_picked":["theForsaken:ChargeAttack+1","theForsaken:HorrifyingStrike+1","theForsaken:SpinAttack","True Grit"],"picked":"SKIP","floor":40.0},{"not_picked":["theForsaken:NobleSacrifice","theForsaken:Thunderbolt+1","theForsaken:ScorchingSunlight+1","ReplayTheSpireMod:Corrosion Curse"],"picked":"SKIP","floor":43.0},{"not_picked":["theForsaken:InspiringBlow","theForsaken:Riposte","theForsaken:Bolster+1","Headbutt"],"picked":"SKIP","floor":46.0},{"not_picked":["theForsaken:HealingLight+1","theForsaken:ShieldBash+1","theForsaken:CowardsBrand+1"],"picked":"Heavy Blade","floor":47.0},{"not_picked":["theForsaken:FatRoll","theForsaken:HymnOfPatience+1","theForsaken:Parry","StuffTheSpire:Slingshot"],"picked":"SKIP","floor":48.0},{"not_picked":["theForsaken:ShieldBash+1","theForsaken:ShieldCharge+1","Eclipse"],"picked":"theForsaken:StoreUp+1","floor":50.0}],"player_experience":1328094,"relics_obtained":[{"floor":9.0,"key":"Pear"},{"floor":10.0,"key":"Grinning Jar"},{"floor":12.0,"key":"theForsaken:Lifeblossom"},{"floor":14.0,"key":"Boot"},{"floor":26.0,"key":"reliquary:PartyBalloon"},{"floor":28.0,"key":"ReplayTheSpireMod:Ninjato"},{"floor":29.0,"key":"CeramicFish"},{"floor":31.0,"key":"hubris:DisguiseKit"},{"floor":33.0,"key":"reliquary:SilkGlove"},{"floor":45.0,"key":"infinitespire:ShieldingShard"},{"floor":48.0,"key":"conspire:BottledYoYo"}],"event_choices":[],"is_beta":false,"boss_relics":[{"not_picked":["ReplayTheSpireMod:SealedPack","reliquary:KinkedSpring"],"picked":"reliquary:RedPaperclip"},{"not_picked":["aspiration:DefectSkillbook","hubris:GrandSneckoEye","Replay:Bronze Core"]}],"items_purged_floors":[32,49],"is_endless":false,"potions_floor_spawned":[2,3,11,14,16,18,22,29,30,37,43,46,48,50],"killed_by":"Time Eater","ascension_level":4}}