{"host":"v86vpwf004p2esb7","time":1613425759,"event":{"mods":["AchievementEnabler","BaseMod","BetterRewards","Colored Powertips","Minty Spire (QoL Compilation)","Quick Restart","StSLib","Transform Curses"],"gold_per_floor":[117,130,144,161,161,161,161,186,211,250,250,271,271,289,289,289,289],"floor_reached":16,"language":"ENG","playtime":678,"items_purged":[],"score":104,"play_id":"51064543-31bd-4541-8f15-7f7de79519fc","local_time":"20210215134919","is_ascension_mode":false,"campfire_choices":[{"data":"Blade Dance","floor":6,"key":"SMITH"},{"data":"Cloak And Dagger","floor":11,"key":"SMITH"},{"data":"Storm of Steel","floor":15,"key":"SMITH"}],"circlet_count":0,"master_deck":["Strike_G","Strike_G","Strike_G","Strike_G","Strike_G","Defend_G","Defend_G","Defend_G","Defend_G","Defend_G","Survivor","Neutralize","Noxious Fumes+1","Bane","Bane","Prepared","Blade Dance+1","Cloak And Dagger+1","Infinite Blades+1","Bane","Storm of Steel+1"],"relics":["Ring of the Snake","FossilizedHelix","Lee\u0027s Waffle","Membership Card","Frozen Egg 2","Pen Nib","Golden Idol","Oddly Smooth Stone","Omamori","Potion Belt"],"acts_visited":["Exordium"],"potions_floor_usage":[10,16,16],"damage_taken":[{"damage":0,"enemies":"2 Louse","floor":1,"turns":3},{"damage":0,"enemies":"Small Slimes","floor":2,"turns":3},{"damage":0,"enemies":"Jaw Worm","floor":3,"turns":3},{"damage":5,"enemies":"3 Louse","floor":4,"turns":4},{"damage":10,"enemies":"Exordium Thugs","floor":8,"turns":4},{"damage":12,"enemies":"3 Sentries","floor":10,"turns":6},{"damage":0,"enemies":"Blue Slaver","floor":12,"turns":3},{"damage":0,"enemies":"Looter","floor":14,"turns":2},{"damage":26,"enemies":"The Guardian","floor":16,"turns":8}],"seed_played":"6708127264271046998","potions_obtained":[{"floor":3,"key":"Dexterity Potion"},{"floor":4,"key":"DistilledChaos"},{"floor":8,"key":"ColorlessPotion"}],"is_trial":false,"path_per_floor":["M","M","M","M","?","R","?","M","T","E","R","M","?","M","R","B"],"character_chosen":"THE_SILENT","items_purchased":["Lee\u0027s Waffle","Noxious Fumes","Membership Card","Frozen Egg 2","Pen Nib"],"campfire_rested":0,"item_purchase_floors":[0,0,0,0,0],"current_hp_per_floor":[77,77,77,72,72,72,53,43,43,31,31,31,24,24,24,0,0],"gold":289,"neow_bonus":"","is_daily":false,"chose_seed":false,"campfire_upgraded":3,"win_rate":0.0,"timestamp":1613425759,"path_taken":["M","M","M","M","?","R","?","M","T","E","R","M","?","?","R","BOSS"],"items_purchased_type":["Relic","Card","Relic","Relic","Relic"],"build_version":"2020-12-22","purchased_purges":0,"victory":false,"max_hp_per_floor":[77,77,77,77,77,77,77,77,77,77,77,77,77,77,77,77,77],"card_choices":[{"not_picked":["Backflip","Slice"],"picked":"Bane","floor":1},{"not_picked":["Dodge and Roll","Outmaneuver"],"picked":"Bane","floor":2},{"not_picked":["Masterful Stab","Dash"],"picked":"Prepared","floor":3},{"not_picked":["Acrobatics","Footwork+1"],"picked":"Blade Dance","floor":4},{"not_picked":["Quick Slash","Masterful Stab"],"picked":"Cloak And Dagger","floor":8},{"not_picked":["Bane","Quick Slash"],"picked":"Infinite Blades+1","floor":10},{"not_picked":["Slice","Prepared"],"picked":"Bane","floor":12},{"not_picked":["Bane","Eviscerate"],"picked":"Storm of Steel","floor":14}],"player_experience":262406,"relics_obtained":[{"floor":9,"key":"Oddly Smooth Stone"},{"floor":10,"key":"Omamori"}],"event_choices":[{"damage_healed":0,"gold_gain":0,"player_choice":"Grow","damage_taken":0,"max_hp_gain":0,"max_hp_loss":0,"event_name":"Living Wall","floor":5,"gold_loss":0,"cards_upgraded":["Noxious Fumes"]},{"damage_healed":0,"gold_gain":0,"player_choice":"Take Damage","damage_taken":19,"relics_obtained":["Golden Idol"],"max_hp_gain":0,"max_hp_loss":0,"event_name":"Golden Idol","floor":7,"gold_loss":0},{"damage_healed":0,"gold_gain":0,"player_choice":"Success","damage_taken":7,"relics_obtained":["Potion Belt"],"max_hp_gain":0,"max_hp_loss":0,"event_name":"Scrap Ooze","floor":13,"gold_loss":0}],"is_beta":false,"boss_relics":[],"items_purged_floors":[],"is_endless":false,"potions_floor_spawned":[3,4,8],"killed_by":"The Guardian","ascension_level":0}}