{"host":"ufhw4cf0hh51lveu","time":1613393117,"event":{"mods":["BaseMod","DeckTracker","Minty Spire (QoL Compilation)","SuperFastMode"],"gold_per_floor":[10,27,27,27,40,40,65,103,126,139,139,12,37,37,37,160,160,181,171,17,17,17,52,52,86,135,162,174,111,143,155,155],"floor_reached":31,"language":"KOR","playtime":1256,"items_purged":["Injury","Parasite"],"score":275,"play_id":"e83e3982-2a6e-4cd0-9d52-5a020ea26aa1","local_time":"20210215214517","is_ascension_mode":false,"campfire_choices":[{"data":"Body Slam","floor":6,"key":"SMITH"},{"floor":11,"key":"REST"},{"data":"Armaments","floor":15,"key":"SMITH"},{"floor":24,"key":"REST"}],"circlet_count":0,"master_deck":["Strike_R","Strike_R","Defend_R","Defend_R","Defend_R","Bash","Pummel","Disarm","Body Slam+1","Twin Strike","Spot Weakness","Armaments+1","Sword Boomerang","Twin Strike","Fire Breathing","Impervious","Heavy Blade","Flame Barrier","Flex","Flex","Flex","Armaments","Feed","Cleave"],"relics":["Black Blood","Golden Idol","Ancient Tea Set","Oddly Smooth Stone","Blood Vial","HornCleat","MawBank"],"acts_visited":["Exordium","TheCity"],"potions_floor_usage":[8,16,25,27,31],"damage_taken":[{"damage":0,"enemies":"Small Slimes","floor":1,"turns":3},{"damage":0,"enemies":"2 Louse","floor":2,"turns":4},{"damage":11,"enemies":"Jaw Worm","floor":5,"turns":2},{"damage":26,"enemies":"Lots of Slimes","floor":7,"turns":6},{"damage":34,"enemies":"3 Sentries","floor":8,"turns":8},{"damage":2,"enemies":"Exordium Wildlife","floor":10,"turns":3},{"damage":4,"enemies":"Looter","floor":13,"turns":2},{"damage":35,"enemies":"Slime Boss","floor":16,"turns":9},{"damage":9,"enemies":"3 Byrds","floor":18,"turns":8},{"damage":24,"enemies":"2 Thieves","floor":19,"turns":4},{"damage":44,"enemies":"Slavers","floor":23,"turns":6},{"damage":47,"enemies":"Book of Stabbing","floor":25,"turns":6},{"damage":13,"enemies":"Snake Plant","floor":27,"turns":3},{"damage":18,"enemies":"Centurion and Healer","floor":30,"turns":7},{"damage":26,"enemies":"3 Cultists","floor":31,"turns":4}],"seed_played":"2368416912004978917","potions_obtained":[{"floor":1,"key":"DuplicationPotion"},{"floor":8,"key":"SkillPotion"},{"floor":19,"key":"SpeedPotion"},{"floor":25,"key":"DuplicationPotion"},{"floor":30,"key":"EssenceOfSteel"}],"is_trial":false,"path_per_floor":["M","M","?","?","M","R","M","E","T","M","R","$","M","?","R","B",null,"M","M","$","?","$","E","R","E","T","M","?","?","M","M"],"character_chosen":"IRONCLAD","items_purchased":["Twin Strike","Flex"],"campfire_rested":2,"item_purchase_floors":[12,20],"current_hp_per_floor":[80,80,80,80,75,75,55,27,27,31,55,55,57,77,77,48,80,80,68,68,68,68,36,59,26,26,27,27,27,23,0,0],"gold":155,"neow_bonus":"TRANSFORM_TWO_CARDS","is_daily":false,"chose_seed":false,"campfire_upgraded":2,"win_rate":0.0,"timestamp":1613393117,"path_taken":["M","M","?","?","M","R","M","E","T","M","R","$","M","?","R","BOSS","M","M","$","?","$","E","R","E","T","M","?","?","M","M"],"items_purchased_type":["Card","Card"],"build_version":"2020-12-22","purchased_purges":2,"victory":false,"max_hp_per_floor":[80,80,80,80,80,80,80,80,80,80,80,80,80,80,80,80,80,80,80,77,77,77,77,77,77,77,77,77,77,77,77,77],"card_choices":[{"not_picked":["Fire Breathing","Iron Wave"],"picked":"Body Slam","floor":1},{"not_picked":["Combust","Uppercut"],"picked":"Twin Strike","floor":2},{"not_picked":["Dropkick","Metallicize"],"picked":"Armaments","floor":5},{"not_picked":["Heavy Blade","Perfected Strike","True Grit"],"picked":"SKIP","floor":7},{"not_picked":["Seeing Red","Brutality"],"picked":"Sword Boomerang","floor":8},{"not_picked":["Shockwave","Perfected Strike","Hemokinesis"],"picked":"SKIP","floor":10},{"not_picked":["Warcry","Pommel Strike"],"picked":"Fire Breathing","floor":13},{"not_picked":["Corruption","Brutality"],"picked":"Impervious","floor":16},{"not_picked":["Headbutt+1","Cleave+1"],"picked":"Heavy Blade","floor":18},{"not_picked":["Headbutt","Power Through+1"],"picked":"Flame Barrier","floor":19},{"not_picked":["Dropkick","Blood for Blood"],"picked":"Flex","floor":23},{"not_picked":["Clash+1","Second Wind+1"],"picked":"Armaments","floor":25},{"not_picked":["Body Slam","Sword Boomerang"],"picked":"Feed","floor":27},{"not_picked":["Armaments","Perfected Strike"],"picked":"Cleave","floor":30}],"player_experience":18063,"relics_obtained":[{"floor":8,"key":"Ancient Tea Set"},{"floor":9,"key":"Oddly Smooth Stone"},{"floor":23,"key":"Blood Vial"},{"floor":25,"key":"HornCleat"},{"floor":26,"key":"MawBank"}],"event_choices":[{"damage_healed":0,"gold_gain":0,"cards_transformed":["Strike_R"],"player_choice":"Change","damage_taken":0,"max_hp_gain":0,"max_hp_loss":0,"event_name":"Living Wall","floor":3,"gold_loss":0,"cards_obtained":["Spot Weakness"]},{"damage_healed":0,"gold_gain":0,"player_choice":"Take Wound","damage_taken":0,"relics_obtained":["Golden Idol"],"max_hp_gain":0,"max_hp_loss":0,"event_name":"Golden Idol","floor":4,"gold_loss":0,"cards_obtained":["Injury"]},{"damage_healed":20,"gold_gain":0,"player_choice":"Healed and dodged fight","damage_taken":0,"max_hp_gain":0,"max_hp_loss":0,"event_name":"Mushrooms","floor":14,"gold_loss":0,"cards_obtained":["Parasite"]},{"damage_healed":0,"gold_gain":0,"player_choice":"Read","damage_taken":0,"max_hp_gain":0,"max_hp_loss":0,"event_name":"The Library","floor":21,"gold_loss":0,"cards_obtained":["Flex"]},{"damage_healed":0,"gold_gain":0,"player_choice":"Ignored","damage_taken":0,"max_hp_gain":0,"max_hp_loss":0,"event_name":"Ghosts","floor":28,"gold_loss":0},{"cards_removed":["Strike_R"],"damage_healed":0,"gold_gain":0,"player_choice":"Gave Gold","damage_taken":0,"max_hp_gain":0,"max_hp_loss":0,"event_name":"Beggar","floor":29,"gold_loss":75}],"is_beta":false,"boss_relics":[{"not_picked":["Busted Crown","Calling Bell"],"picked":"Black Blood"}],"items_purged_floors":[12,20],"is_endless":false,"potions_floor_spawned":[1,8,19,25,30],"killed_by":"3 Cultists","ascension_level":0}}