{"host":"c6u7e77myxvw4d0m","time":1613374086,"event":{"mods":["AchievementEnabler","BaseMod","Bestiary","Colored Map","Colored Powertips","Minty Spire (QoL Compilation)","Rare Cards Sparkle","Relic Stats","everything is the same but u backflip on backflip"],"gold_per_floor":[119,119,136,155,171,171,201,201,201,221,231,249,267,17,17,17,17],"floor_reached":16,"language":"ENG","playtime":1195,"items_purged":["Strike_G"],"score":312,"play_id":"79f6a7e6-be87-4702-9144-c0f2ace9d332","local_time":"20210215092806","is_ascension_mode":true,"campfire_choices":[{"data":"Infinite Blades","floor":6,"key":"SMITH"},{"data":"Cloak And Dagger","floor":8,"key":"SMITH"},{"data":"Footwork","floor":15,"key":"SMITH"}],"circlet_count":0,"master_deck":["AscendersBane","Strike_G","Strike_G","Strike_G","Strike_G","Defend_G","Defend_G","Defend_G","Defend_G","Defend_G","Survivor","Neutralize","Dagger Spray+1","Infinite Blades+1","Quick Slash","Blade Dance","Cloak And Dagger+1","Poisoned Stab","Footwork+1","Die Die Die"],"relics":["Ring of the Snake","Boot","Anchor"],"acts_visited":["Exordium"],"potions_floor_usage":[7,12,16,16],"damage_taken":[{"damage":6,"enemies":"Small Slimes","floor":1,"turns":4},{"damage":4,"enemies":"Cultist","floor":3,"turns":4},{"damage":2,"enemies":"Jaw Worm","floor":4,"turns":5},{"damage":1,"enemies":"3 Louse","floor":5,"turns":2},{"damage":20,"enemies":"3 Sentries","floor":7,"turns":5},{"damage":0,"enemies":"Exordium Wildlife","floor":10,"turns":3},{"damage":3,"enemies":"Large Slime","floor":11,"turns":4},{"damage":0,"enemies":"Blue Slaver","floor":12,"turns":2},{"damage":7,"enemies":"2 Fungi Beasts","floor":13,"turns":3},{"damage":36,"enemies":"Hexaghost","floor":16,"turns":11}],"seed_played":"4832905976590987604","potions_obtained":[{"floor":3,"key":"Regen Potion"},{"floor":7,"key":"Energy Potion"},{"floor":12,"key":"EssenceOfSteel"},{"floor":13,"key":"LiquidMemories"}],"is_trial":false,"path_per_floor":["M","?","M","M","M","R","E","R","T","M","M","M","M","$","R","B"],"character_chosen":"THE_SILENT","items_purchased":["Footwork","Die Die Die"],"campfire_rested":0,"item_purchase_floors":[14,14],"current_hp_per_floor":[53,53,49,47,46,46,40,40,40,40,37,37,30,30,30,0,0],"gold":17,"neow_bonus":"RANDOM_COMMON_RELIC","is_daily":false,"chose_seed":false,"campfire_upgraded":3,"win_rate":0.0,"timestamp":1613374086,"path_taken":["M","?","M","M","M","R","E","R","T","?","M","M","M","$","R","BOSS"],"items_purchased_type":["Card","Card"],"build_version":"2020-12-22","purchased_purges":1,"victory":false,"max_hp_per_floor":[66,66,66,66,66,66,66,66,66,66,66,66,66,66,66,66,66],"relic_stats":{"counters":[10,43],"Boot":[99],"obtain_stats":[{"Anchor":7,"Boot":0,"Ring of the Snake":0},{"Anchor":5,"Boot":0,"Ring of the Snake":0},{"Anchor":20,"Boot":0,"Ring of the Snake":0}],"Ring of the Snake":[20]},"card_choices":[{"not_picked":["Underhanded Strike","Outmaneuver"],"picked":"Dagger Spray","floor":1},{"not_picked":["Prepared","PiercingWail"],"picked":"Infinite Blades","floor":3},{"not_picked":["Backstab","PiercingWail"],"picked":"Quick Slash","floor":4},{"not_picked":["Poisoned Stab","Accuracy"],"picked":"Blade Dance","floor":5},{"not_picked":["Caltrops","Terror"],"picked":"Cloak And Dagger","floor":7},{"not_picked":["Flying Knee","Poisoned Stab","Dagger Spray"],"picked":"SKIP","floor":10},{"not_picked":["Dagger Spray","Bane","Quick Slash"],"picked":"SKIP","floor":11},{"not_picked":["Acrobatics","Quick Slash"],"picked":"Poisoned Stab","floor":12},{"not_picked":["Catalyst","Concentrate","Sucker Punch"],"picked":"SKIP","floor":13}],"player_experience":807759,"relics_obtained":[{"floor":7,"key":"Anchor"}],"event_choices":[{"damage_healed":0,"gold_gain":0,"player_choice":"Upgraded","damage_taken":0,"max_hp_gain":0,"max_hp_loss":0,"event_name":"Upgrade Shrine","floor":2,"gold_loss":0,"cards_upgraded":["Dagger Spray"]}],"is_beta":false,"boss_relics":[],"items_purged_floors":[14],"is_endless":false,"potions_floor_spawned":[3,7,12,13],"killed_by":"Hexaghost","ascension_level":20}}