{"host":"c9gk0qvlyxpqjtz8","time":1613374897,"event":{"mods":["100% Spire Juice","Act Like it!","Arknights","BaseMod","BetterRewards","Colored Powertips","Downfall","Hermit","Highlight Path","KinomotoSakuraMod(ƒæ÷Æ±æ”£)","Marisa£®ÏF”Í°°ƒß¿Ì…≥£©","Minty Spire (QoL Compilation)","READ ME - Guardian Mod","Reimu£®≤©¿ˆ¡È√Œ£©","Relic Stats","Remilia£®¿Ÿ√◊¿Ú—«£©","Replay The Spire","RumiaBox-¬∂√◊Ê´µƒ…Ò√ÿ∫–◊”","StSLib","TestMod","The Bladedancer","The Bug Knight","The Cursed","The Hierophant","The Servant 0.9.4","UnlockEverythingMod","WarShipGirlsR/’ΩΩ¢…Ÿ≈ÆR mod","Youmu£®ªÍ∆«—˝√Œ£©"],"gold_per_floor":[114,114,136,136,155,199,199,208,231,231,256,256,276,290,290,398,457,477,486,507,457,469,501,514,514,584,619,637,637,662,673,673,673,673],"floor_reached":33,"language":"ZHS","playtime":3074,"items_purged":[],"score":401,"play_id":"6d3a188d-ddb0-41c3-ad94-9c39aabdfc1d","local_time":"20210215154137","is_ascension_mode":false,"campfire_choices":[{"floor":7,"key":"RECALL"},{"data":"ats:Emotion Absorption","floor":10,"key":"SMITH"},{"floor":15,"key":"REST"},{"data":"ats:Shadow Assault","floor":25,"key":"SMITH"},{"floor":32,"key":"REST"}],"circlet_count":0,"master_deck":["ats:Strike C","ats:Strike G","ats:Strike S","ats:Strike V","ats:Armor Crushing Shot","ats:Defend+1","ats:Defend","ats:Defend","ats:Defend","ats:Emotion Absorption+1","ats:Curse Doll","ats:Thorns","ats:Sashimi Platter","ats:Closed Bolt Burst Fire","ats:Mental Burst","ats:Hammer On","ats:Composite Medical Shells","ats:Ignite","ats:Shadow Assault+1","ats:Shell Defense","ats:Ignite+1","ats:Soul Rend","ats:Hammer On+1","ats:Counter Healing Mode","ats:Neurotoxin+1"],"relics":["ats:Sanity","testmod-TestBox","NeowsBlessing","testmod-Brilliant","CeramicFish","ats:Originium","BranchBurnRelic","testmod-ThousandKnives","Tiny House","Baka2","LastBattle","StrikeDummy","testmod-LifeArmor","Mango"],"acts_visited":["Exordium","TheCity"],"potions_floor_usage":[16,16,16,22,27,33,33],"damage_taken":[{"damage":0,"enemies":"Jaw Worm","floor":1,"turns":1},{"damage":0,"enemies":"ats:Genji","floor":5,"turns":1},{"damage":0,"enemies":"HollowMod:MossKnight","floor":6,"turns":1},{"damage":39,"enemies":"Lagavulin","floor":8,"turns":8},{"damage":0,"enemies":"2 Louse","floor":11,"turns":1},{"damage":1,"enemies":"Looter","floor":12,"turns":3},{"damage":6,"enemies":"Large Slime","floor":13,"turns":3},{"damage":0,"enemies":"Blue Slaver","floor":14,"turns":2},{"damage":53,"enemies":"Fading Forest","floor":16,"turns":11},{"damage":0,"enemies":"3 Byrds","floor":18,"turns":1},{"damage":0,"enemies":"2 Thieves","floor":20,"turns":1},{"damage":21,"enemies":"Snake Plant","floor":22,"turns":4},{"damage":0,"enemies":"Slavers","floor":23,"turns":1},{"damage":0,"enemies":"Shelled Parasite and Fungi","floor":24,"turns":1},{"damage":56,"enemies":"Replay:Snechameleon","floor":27,"turns":6},{"damage":0,"enemies":"Sentry and Sphere","floor":28,"turns":1},{"damage":7,"enemies":"Snecko","floor":30,"turns":3},{"damage":30,"enemies":"Centurion and Healer","floor":31,"turns":9},{"damage":75,"enemies":"Champ","floor":33,"turns":9}],"seed_played":"7489526013469145806","potions_obtained":[{"floor":5,"key":"Strength Potion"},{"floor":8,"key":"Cursed Concoction"},{"floor":12,"key":"Toxic Potion"},{"floor":14,"key":"Explosive Potion"},{"floor":16,"key":"SteroidPotion"},{"floor":17,"key":"Weak Potion"},{"floor":18,"key":"Fire Potion"},{"floor":23,"key":"Dexterity Potion"},{"floor":24,"key":"Elixir"},{"floor":28,"key":"FearPotion"}],"is_trial":false,"path_per_floor":["M","?","?","?","M","E","R","E","T","R","M","M","M","M","R","B",null,"M","?","M","?","M","E","M","R","T","E","M","$","M","M","R","B"],"character_chosen":"DOCTOR_CLASS","items_purchased":[],"campfire_rested":2,"item_purchase_floors":[],"current_hp_per_floor":[72,72,54,54,54,54,54,41,41,41,41,40,39,39,60,32,77,77,77,77,77,62,62,62,62,62,30,30,30,42,20,47,0,0],"gold":673,"neow_bonus":"THREE_ENEMY_KILL","is_daily":false,"chose_seed":false,"campfire_upgraded":2,"win_rate":0.0,"timestamp":1613374897,"path_taken":["M","?","?","?","M","E","R","E","T","R","M","M","M","M","R","BOSS","M","?","M","?","M","E","?","R","T","E","M","$","M","M","R","BOSS"],"items_purchased_type":[],"build_version":"2020-12-22","purchased_purges":0,"victory":false,"max_hp_per_floor":[72,72,72,72,72,72,72,72,72,72,72,72,72,72,72,72,77,77,77,77,77,77,77,77,77,77,77,77,77,91,91,91,101,101],"relic_stats":{"counters":[19,67],"CeramicFish":108,"obtain_stats":[{"testmod-TestBox":0,"Tiny House":17,"NeowsBlessing":0,"Dead Branch":3,"CeramicFish":6,"Mango":30,"testmod-LifeArmor":27,"Baka":1,"LastBattle":23,"testmod-Brilliant":0,"BranchBurnRelic":7,"Baka2":20,"ats:Originium":6,"testmod-ThousandKnives":8,"ats:Sanity":0,"StrikeDummy":26},{"testmod-TestBox":0,"Tiny House":9,"NeowsBlessing":0,"Dead Branch":1,"CeramicFish":3,"Mango":17,"testmod-LifeArmor":15,"Baka":1,"LastBattle":13,"testmod-Brilliant":0,"BranchBurnRelic":3,"Baka2":11,"ats:Originium":3,"testmod-ThousandKnives":4,"ats:Sanity":0,"StrikeDummy":14},{"testmod-TestBox":0,"Tiny House":31,"NeowsBlessing":0,"Dead Branch":1,"CeramicFish":3,"Mango":49,"testmod-LifeArmor":45,"Baka":1,"LastBattle":38,"testmod-Brilliant":0,"BranchBurnRelic":3,"Baka2":33,"ats:Originium":3,"testmod-ThousandKnives":11,"ats:Sanity":0,"StrikeDummy":39}]},"card_choices":[{"not_picked":["ats:Explosion Area Strengthen","ats:Guard Mode"],"picked":"ats:Curse Doll","floor":1},{"not_picked":["ats:Steam Pump","ats:Serious Mode"],"picked":"ats:Thorns","floor":3},{"not_picked":["ats:Collapsing Strike","ats:Part Time Job"],"picked":"ats:Sashimi Platter","floor":5},{"not_picked":["ats:Guard Mode","ats:Curse Doll"],"picked":"ats:Closed Bolt Burst Fire","floor":6},{"not_picked":["ats:Curse Doll","ats:Chain Hook"],"picked":"ats:Mental Burst","floor":8},{"not_picked":["ats:Encircling Forest","ats:Cat Scratch"],"picked":"ats:Hammer On","floor":11},{"not_picked":["ats:Flexible Camouflage","ats:Consecutive Shot Auto"],"picked":"ats:Composite Medical Shells","floor":12},{"not_picked":["ats:Sunburst","ats:Blood Oath"],"picked":"ats:Ignite","floor":13},{"not_picked":["ats:Closed Bolt Burst Fire","ats:LN2 Cannon","ats:Steam Pump"],"picked":"SKIP","floor":14},{"not_picked":["ats:Fractured Body","ats:Disruption Kick"],"picked":"ats:Shadow Assault","floor":16},{"not_picked":["ats:Beaten Up","ats:Absolute Focus"],"picked":"ats:Shell Defense","floor":17},{"not_picked":["ats:Cat Scratch","ats:Curse Doll"],"picked":"ats:Ignite+1","floor":18},{"not_picked":["ats:Apocalypse","ats:Explosion Area Strengthen"],"picked":"ats:Hammer On+1","floor":20},{"not_picked":["ats:Revitalization","ats:Cat Scratch","ats:Demon Strength"],"picked":"SKIP","floor":22},{"not_picked":["ats:Fractured Body","ats:Closed Bolt Burst Fire","ats:Explosion Area Strengthen"],"picked":"SKIP","floor":23},{"not_picked":["ats:Hammer On+1","ats:Hook Shot","ats:Very Hot Blade"],"picked":"SKIP","floor":24},{"not_picked":["ats:Part Time Job","ats:Wolf Pack"],"picked":"ats:Counter Healing Mode","floor":27},{"not_picked":["ats:Demon Strength","ats:Hook Shot","ats:Explosion Area Strengthen"],"picked":"SKIP","floor":28},{"not_picked":["ats:Curse Doll","ats:Apocalypse"],"picked":"ats:Neurotoxin+1","floor":30},{"not_picked":["ats:Explosion Area Strengthen","ats:Chain Hook","ats:Revitalization+1"],"picked":"SKIP","floor":31}],"player_experience":143915,"relics_obtained":[{"floor":1,"key":"Baka"},{"floor":3,"key":"Dead Branch"},{"floor":6,"key":"CeramicFish"},{"floor":6,"key":"ats:Originium"},{"floor":8,"key":"ats:Originium"},{"floor":8,"key":"testmod-ThousandKnives"},{"floor":20,"key":"Baka2"},{"floor":23,"key":"LastBattle"},{"floor":23,"key":"ats:Originium"},{"floor":26,"key":"StrikeDummy"},{"floor":27,"key":"ats:Originium"},{"floor":27,"key":"testmod-LifeArmor"},{"floor":30,"key":"Mango"}],"event_choices":[{"damage_healed":0,"gold_gain":0,"player_choice":"Ignored","damage_taken":0,"max_hp_gain":0,"max_hp_loss":0,"event_name":"Liars Game","floor":4,"gold_loss":0},{"damage_healed":0,"gold_gain":0,"player_choice":"Read","damage_taken":0,"max_hp_gain":0,"max_hp_loss":0,"event_name":"The Library","floor":19,"gold_loss":0,"cards_obtained":["ats:Soul Rend"]},{"damage_healed":0,"gold_gain":0,"player_choice":"Bet on Murderer","damage_taken":0,"max_hp_gain":0,"max_hp_loss":0,"event_name":"The Joust","floor":21,"gold_loss":50}],"is_beta":false,"boss_relics":[{"not_picked":["Painkiller Herb","Sozu"],"picked":"Tiny House"}],"items_purged_floors":[],"is_endless":false,"potions_floor_spawned":[5,8,12,14,16,18,23,24,28],"killed_by":"Champ","ascension_level":0}}