{"host":"6rz02yiipefhcw4r","time":1613385965,"event":{"mods":["2.2 Compatiblity","BaseMod","Block Reminder","Colored Map","Curses Come First","DeckTracker","Googly Eyes","Minty Spire (QoL Compilation)","Quick Restart","Rare Cards Sparkle","StSLib"],"gold_per_floor":[110,23,34,34,34,67,86,116,143,143,171,171,171,171],"floor_reached":13,"language":"ENG","playtime":306,"items_purged":[],"score":302,"play_id":"67bf6da4-eafa-4612-b2d7-ad08becb37db","local_time":"20210215084605","is_ascension_mode":true,"campfire_choices":[{"data":"Deadly Poison","floor":10,"key":"SMITH"},{"data":"Footwork","floor":12,"key":"SMITH"}],"circlet_count":0,"master_deck":["AscendersBane","Strike_G","Strike_G","Strike_G","Strike_G","Strike_G","Defend_G+1","Defend_G","Defend_G+1","Defend_G","Defend_G","Survivor","Neutralize","All Out Attack+1","Footwork","Flying Knee","Deadly Poison+1","Dash","Backflip","Footwork+1"],"relics":["Ring of the Snake","NeowsBlessing","Vajra","Tiny Chest","War Paint","Sundial"],"acts_visited":["Exordium"],"potions_floor_usage":[8,11],"damage_taken":[{"damage":0,"enemies":"Jaw Worm","floor":1,"turns":1},{"damage":0,"enemies":"2 Louse","floor":3,"turns":1},{"damage":0,"enemies":"Gremlin Nob","floor":6,"turns":1},{"damage":6,"enemies":"Cultist","floor":7,"turns":3},{"damage":0,"enemies":"3 Sentries","floor":8,"turns":7},{"damage":3,"enemies":"Lagavulin","floor":11,"turns":7},{"damage":53,"enemies":"Gremlin Nob","floor":13,"turns":4}],"seed_played":"-6523632444838350503","potions_obtained":[{"floor":5,"key":"LiquidMemories"},{"floor":5,"key":"DistilledChaos"}],"is_trial":false,"path_per_floor":["M","$","M","?","?","E","M","E","T","R","E","R","E"],"character_chosen":"THE_SILENT","items_purchased":["Footwork"],"campfire_rested":0,"item_purchase_floors":[2],"current_hp_per_floor":[59,59,59,59,59,59,53,53,53,53,50,50,0,0],"gold":171,"neow_bonus":"THREE_ENEMY_KILL","is_daily":false,"chose_seed":false,"campfire_upgraded":2,"win_rate":0.0,"timestamp":1613385965,"path_taken":["M","$","M","?","?","E","?","E","T","R","E","R","E"],"items_purchased_type":["Card"],"build_version":"2020-12-22","purchased_purges":0,"victory":false,"max_hp_per_floor":[66,66,66,66,66,66,66,66,66,66,66,66,66,66],"card_choices":[{"not_picked":["Flying Knee","Endless Agony"],"picked":"All Out Attack","floor":1},{"not_picked":["PiercingWail","Finisher"],"picked":"Flying Knee","floor":3},{"not_picked":["Infinite Blades","Catalyst"],"picked":"Deadly Poison","floor":6},{"not_picked":["Flying Knee","Sucker Punch"],"picked":"Dash","floor":7},{"not_picked":["Bane","Blade Dance"],"picked":"Backflip","floor":8},{"not_picked":["Bullet Time","Dodge and Roll"],"picked":"Footwork","floor":11}],"player_experience":809014,"relics_obtained":[{"floor":6,"key":"Vajra"},{"floor":8,"key":"Tiny Chest"},{"floor":9,"key":"War Paint"},{"floor":11,"key":"Sundial"}],"event_choices":[{"damage_healed":0,"gold_gain":0,"player_choice":"Grow","damage_taken":0,"max_hp_gain":0,"max_hp_loss":0,"event_name":"Living Wall","floor":4,"gold_loss":0,"cards_upgraded":["All Out Attack"]},{"damage_healed":0,"gold_gain":0,"player_choice":"Got Potions","damage_taken":0,"max_hp_gain":0,"max_hp_loss":0,"event_name":"Lab","floor":5,"gold_loss":0}],"is_beta":false,"boss_relics":[],"items_purged_floors":[],"is_endless":false,"potions_floor_spawned":[7],"killed_by":"Gremlin Nob","ascension_level":20}}