{"host":"Jinnai","time":1613413137,"event":{"mods":["BaseMod","Block Reminder","Colored Map","Colored Powertips","Curses Come First","Highlight Path","Minty Spire (QoL Compilation)","Permanent Neow","Potion Indicator Mod","Quick Restart","Relic Stats","StSLib","ojb\u0027s Better Paths Mod","ojb\u0027s Info Mod"],"gold_per_floor":[364,384,384,41,51,85,85,95,95,130,149,149,149,182,182,256,256,271,271,282,298,312,312,312],"floor_reached":23,"language":"ENG","playtime":1318,"items_purged":[],"score":426,"play_id":"c3f683ec-af53-4d8d-9a6b-833e6741654a","local_time":"20210215131857","is_ascension_mode":true,"campfire_choices":[{"floor":7,"key":"REST"},{"data":"Biased Cognition","floor":13,"key":"SMITH"},{"data":"Defragment","floor":15,"key":"SMITH"}],"circlet_count":0,"master_deck":["AscendersBane","Strike_B","Strike_B","Strike_B","Strike_B","Defend_B","Defend_B","Defend_B","Defend_B","Zap","Dualcast","Defragment+1","Streamline","Coolheaded","Doom and Gloom","Self Repair","Loop","Compile Driver","Biased Cognition+1","Creative AI","Ball Lightning","Stack","Creative AI","Fusion"],"relics":["Cracked Core","Medical Kit","Lizard Tail","Gambling Chip","CaptainsWheel","Toy Ornithopter","Snecko Eye","Nilry\u0027s Codex"],"acts_visited":["Exordium","TheCity"],"potions_floor_usage":[8,16,22,22],"damage_taken":[{"damage":0,"enemies":"2 Louse","floor":1,"turns":4},{"damage":1,"enemies":"Cultist","floor":2,"turns":3},{"damage":5,"enemies":"Jaw Worm","floor":5,"turns":4},{"damage":47,"enemies":"Gremlin Nob","floor":6,"turns":4},{"damage":7,"enemies":"Large Slime","floor":8,"turns":5},{"damage":31,"enemies":"3 Sentries","floor":10,"turns":9},{"damage":23,"enemies":"2 Fungi Beasts","floor":11,"turns":5},{"damage":17,"enemies":"Lagavulin","floor":14,"turns":5},{"damage":34,"enemies":"The Guardian","floor":16,"turns":9},{"damage":0,"enemies":"Spheric Guardian","floor":18,"turns":4},{"damage":6,"enemies":"Chosen","floor":20,"turns":4},{"damage":13,"enemies":"Snecko","floor":21,"turns":4},{"damage":24,"enemies":"Chosen and Byrds","floor":22,"turns":4},{"damage":21,"enemies":"Gremlin Leader","floor":23,"turns":5}],"seed_played":"3943774952355510346","potions_obtained":[{"floor":2,"key":"FocusPotion"},{"floor":5,"key":"Explosive Potion"},{"floor":11,"key":"PowerPotion"},{"floor":16,"key":"Block Potion"}],"is_trial":false,"path_per_floor":["M","M","?","$","M","E","R","M","T","E","M","?","R","E","R","B",null,"M","?","M","M","M","E"],"character_chosen":"DEFECT","items_purchased":["Medical Kit","Doom and Gloom","Self Repair"],"campfire_rested":1,"item_purchase_floors":[4,4,4],"current_hp_per_floor":[64,63,63,63,64,24,43,43,43,19,39,44,44,34,34,12,55,62,41,35,29,15,0,0],"gold":312,"neow_bonus":"TWO_FIFTY_GOLD","is_daily":false,"chose_seed":false,"campfire_upgraded":2,"win_rate":0.0,"timestamp":1613413137,"path_taken":["M","M","?","$","?","E","R","M","T","E","M","?","R","E","R","BOSS","M","?","M","M","M","E"],"items_purchased_type":["Relic","Card","Card"],"build_version":"2020-12-18","purchased_purges":0,"victory":false,"max_hp_per_floor":[64,64,64,64,64,64,64,64,64,64,64,69,69,69,69,69,69,69,69,69,69,69,69,69],"relic_stats":{"Lizard Tail":32,"counters":[14,69],"Gambling Chip":[28],"Snecko Eye":[33,38,45,47],"Medical Kit":[7],"obtain_stats":[{"Lizard Tail":6,"CaptainsWheel":10,"Nilry\u0027s Codex":19,"Gambling Chip":9,"Snecko Eye":17,"Cracked Core":0,"Medical Kit":4,"Toy Ornithopter":14},{"Lizard Tail":4,"CaptainsWheel":6,"Nilry\u0027s Codex":10,"Gambling Chip":5,"Snecko Eye":9,"Cracked Core":0,"Medical Kit":2,"Toy Ornithopter":8},{"Lizard Tail":15,"CaptainsWheel":29,"Nilry\u0027s Codex":52,"Gambling Chip":20,"Snecko Eye":48,"Cracked Core":0,"Medical Kit":7,"Toy Ornithopter":39}],"Toy Ornithopter":15},"card_choices":[{"not_picked":["Conserve Battery","Redo"],"picked":"Defragment","floor":1},{"not_picked":["Loop","Stack"],"picked":"Streamline","floor":2},{"not_picked":["Beam Cell","Cold Snap"],"picked":"Loop","floor":5},{"not_picked":["Rip and Tear","Barrage"],"picked":"Compile Driver","floor":6},{"not_picked":["Barrage","Reprogram"],"picked":"Biased Cognition","floor":8},{"not_picked":["Leap","Barrage"],"picked":"Creative AI","floor":10},{"not_picked":["Conserve Battery","Gash"],"picked":"Ball Lightning","floor":11},{"not_picked":["Double Energy","Steam"],"picked":"Stack","floor":14},{"not_picked":["Thunder Strike","Meteor Strike"],"picked":"Creative AI","floor":16},{"not_picked":["Stack","Conserve Battery","Go for the Eyes"],"picked":"SKIP","floor":18},{"not_picked":["Barrage","Rebound"],"picked":"Fusion","floor":20},{"not_picked":["Ball Lightning","Go for the Eyes","FTL"],"picked":"SKIP","floor":21},{"not_picked":["Hologram","Streamline","Fission"],"picked":"SKIP","floor":22}],"player_experience":1745439,"relics_obtained":[{"floor":6,"key":"Lizard Tail"},{"floor":9,"key":"Gambling Chip"},{"floor":10,"key":"CaptainsWheel"},{"floor":14,"key":"Toy Ornithopter"},{"floor":19,"key":"Nilry\u0027s Codex"}],"event_choices":[{"damage_healed":0,"gold_gain":0,"player_choice":"1 cards matched","damage_taken":0,"max_hp_gain":0,"max_hp_loss":0,"event_name":"Match and Keep!","floor":3,"gold_loss":0,"cards_obtained":["Coolheaded"]},{"damage_healed":0,"gold_gain":0,"player_choice":"Donut","damage_taken":0,"max_hp_gain":5,"max_hp_loss":0,"event_name":"Big Fish","floor":12,"gold_loss":0},{"damage_healed":0,"gold_gain":0,"player_choice":"Obtained Book","damage_taken":21,"max_hp_gain":0,"max_hp_loss":0,"event_name":"Cursed Tome","floor":19,"gold_loss":0}],"is_beta":true,"boss_relics":[{"not_picked":["SlaversCollar","Busted Crown"],"picked":"Snecko Eye"}],"items_purged_floors":[],"is_endless":false,"potions_floor_spawned":[2,5,11,14,16,21],"killed_by":"Gremlin Leader","ascension_level":20}}