{"host":"fzku1ofsxv8lro8o","time":1613399651,"event":{"mods":["BaseMod","Colored Map","Downfall","Minty Spire (QoL Compilation)","Relic Stats","StSLib","everything is the same but u backflip on backflip"],"gold_per_floor":[99,116,135,235,58,86,109,9,0,0,0,11,24,24,24,24],"floor_reached":14,"language":"ENG","playtime":637,"items_purged":["Slimebound:Strike_Slimebound"],"score":126,"play_id":"00bbe172-0654-4b75-ba12-01e9f68dd11d","local_time":"20210215173411","is_ascension_mode":true,"campfire_choices":[{"data":"Slimebound:CorrosiveSpit","floor":1,"key":"SMITH"},{"data":"expansioncontent:Hexaburn","floor":8,"key":"SMITH"},{"data":"Slimebound:Split","floor":11,"key":"SMITH"}],"circlet_count":0,"master_deck":["Slimebound:Strike_Slimebound","Slimebound:Tackle","Slimebound:Defend_Slimebound","Slimebound:Defend_Slimebound","Slimebound:Defend_Slimebound","Slimebound:Defend_Slimebound","Slimebound:Split+1","Slimebound:CorrosiveSpit+1","Slimebound:LevelUp","Slimebound:DisruptingSlam","Slimebound:Prepare","expansioncontent:Hexaburn+1","Slimebound:ServeAndProtect","Slimebound:SplitSpecialist","Slimebound:Prepare"],"relics":["Slimebound:AbsorbEndCombat","Toy Ornithopter","downfall:HeartBlessingBlue"],"acts_visited":["Exordium"],"potions_floor_usage":[],"damage_taken":[{"damage":7,"enemies":"Jaw Worm","floor":2,"turns":4},{"damage":1,"enemies":"Cultist","floor":3,"turns":4},{"damage":3,"enemies":"downfall:FleeingMerchant","floor":5,"turns":4},{"damage":38,"enemies":"3 Sentries","floor":6,"turns":7},{"damage":6,"enemies":"downfall:FleeingMerchant","floor":9,"turns":4},{"damage":4,"enemies":"Small Slimes","floor":12,"turns":4},{"damage":22,"enemies":"Exordium Wildlife","floor":13,"turns":5},{"damage":31,"enemies":"Lagavulin","floor":14,"turns":8}],"seed_played":"-7996270284313644638","potions_obtained":[{"floor":3,"key":"Dexterity Potion"},{"floor":6,"key":"PowerPotion"},{"floor":12,"key":"PowerPotion"}],"is_trial":false,"path_per_floor":["R","M","M","?","$","E","T","R","$","?","R","M","M","E"],"character_chosen":"SLIMEBOUND","items_purchased":["expansioncontent:Hexaburn"],"campfire_rested":0,"item_purchase_floors":[5],"current_hp_per_floor":[71,70,71,71,68,32,32,42,38,38,38,38,22,0,0,0],"gold":24,"neow_bonus":"TEN_PERCENT_HP_BONUS","is_daily":false,"chose_seed":false,"campfire_upgraded":3,"win_rate":0.0,"timestamp":1613399651,"path_taken":["R","M","M","?","$","E","T","R","?","?","R","M","?","E"],"items_purchased_type":["Card"],"build_version":"2020-12-22","purchased_purges":1,"victory":false,"max_hp_per_floor":[71,71,71,71,71,71,71,81,81,81,81,81,81,81,81,81],"relic_stats":{"counters":[8,40],"obtain_stats":[{"downfall:HeartBlessingBlue":8,"Slimebound:AbsorbEndCombat":0,"Toy Ornithopter":6},{"downfall:HeartBlessingBlue":4,"Slimebound:AbsorbEndCombat":0,"Toy Ornithopter":4},{"downfall:HeartBlessingBlue":19,"Slimebound:AbsorbEndCombat":0,"Toy Ornithopter":19}],"Toy Ornithopter":0},"card_choices":[{"not_picked":["Slimebound:SlimeSpikes","Slimebound:LeechEnergy"],"picked":"Slimebound:LevelUp","floor":2},{"not_picked":["Slimebound:LivingWall","Slimebound:ProtectTheBoss"],"picked":"Slimebound:DisruptingSlam","floor":3},{"not_picked":["Slimebound:ForwardTackle","Slimebound:WasteNot"],"picked":"Slimebound:Prepare","floor":5},{"not_picked":["Slimebound:RainOfGoop","Slimebound:LeechingTouch"],"picked":"Slimebound:ServeAndProtect","floor":6},{"not_picked":["Slimebound:Recollect","Slimebound:SplitAcid","Slimebound:Replication"],"picked":"SKIP","floor":9},{"not_picked":["Slimebound:ServeAndProtect","Slimebound:RollThrough"],"picked":"Slimebound:SplitSpecialist","floor":12},{"not_picked":["Slimebound:MegaLick","Slimebound:GoopTackle"],"picked":"Slimebound:Prepare","floor":13}],"player_experience":983994,"relics_obtained":[{"floor":6,"key":"Toy Ornithopter"}],"event_choices":[{"cards_removed":["Slimebound:Strike_Slimebound"],"damage_healed":0,"gold_gain":0,"player_choice":"Card Removal","damage_taken":0,"max_hp_gain":0,"max_hp_loss":0,"event_name":"The Cleric","floor":10,"gold_loss":0}],"is_beta":false,"boss_relics":[],"items_purged_floors":[5],"is_endless":false,"potions_floor_spawned":[3,6,12,13],"killed_by":"Lagavulin","ascension_level":3}}