{"host":"nlbr7nnijupf3yfg","time":1613428781,"event":{"mods":["AchievementEnabler","BaseMod","BetterRewards","Colored Powertips","DeckTracker","Downfall","Hermit","Hubris","Infinite Spire","Minty Spire (QoL Compilation)","Quick Restart","Replay The Spire","StSLib","SuperFastMode","The Saiyan","The Servant 0.9.4"],"gold_per_floor":[113,188,363,363,363,393,393,411,411,444,462,497,12,41,41,146,146,162,178,178,178,190,190,210,221,221,221,250,250,278,292,292,292,292],"floor_reached":33,"language":"ENG","playtime":723,"items_purged":["hubris:Gluttony"],"score":563,"play_id":"059bdea6-2a47-474c-9097-f000834db55f","local_time":"20210215173941","is_ascension_mode":true,"campfire_choices":[{"floor":7,"key":"REST"},{"floor":15,"key":"REST"},{"floor":23,"key":"REST"},{"floor":27,"key":"REST"},{"floor":32,"key":"REST"}],"circlet_count":0,"master_deck":["AscendersBane","Strike_R","Strike_R","Strike_R+1","Strike_R","Defend_R","Defend_R","Defend_R","Defend_R","Bash+1","Heavy Blade","Doubt","hubris:Compulsion","hubris:Fate","Bludgeon","Twin Strike","Barricade","Havoc","Rupture","Metallicize+1","Uppercut","Spot Weakness","Shrug It Off","Impervious","hubris:SharpeningStone","Pommel Strike","Anger","hubris:NaturalOne","Shrug It Off+1","Flame Barrier+1","Anger+1","Hemogenesis","Disarm+1","Seeing Red"],"relics":["Burning Blood","NeowsBlessing","hubris:Zylophone","hubris:BottledRain","hubris:IronBody","hubris:OldNail","BargainBundle","infinitespire:Joker Card","Shuriken","hubris:ScarierMask","hubris:Icosahedron","ReplayTheSpireMod:Lightbulb","Question Card","infinitespire:Lychee Nut"],"acts_visited":["Exordium","TheCity"],"potions_floor_usage":[16,16,25,33],"damage_taken":[{"damage":0,"enemies":"Jaw Worm","floor":1,"turns":1},{"damage":0,"enemies":"Lagavulin","floor":6,"turns":1},{"damage":2,"enemies":"2 Louse","floor":8,"turns":2},{"damage":44,"enemies":"Gremlin Nob","floor":10,"turns":5},{"damage":18,"enemies":"Small Slimes","floor":11,"turns":3},{"damage":15,"enemies":"3 Sentries","floor":12,"turns":5},{"damage":13,"enemies":"Gremlin Nob","floor":14,"turns":4},{"damage":31,"enemies":"The Guardian","floor":16,"turns":18},{"damage":0,"enemies":"3 Byrds","floor":18,"turns":1},{"damage":8,"enemies":"Shell Parasite","floor":19,"turns":6},{"damage":0,"enemies":"Sentry and Sphere","floor":22,"turns":2},{"damage":0,"enemies":"Chosen and Byrds","floor":24,"turns":4},{"damage":45,"enemies":"Snake Plant","floor":25,"turns":4},{"damage":0,"enemies":"Nightmare","floor":28,"turns":1},{"damage":48,"enemies":"Book of Stabbing","floor":30,"turns":7},{"damage":0,"enemies":"Shelled Parasite and Fungi","floor":31,"turns":1},{"damage":48,"enemies":"hubris:MusketHawk","floor":33,"turns":11}],"seed_played":"4229196522153298065","potions_obtained":[{"floor":8,"key":"Swift Potion"},{"floor":10,"key":"Swift Potion"},{"floor":16,"key":"Elixir"},{"floor":22,"key":"Milkshake"},{"floor":30,"key":"Ancient Potion"}],"is_trial":false,"path_per_floor":["M","?","?","?","?","E","R","M","T","E","M","E","$","E","R","B",null,"M","M","?","?","M","R","M","M","T","R","NM","?","E","M","R","B"],"character_chosen":"IRONCLAD","items_purchased":["BargainBundle","infinitespire:Joker Card","Metallicize+1","Uppercut","Spot Weakness"],"campfire_rested":5,"item_purchase_floors":[13,13,13,13,13],"current_hp_per_floor":[78,67,67,67,51,57,80,80,80,42,30,21,21,14,38,13,63,69,67,17,17,23,47,53,29,29,53,59,59,17,23,41,0,0],"gold":292,"neow_bonus":"THREE_ENEMY_KILL","is_daily":false,"chose_seed":false,"campfire_upgraded":0,"win_rate":0.0,"timestamp":1613428781,"path_taken":["M","?","?","?","?","E","R","M","T","E","M","E","$","E","R","BOSS","M","M","?","?","M","R","M","M","T","R","NM","?","E","M","R","BOSS"],"items_purchased_type":["Relic","Relic","Card","Card","Card"],"build_version":"2020-12-22","purchased_purges":1,"victory":false,"max_hp_per_floor":[80,80,80,80,80,80,80,80,80,80,80,80,80,80,80,80,80,80,80,80,80,80,80,80,80,80,80,80,80,60,60,60,60,60],"card_choices":[{"not_picked":["Reckless Charge","Abandon"],"picked":"Heavy Blade","floor":1},{"not_picked":["ReplayTheSpireMod:Book of Names","hubris:InfiniteBlow+4"],"picked":"hubris:Fate","floor":4},{"not_picked":["Wild Strike","Uppercut"],"picked":"Bludgeon","floor":6},{"not_picked":["Dark Embrace","Combust"],"picked":"Twin Strike","floor":8},{"not_picked":["Clothesline","Cleave"],"picked":"Barricade","floor":10},{"not_picked":["Clothesline","Cleave"],"picked":"Havoc","floor":11},{"not_picked":["True Grit","Blood for Blood"],"picked":"Rupture","floor":12},{"not_picked":["True Grit","Fire Breathing"],"picked":"Shrug It Off","floor":14},{"not_picked":["Immolate","Barricade"],"picked":"Impervious","floor":16},{"not_picked":["Abandon","Life Link"],"picked":"hubris:SharpeningStone","floor":18},{"not_picked":["Iron Wave","Clash"],"picked":"Pommel Strike","floor":19},{"not_picked":["Perfected Strike","Headbutt"],"picked":"Anger","floor":22},{"not_picked":["Double Tap","Headbutt"],"picked":"Shrug It Off+1","floor":24},{"not_picked":["Pommel Strike","Body Slam+1"],"picked":"Flame Barrier+1","floor":25},{"not_picked":["Body Slam","True Grit"],"picked":"Anger+1","floor":28},{"not_picked":["Abandon","Replay:Many Hands","ReplayTheSpireMod:Muscle Training"],"picked":"Disarm+1","floor":30},{"not_picked":["Run Through","Sword Boomerang","Headbutt+1"],"picked":"Seeing Red","floor":31}],"player_experience":77275,"relics_obtained":[{"floor":6,"key":"hubris:Zylophone"},{"floor":9,"key":"hubris:BottledRain"},{"floor":10,"key":"hubris:IronBody"},{"floor":12,"key":"hubris:OldNail"},{"floor":14,"key":"Shuriken"},{"floor":26,"key":"ReplayTheSpireMod:Lightbulb"},{"floor":28,"key":"Question Card"},{"floor":30,"key":"infinitespire:Lychee Nut"}],"event_choices":[{"damage_healed":0,"gold_gain":75,"player_choice":"Gather Gold","damage_taken":11,"max_hp_gain":0,"max_hp_loss":0,"event_name":"World of Goop","floor":2,"gold_loss":0},{"damage_healed":0,"gold_gain":175,"player_choice":"AGREE","damage_taken":0,"max_hp_gain":0,"max_hp_loss":0,"event_name":"Liars Game","floor":3,"gold_loss":0,"cards_obtained":["Doubt"]},{"damage_healed":0,"gold_gain":0,"player_choice":"Entered Light","damage_taken":16,"max_hp_gain":0,"max_hp_loss":0,"event_name":"Shining Light","floor":5,"gold_loss":0,"cards_upgraded":["Bash","Strike_R"]},{"damage_healed":0,"gold_gain":0,"cards_transformed":["Strike_R"],"player_choice":"Transformed","damage_taken":0,"max_hp_gain":0,"max_hp_loss":0,"event_name":"Transmorgrifier","floor":29,"gold_loss":0,"cards_obtained":["Hemogenesis"]}],"is_beta":false,"boss_relics":[{"not_picked":["hubris:HollowSoul","Abe\u0027s Treasure"],"picked":"hubris:ScarierMask"}],"items_purged_floors":[13],"is_endless":true,"potions_floor_spawned":[8,10,14,16,22,24,30],"killed_by":"hubris:MusketHawk","ascension_level":11}}