{"host":"p7cjtxxrilhp4dw7","time":1613368388,"event":{"mods":["BaseMod","Block Reminder","Colored Map","Curses Come First","Highlight Path","Minty Spire (QoL Compilation)","Replay The Spire","StSLib"],"gold_per_floor":[118,135,135,151,151,183,197,215,215,215,226,32,32,32,32,106,106,77,77,2,15,32,32,48,48,73,85,126,152,164,187,199,211,211],"floor_reached":33,"language":"ENG","playtime":4247,"items_purged":["Parasite"],"score":457,"play_id":"3c5d7fb7-78f9-41af-acf2-ec287f971fb6","local_time":"20210214225308","is_ascension_mode":true,"campfire_choices":[{"floor":10,"key":"REST"},{"floor":13,"key":"REST"},{"data":"Neutralize","floor":15,"key":"SMITH"},{"floor":23,"key":"REST"},{"data":"Blade Dance","floor":25,"key":"SMITH"},{"floor":30,"key":"REST"},{"data":"Leg Sweep","floor":32,"key":"SMITH"}],"circlet_count":0,"master_deck":["AscendersBane","Strike_G","Strike_G","Strike_G","Strike_G+1","Strike_G","Defend_G","Defend_G","Defend_G","Defend_G","Defend_G","Survivor","Neutralize+1","PiercingWail","Bouncing Flask","Deflect","Flying Knee+1","Blade Dance+1","Die Die Die","CurseOfTheBell","Sucker Punch","Toxin Wave+1","Leg Sweep+1","Choke+1","Dagger Spray"],"relics":["Ring of the Snake","Kunai","Juzu Bracelet","Divine Protection","Replay:Mystery Machine","Calling Bell","Gremlin Food","Mirror","FossilizedHelix","Ginger","MawBank","Oddly Smooth Stone"],"acts_visited":["Exordium","TheCity"],"potions_floor_usage":[6,16,16,24,29,31,33],"damage_taken":[{"damage":0,"enemies":"2 Louse","floor":1,"turns":3},{"damage":3,"enemies":"Jaw Worm","floor":2,"turns":6},{"damage":8,"enemies":"Cultist","floor":4,"turns":6},{"damage":21,"enemies":"Lagavulin","floor":6,"turns":7},{"damage":0,"enemies":"Blue Slaver","floor":7,"turns":6},{"damage":6,"enemies":"2 Fungi Beasts","floor":8,"turns":4},{"damage":0,"enemies":"3 Louse","floor":11,"turns":5},{"damage":72,"enemies":"Fading Forest","floor":16,"turns":11},{"damage":24,"enemies":"2 Thieves","floor":18,"turns":5},{"damage":0,"enemies":"Chosen","floor":21,"turns":6},{"damage":6,"enemies":"Snake Plant","floor":22,"turns":5},{"damage":0,"enemies":"Snecko","floor":24,"turns":5},{"damage":29,"enemies":"Slavers","floor":28,"turns":6},{"damage":0,"enemies":"Chosen and Byrds","floor":29,"turns":5},{"damage":0,"enemies":"Centurion and Healer","floor":31,"turns":8},{"damage":67,"enemies":"Pondfish","floor":33,"turns":17}],"seed_played":"7594352667393503442","potions_obtained":[{"floor":1,"key":"LiquidBronze"},{"floor":6,"key":"Dexterity Potion"},{"floor":8,"key":"Poison Potion"},{"floor":16,"key":"Regen Potion"},{"floor":28,"key":"Regen Potion"},{"floor":29,"key":"SkillPotion"},{"floor":31,"key":"Adrenaline Potion"}],"is_trial":false,"path_per_floor":["M","M","?","M","?","E","M","M","T","R","M","$","R","?","R","B",null,"M","?","$","M","M","R","M","R","T","$","E","M","R","M","R","B"],"character_chosen":"THE_SILENT","items_purchased":["Replay:Mystery Machine","Blade Dance"],"campfire_rested":4,"item_purchase_floors":[12,12],"current_hp_per_floor":[65,62,62,54,47,26,26,20,20,41,41,41,62,72,72,10,57,33,33,33,33,27,47,62,62,62,62,33,47,67,67,67,0,0],"gold":211,"neow_bonus":"TEN_PERCENT_HP_BONUS","is_daily":false,"chose_seed":false,"campfire_upgraded":3,"win_rate":0.0,"timestamp":1613368388,"path_taken":["M","M","?","M","?","E","M","M","T","R","M","?","R","?","R","BOSS","M","?","$","M","M","R","M","R","T","$","E","M","R","M","R","BOSS"],"items_purchased_type":["Relic","Card"],"build_version":"2020-12-22","purchased_purges":1,"victory":false,"max_hp_per_floor":[72,72,72,72,72,72,72,72,72,72,72,72,72,72,72,72,72,72,72,69,69,69,69,69,69,69,69,69,69,69,69,69,69,69],"card_choices":[{"not_picked":["Riddle With Holes","Blade Dance"],"picked":"PiercingWail","floor":1},{"not_picked":["Expertise","PiercingWail","Concentrate"],"picked":"SKIP","floor":2},{"not_picked":["Slice","Cloak And Dagger"],"picked":"Bouncing Flask","floor":4},{"not_picked":["Underhanded Strike","Backflip"],"picked":"Deflect","floor":6},{"not_picked":["Sneak Up","All Out Attack","PiercingWail"],"picked":"SKIP","floor":7},{"not_picked":["Skewer","Footwork"],"picked":"Flying Knee","floor":8},{"not_picked":["Deadly Poison","Catalyst","Concentrate"],"picked":"SKIP","floor":11},{"not_picked":["Phantasmal Killer","Doppelganger"],"picked":"Die Die Die","floor":16},{"not_picked":["Dagger Throw","Caltrops"],"picked":"Sucker Punch","floor":18},{"not_picked":["Quick Slash","Bouncing Flask"],"picked":"Toxin Wave+1","floor":21},{"not_picked":["ReplayTheSpireMod:Tripwire","Bane"],"picked":"Leg Sweep","floor":22},{"not_picked":["Underhanded Strike","Footwork","Outmaneuver"],"picked":"SKIP","floor":24},{"not_picked":["Backflip","ReplayTheSpireMod:Speed Training","ReplayTheSpireMod:The Works"],"picked":"SKIP","floor":28},{"not_picked":["Backflip","ReplayTheSpireMod:Speed Training","ReplayTheSpireMod:The Works"],"picked":"SKIP","floor":28},{"not_picked":["Deadly Poison","Finisher"],"picked":"Choke+1","floor":29},{"not_picked":["ReplayTheSpireMod:Scrap Shanks","Setup"],"picked":"Dagger Spray","floor":31}],"player_experience":662288,"relics_obtained":[{"floor":6,"key":"Juzu Bracelet"},{"floor":9,"key":"Divine Protection"},{"floor":17,"key":"Gremlin Food"},{"floor":17,"key":"Mirror"},{"floor":17,"key":"FossilizedHelix"},{"floor":26,"key":"MawBank"},{"floor":28,"key":"Oddly Smooth Stone"}],"event_choices":[{"damage_healed":0,"gold_gain":0,"player_choice":"Ignored","damage_taken":0,"max_hp_gain":0,"max_hp_loss":0,"event_name":"Golden Wing","floor":3,"gold_loss":0},{"damage_healed":0,"gold_gain":0,"player_choice":"Success","damage_taken":7,"relics_obtained":["Kunai"],"max_hp_gain":0,"max_hp_loss":0,"event_name":"Scrap Ooze","floor":5,"gold_loss":0},{"damage_healed":18,"gold_gain":0,"player_choice":"Healed and dodged fight","damage_taken":0,"max_hp_gain":0,"max_hp_loss":0,"event_name":"Mushrooms","floor":14,"gold_loss":0,"cards_obtained":["Parasite"]},{"damage_healed":0,"gold_gain":0,"player_choice":"Opened","damage_taken":0,"relics_obtained":["Ginger"],"max_hp_gain":0,"max_hp_loss":0,"event_name":"The Mausoleum","floor":19,"gold_loss":0}],"is_beta":false,"boss_relics":[{"not_picked":["Fusion Hammer","Replay:Ancient Bell"],"picked":"Calling Bell"}],"items_purged_floors":[20],"is_endless":false,"potions_floor_spawned":[1,6,8,11,16,28,29,31],"killed_by":"Pondfish","ascension_level":14}}