{"host":"9rqk712yu6s3287p","time":1613405195,"event":{"mods":["ATMod(°¢èªMod)","Act Like it!","BaseMod","CapriCore","Chen","Gensokyo","Googly Eyes","Marisa£¨ìFÓê¡¡Ä§ÀíÉ³£©","Minty Spire (QoL Compilation)","MostiFishMod","Onozuka Komachi Mod","Reimu£¨²©ÀöÁéÃÎ£©","Remilia_Scarlet Moed£¨ÀÙÃ×ÀòÑÇ¡¤Ë¹¿¨À×ÌØ£©3.3.5","Remilia£¨ÀÙÃ×ÀòÑÇ£©","RumiaBox-Â¶Ã×æ«µÄÉñÃØºÐ×Ó","StSLib","The Administrix","The Immortal","The Servant 0.9.4","Yakumo Yukari mod","Youmu£¨»êÆÇÑýÃÎ£©","Yuyuko","¡¾ÒÅÎï¿¨ÅÆ¡¿REMEMod"],"gold_per_floor":[132,183,228,282,348,444,555,663,700,796,908,980,1092,1269,1281,1618,1630,1724,1797,2191,2273,2383,2544,2674,2810,2822,2996,3109,3236,3410,3602,3614,3989,4001,4180,4303,4394,4529,4605,4741,4915,5033,5072,5187,5323,4870,5150,5377,5377,5627,5627,5627,4921,5270,5395],"floor_reached":56,"language":"ZHS","playtime":3415,"items_purged":[],"score":2596,"play_id":"9ed598dc-0695-48a5-ac71-7a9a5827e574","local_time":"20210216000635","daily_mods":["Shiny","Vintage","Heirloom","Time Dilation","Flight","DeadlyEvents","Elite Swarm","Lethality","Midas","Binary"],"is_ascension_mode":true,"campfire_choices":[{"floor":15.0,"key":"RECALL"},{"data":"BloodRain+1","floor":32.0,"key":"PURGE"},{"floor":49,"key":"REST"},{"floor":52,"key":"REST"}],"circlet_count":0,"master_deck":["TricksterDevil+1","BatForm+1","ForecastOfChange+1","CurseOfVladTepes+1","ScarletMeister+1","QueenOfMidnight+1","BloodyHallows+1","HeartBreak+1","EquivalentExchange+1","KillingBlow+1","BloodyCatastrophe+1","ChaoticDestiny+1","BloodySeventeenLaser+1","HellCatastrophe+1","ScarletCoffin+1","DemonKingCradle+1","TransientEternity+1","CeilingFear+1"],"relics":["Snecko Eye","Busted Crown","AT_ATBox","DaveBox","REME_ComplimentaryCards","Pocketwatch","ChiXiaoBlade","Bag of Preparation","Ornamental Fan","AT_SeraphEmbrace","SynthV:TestCard","Ancient Tea Set","AT_EbonyIvory","MawBank","Eternal Feather","Mastiff:ReiMu","AT_ImmortalShieldbow","AT_ForceNature","Anchor","LastBattle","AT_RedTearstoneRing","REME_LimitBreaker","Ccalipers","RedBat","Strawberry","PreservedInsect","Ginger","Pear","Smiling Mask","CaptainsWheel","AT_SilvercatRing","Prayer Wheel","PureWhite:ReiMu","MealTicket","Akabeko","Art of War","AT_MibuBalloonWealth","AT_BellDemon","AT_ArcaneBoots","Boot","REME_HourglassOfDeath","Potion Belt","Tiny Chest","Letter Opener","AT_GuinsooRageblade","Peace Pipe","AT_SunfireAegis","Nunchaku","EasyGame_NEW","Kunai","Bottled Tornado","Meat on the Bone","Mercury Hourglass","Sundial","Old Coin","Blue Candle","Gremlin Horn","DaCapo","Mummified Hand","Bag of Marbles","MagicDraw1","AT_Kusabimaru","DianDianMeat","ZombieArmy","Turnip","Bronze Scales","OriginationStaff","ImprovedEquipment","SumBook","Happy Flower","Oddly Smooth Stone","Molten Egg 2","StoneCalendar","REME_HandOfSuture","Darkstone Periapt","Shuriken","HollowDreamFlower","Pantograph","GodSword7","FossilizedHelix","Bottled Flame","Pen Nib","GodSword1","GodSword5","HornCleat","MagicDraw4","AT_RabadonDeathcap","GodSword6","Singing Bowl","AT_BladeRuinedKing","CrazyTorch:ReiMu","JellyFishMachine","GodSword4","Frozen Egg 2","Torii","Toxic Egg 2","Regal Pillow","MostiFishMod:Haymaker","Question Card","AT_RedNoBalance","AT_DeathDance","Bottled Lightning","Lantern","RuthlessExorcism:ReiMu","Mango","Blood Vial","Calipers","AT_BellowingDragoncrestRing","Tea:ReiMu","War Paint","SSSystem","Thread and Needle","AT_Manta","TypeBBloodRedTea","Toy Ornithopter","AT_ChloranthyRing","BionicSphere","AT_TimeSand","Orichalcum","ScarletDevilRocket","Lizard Tail","AT_TheCollector","REME_PuzzleBoxRelic","MostiFishMod:AdaptiveDefenses","SynthV:C4","StrikeDummy","Vajra","Whetstone","Dream Catcher","FairyMaid","MagicDraw3","Ying","MagicDraw2","InkBottle","White Beast Statue","GodSword3"],"acts_visited":["Exordium","TheCity","TheBeyond","TheEnding"],"potions_floor_usage":[42,55,55],"damage_taken":[{"damage":10.0,"enemies":"Small Slimes","floor":1.0,"turns":2.0},{"damage":0.0,"enemies":"Cultist","floor":2.0,"turns":1.0},{"damage":4.0,"enemies":"Jaw Worm","floor":3.0,"turns":1.0},{"damage":4.0,"enemies":"3 Louse","floor":4.0,"turns":2.0},{"damage":2.0,"enemies":"2 Fungi Beasts","floor":5.0,"turns":3.0},{"damage":2.0,"enemies":"Lagavulin","floor":6.0,"turns":2.0},{"damage":2.0,"enemies":"3 Sentries","floor":7.0,"turns":3.0},{"damage":2.0,"enemies":"Gremlin Nob","floor":8.0,"turns":2.0},{"damage":2.0,"enemies":"3 Sentries","floor":10.0,"turns":4.0},{"damage":16.0,"enemies":"Lots of Slimes","floor":12.0,"turns":4.0},{"damage":0.0,"enemies":"Gremlin Nob","floor":13.0,"turns":2.0},{"damage":0.0,"enemies":"3 Sentries","floor":14.0,"turns":3.0},{"damage":8.0,"enemies":"The Guardian","floor":16.0,"turns":3.0},{"damage":2.0,"enemies":"Shell Parasite","floor":18.0,"turns":2.0},{"damage":2.0,"enemies":"Chosen","floor":19.0,"turns":2.0},{"damage":0.0,"enemies":"Snake Plant","floor":20.0,"turns":1.0},{"damage":0.0,"enemies":"Snecko","floor":21.0,"turns":2.0},{"damage":0.0,"enemies":"Chosen and Byrds","floor":22.0,"turns":2.0},{"damage":0.0,"enemies":"Gremlin Leader","floor":23.0,"turns":1.0},{"damage":0.0,"enemies":"REME_1_Revenger","floor":24.0,"turns":1.0},{"damage":0.0,"enemies":"Book of Stabbing","floor":25.0,"turns":1.0},{"damage":0.0,"enemies":"Slavers","floor":27.0,"turns":2.0},{"damage":11.0,"enemies":"Cultist and Chosen","floor":28.0,"turns":3.0},{"damage":0.0,"enemies":"Book of Stabbing","floor":29.0,"turns":1.0},{"damage":4.0,"enemies":"Slavers","floor":30.0,"turns":2.0},{"damage":0.0,"enemies":"Gremlin Leader","floor":31.0,"turns":1.0},{"damage":0.0,"enemies":"Automaton","floor":33.0,"turns":2.0},{"damage":0.0,"enemies":"3 Darklings","floor":35.0,"turns":1.0},{"damage":0.0,"enemies":"3 Shapes","floor":36.0,"turns":2.0},{"damage":0.0,"enemies":"Transient","floor":37.0,"turns":2.0},{"damage":0.0,"enemies":"Jaw Worm Horde","floor":38.0,"turns":3.0},{"damage":0,"enemies":"Writhing Mass","floor":39,"turns":1},{"damage":0,"enemies":"Giant Head","floor":40,"turns":1},{"damage":0,"enemies":"Reptomancer","floor":41,"turns":1},{"damage":0,"enemies":"Nemesis","floor":42,"turns":1},{"damage":0,"enemies":"Giant Head","floor":44,"turns":1},{"damage":0,"enemies":"Nemesis","floor":45,"turns":1},{"damage":0,"enemies":"Reptomancer","floor":47,"turns":1},{"damage":0,"enemies":"Giant Head","floor":48,"turns":1},{"damage":0,"enemies":"Donu and Deca","floor":50,"turns":1},{"damage":0,"enemies":"Shield and Spear","floor":54,"turns":1},{"damage":0,"enemies":"The Heart","floor":55,"turns":1}],"seed_played":"-1106015415838905364","potions_obtained":[{"floor":1.0,"key":"LiquidMemories"},{"floor":1.0,"key":"AttackPotion"},{"floor":1.0,"key":"FearPotion"},{"floor":2.0,"key":"Swift Potion"},{"floor":4.0,"key":"Energy Potion"},{"floor":4.0,"key":"Swift Potion"},{"floor":4.0,"key":"GamblersBrew"},{"floor":5.0,"key":"GrandPatriotsElixir:ReiMu"},{"floor":5.0,"key":"Weak Potion"},{"floor":6.0,"key":"Swift Potion"},{"floor":7.0,"key":"Energy Potion"},{"floor":7.0,"key":"ColorlessPotion"},{"floor":10.0,"key":"Regen Potion"},{"floor":10.0,"key":"AttackPotion"},{"floor":12.0,"key":"GamblersBrew"},{"floor":12.0,"key":"Swift Potion"},{"floor":12.0,"key":"DuplicationPotion"},{"floor":13.0,"key":"PowerPotion"},{"floor":14.0,"key":"Weak Potion"},{"floor":14.0,"key":"PowerPotion"},{"floor":14.0,"key":"FearPotion"},{"floor":16.0,"key":"Fire Potion"},{"floor":18.0,"key":"Swift Potion"},{"floor":20.0,"key":"SkillPotion"},{"floor":27.0,"key":"DuplicationPotion"},{"floor":27.0,"key":"Fruit Juice"},{"floor":28.0,"key":"Fruit Juice"},{"floor":28.0,"key":"DestinyDice"},{"floor":29.0,"key":"Ancient Potion"},{"floor":35.0,"key":"FairyPotion"},{"floor":36.0,"key":"MagicPotion:ReiMu"},{"floor":38.0,"key":"DuplicationPotion"},{"floor":38.0,"key":"Ancient Potion"},{"floor":39,"key":"Energy Potion"},{"floor":42,"key":"Fruit Juice"},{"floor":44,"key":"DuplicationPotion"}],"is_trial":true,"path_per_floor":["M","M","M","M","M","E","E","E","T","E","?","M","E","E","R","B",null,"M","M","M","M","M","E","E","E","T","E","M","E","E","E","R","B",null,"M","M","M","M","M","E","E","E","T","E","E","$","E","E","R","B",null,"R","$","E","B",null],"character_chosen":"REMILIA","items_purchased":["REME_PuzzleBoxRelic","MostiFishMod:AdaptiveDefenses","SynthV:C4","FairyMaid","MagicDraw3","Ying"],"campfire_rested":2,"item_purchase_floors":[46,46,46,53,53,53],"current_hp_per_floor":[69,69,69,69,69,74,82,90,90,88,88,83,83,83,92,86,92,92,92,92,92,92,92,92,92,92,97,91,102,98,104,104,106,106,106,106,106,106,75,84,93,116,116,128,135,135,137,139,141,141,141,143,143,145,145],"gold":5395,"neow_bonus":"","is_daily":false,"chose_seed":false,"campfire_upgraded":0,"win_rate":0.0,"timestamp":1613405195,"path_taken":["M","M","M","M","M","E","E","E","T","E","?","M","E","E","R","BOSS","M","M","M","M","M","E","E","E","T","E","M","E","E","E","R","BOSS","M","M","M","M","M","E","E","E","T","E","E","$","E","E","R","BOSS","R","$","E","BOSS"],"items_purchased_type":["Relic","Relic","Relic","Relic","Relic","Relic"],"build_version":"2020-12-22","purchased_purges":0,"victory":true,"max_hp_per_floor":[75,75,75,75,75,75,82,92,92,92,92,92,92,92,92,92,92,92,92,92,92,92,92,92,92,92,97,102,102,102,104,104,106,106,106,106,106,106,120,122,124,131,131,133,135,135,137,139,141,141,141,143,143,145,145],"card_choices":[{"not_picked":["BloodyCatastrophe","ScarletCoffin"],"picked":"SKIP","floor":6.0},{"not_picked":["ChaoticDestiny","ForecastOfChange"],"picked":"SKIP","floor":7.0},{"not_picked":["ForecastOfChange","BloodyCatastrophe"],"picked":"SKIP","floor":8.0},{"not_picked":["HeartBreak","ChaoticDestiny"],"picked":"SKIP","floor":10.0},{"not_picked":["BloodRain","ForecastOfChange"],"picked":"SKIP","floor":13.0},{"not_picked":["CurseOfVladTepes","HellCatastrophe"],"picked":"SKIP","floor":14.0},{"not_picked":["BloodySeventeenLaser","DemonKingCradle"],"picked":"SKIP","floor":23.0},{"not_picked":["CeilingFear","BloodRain"],"picked":"SKIP","floor":24.0},{"not_picked":["DemonKingCradle","HeartBreak+1"],"picked":"SKIP","floor":25.0},{"not_picked":["DemonKingCradle","TransientEternity"],"picked":"SKIP","floor":27.0},{"not_picked":["ScarletCoffin+1","DemonKingCradle"],"picked":"SKIP","floor":29.0},{"not_picked":["EquivalentExchange","HellCatastrophe+1"],"picked":"SKIP","floor":30.0},{"not_picked":["BloodRain","ForecastOfChange+1"],"picked":"Singing Bowl","floor":31.0},{"not_picked":["KillingBlow+1","BloodySeventeenLaser+1"],"picked":"Singing Bowl","floor":33.0},{"not_picked":["KillingBlow+1","ScarletCoffin+1","ChaoticDestiny+1"],"picked":"Singing Bowl","floor":40},{"not_picked":["BloodySeventeenLaser+1","ScarletMeister+1","DemonKingCradle+1"],"picked":"Singing Bowl","floor":41},{"not_picked":["QueenOfMidnight+1","TricksterDevil+1","ScarletMeister+1"],"picked":"Singing Bowl","floor":42},{"not_picked":["CeilingFear+1","BatForm+1","TricksterDevil+1"],"picked":"Singing Bowl","floor":44},{"not_picked":["ScarletCoffin+1","QueenOfMidnight+1","HellCatastrophe+1"],"picked":"Singing Bowl","floor":45},{"not_picked":["BloodyHallows+1","CeilingFear+1","BloodRain+1"],"picked":"Singing Bowl","floor":47},{"not_picked":["TricksterDevil+1","ScarletMeister+1","ScarletCoffin+1"],"picked":"Singing Bowl","floor":48},{"not_picked":["RedRainbow+1","VampireKiss+1","DiffusionOfMisfortune+1"],"picked":"Singing Bowl","floor":49},{"not_picked":["FavorOfDestiny+1","BlasphemousPunishment+1","TwelveNightmare+1"],"picked":"Singing Bowl","floor":52},{"not_picked":["CurseOfVladTepes+1","TricksterDevil+1","CeilingFear+1"],"picked":"Singing Bowl","floor":54}],"player_experience":517647,"relics_obtained":[{"floor":1.0,"key":"Bag of Preparation"},{"floor":1.0,"key":"Ornamental Fan"},{"floor":1.0,"key":"AT_ArchangelStaff"},{"floor":1.0,"key":"SynthV:TestCard"},{"floor":2.0,"key":"Ancient Tea Set"},{"floor":2.0,"key":"AT_EbonyIvory"},{"floor":3.0,"key":"MawBank"},{"floor":4.0,"key":"Eternal Feather"},{"floor":4.0,"key":"Mastiff:ReiMu"},{"floor":4.0,"key":"AT_ImmortalShieldbow"},{"floor":4.0,"key":"AT_ForceNature"},{"floor":5.0,"key":"Anchor"},{"floor":5.0,"key":"LastBattle"},{"floor":5.0,"key":"AT_RedTearstoneRing"},{"floor":6.0,"key":"REME_LimitBreaker"},{"floor":6.0,"key":"Ccalipers"},{"floor":7.0,"key":"RedBat"},{"floor":7.0,"key":"Strawberry"},{"floor":7.0,"key":"PreservedInsect"},{"floor":7.0,"key":"Ginger"},{"floor":8.0,"key":"Pear"},{"floor":8.0,"key":"Smiling Mask"},{"floor":10.0,"key":"CaptainsWheel"},{"floor":10.0,"key":"AT_SilvercatRing"},{"floor":10.0,"key":"Prayer Wheel"},{"floor":12.0,"key":"PureWhite:ReiMu"},{"floor":12.0,"key":"MealTicket"},{"floor":12.0,"key":"Akabeko"},{"floor":12.0,"key":"Art of War"},{"floor":12.0,"key":"AT_MibuBalloonWealth"},{"floor":12.0,"key":"AT_BellDemon"},{"floor":13.0,"key":"AT_SpeedBoots"},{"floor":13.0,"key":"Boot"},{"floor":13.0,"key":"REME_HourglassOfDeath"},{"floor":14.0,"key":"Potion Belt"},{"floor":14.0,"key":"Tiny Chest"},{"floor":14.0,"key":"Letter Opener"},{"floor":14.0,"key":"AT_GuinsooRageblade"},{"floor":14.0,"key":"Peace Pipe"},{"floor":16.0,"key":"AT_SunfireAegis"},{"floor":16.0,"key":"Nunchaku"},{"floor":18.0,"key":"Kunai"},{"floor":18.0,"key":"Bottled Tornado"},{"floor":19.0,"key":"Meat on the Bone"},{"floor":19.0,"key":"Mercury Hourglass"},{"floor":19.0,"key":"Sundial"},{"floor":20.0,"key":"Old Coin"},{"floor":20.0,"key":"Blue Candle"},{"floor":20.0,"key":"Gremlin Horn"},{"floor":21.0,"key":"DaCapo"},{"floor":21.0,"key":"Mummified Hand"},{"floor":21.0,"key":"Bag of Marbles"},{"floor":22.0,"key":"MagicDraw1"},{"floor":22.0,"key":"AT_Kusabimaru"},{"floor":22.0,"key":"DianDianMeat"},{"floor":23.0,"key":"ZombieArmy"},{"floor":23.0,"key":"Turnip"},{"floor":23.0,"key":"Bronze Scales"},{"floor":24.0,"key":"OriginationStaff"},{"floor":24.0,"key":"ImprovedEquipment"},{"floor":24.0,"key":"SumBook"},{"floor":25.0,"key":"Happy Flower"},{"floor":25.0,"key":"Oddly Smooth Stone"},{"floor":25.0,"key":"Molten Egg 2"},{"floor":26.0,"key":"StoneCalendar"},{"floor":27.0,"key":"REME_HandOfSuture"},{"floor":27.0,"key":"Darkstone Periapt"},{"floor":27.0,"key":"Shuriken"},{"floor":27.0,"key":"HollowDreamFlower"},{"floor":28.0,"key":"Pantograph"},{"floor":28.0,"key":"GodSword7"},{"floor":28.0,"key":"FossilizedHelix"},{"floor":28.0,"key":"Bottled Flame"},{"floor":29.0,"key":"Pen Nib"},{"floor":29.0,"key":"GodSword1"},{"floor":29.0,"key":"GodSword5"},{"floor":30.0,"key":"HornCleat"},{"floor":30.0,"key":"MagicDraw4"},{"floor":30.0,"key":"AT_RabadonDeathcap"},{"floor":31.0,"key":"GodSword6"},{"floor":31.0,"key":"Singing Bowl"},{"floor":31.0,"key":"AT_BladeRuinedKing"},{"floor":33.0,"key":"CrazyTorch:ReiMu"},{"floor":35.0,"key":"GodSword4"},{"floor":35.0,"key":"Frozen Egg 2"},{"floor":36.0,"key":"Torii"},{"floor":36.0,"key":"Toxic Egg 2"},{"floor":36.0,"key":"Regal Pillow"},{"floor":37.0,"key":"MostiFishMod:Haymaker"},{"floor":37.0,"key":"Question Card"},{"floor":38.0,"key":"AT_SilverBalance"},{"floor":38.0,"key":"AT_DeathDance"},{"floor":38.0,"key":"Bottled Lightning"},{"floor":38.0,"key":"Lantern"},{"floor":38.0,"key":"RuthlessExorcism:ReiMu"},{"floor":39,"key":"Mango"},{"floor":39,"key":"Blood Vial"},{"floor":39,"key":"Calipers"},{"floor":40,"key":"AT_BellowingDragoncrestRing"},{"floor":40,"key":"Tea:ReiMu"},{"floor":41,"key":"War Paint"},{"floor":41,"key":"SSSystem"},{"floor":41,"key":"Thread and Needle"},{"floor":42,"key":"AT_Manta"},{"floor":42,"key":"TypeBBloodRedTea"},{"floor":42,"key":"Toy Ornithopter"},{"floor":43,"key":"AT_ChloranthyRing"},{"floor":44,"key":"BionicSphere"},{"floor":44,"key":"AT_TimeSand"},{"floor":44,"key":"Orichalcum"},{"floor":45,"key":"ScarletDevilRocket"},{"floor":45,"key":"Lizard Tail"},{"floor":45,"key":"AT_TheCollector"},{"floor":47,"key":"StrikeDummy"},{"floor":47,"key":"Vajra"},{"floor":48,"key":"Whetstone"},{"floor":48,"key":"Dream Catcher"},{"floor":54,"key":"MagicDraw2"},{"floor":54,"key":"InkBottle"},{"floor":54,"key":"White Beast Statue"},{"floor":54,"key":"GodSword3"}],"event_choices":[{"damage_healed":0.0,"max_hp_gain":0.0,"max_hp_loss":0.0,"gold_gain":100.0,"event_name":"Golden Shrine","player_choice":"Pray","floor":11.0,"gold_loss":0.0,"damage_taken":0.0}],"is_beta":false,"boss_relics":[{"not_picked":["SacredBark","BloodWine"],"picked":"EasyGame_NEW"},{"not_picked":["REME_DemonsWealth","Runic Dome"],"picked":"JellyFishMachine"}],"items_purged_floors":[],"is_endless":false,"potions_floor_spawned":[1,4,5,6,7,14,18,19,24,25,28,33,35,36,39,40,44,45,48,54],"ascension_level":1}}