{"host":"ggy1mjjy92c62u6a","time":1613362481,"event":{"mods":["10 clothes from DAL","ATMod(∞¢Ë™Mod)","Act Like it!","BaseMod","Colored Powertips","GifTheSpireLib","Infinite Spire","Library of Ruina","Library of Ruina Extra","Lobotomy","LobotomyExtend","Minty Spire (QoL Compilation)","Quick Restart","Relic Filter Mod","Relic Stats","Reliquary","Replay The Spire","Shop Mod","Spicy Shops","StSLib","SuperFastMode","TestMod","°æπ¶ƒ‹Mod°øªÏ„Á÷Æª∑–ﬁ∏¥≤π∂°","°æ“≈ŒÔMod°øÀ¿¡È∑® ¶NEW","°æ“≈ŒÔø®≈∆°øREMEMod"],"gold_per_floor":[119,119,119,136,155,184,213,213,213,213,232,251,267,279,279,381,381,393,393],"floor_reached":18,"language":"ZHS","playtime":867,"items_purged":[],"score":279,"play_id":"bde6e16b-3e4d-4698-94de-a714bedf3f5d","local_time":"20210215121441","is_ascension_mode":true,"campfire_choices":[{"floor":8.0,"key":"REST"},{"data":"SomberProcuration","floor":15,"key":"SMITH"}],"circlet_count":0,"master_deck":["AscendersBane","Dodge","LightDefense","LightAttack","LightAttack","LightAttack","LightDefense","LightDefense","ChargeAndCover","FocusedStrikes+1","AT_ChampionStep","FrontalAssault","LightDefense","SomberProcuration+1","Unlock1"],"relics":["PageOfLibrarian","REME_ComplimentaryCards","AT_ATBox","testmod-TestBox","CogitoBucket","RabbitCall","testmod-StringDisintegrator","LetterFromLob","Meat on the Bone","Odd Mushroom","AT_ForceNature","Replay:Grab Bag","SlaversCollar","Sozu","testmod-DeterminationOfClimber"],"acts_visited":["Exordium","TheCity"],"potions_floor_usage":[16],"damage_taken":[{"damage":12.0,"enemies":"Jaw Worm","floor":1.0,"turns":4.0},{"damage":0.0,"enemies":"Small Slimes","floor":4.0,"turns":2.0},{"damage":0.0,"enemies":"infinitespire:Voidling","floor":5.0,"turns":2.0},{"damage":12.0,"enemies":"3 Sentries","floor":6.0,"turns":4.0},{"damage":19.0,"enemies":"The Mushroom Lair","floor":7.0,"turns":5.0},{"damage":24.0,"enemies":"Blue Slaver","floor":11.0,"turns":5.0},{"damage":6.0,"enemies":"Looter","floor":12.0,"turns":2.0},{"damage":7,"enemies":"Lots of Slimes","floor":13,"turns":4},{"damage":3,"enemies":"Exordium Thugs","floor":14,"turns":3},{"damage":10,"enemies":"Fading Forest","floor":16,"turns":11},{"damage":93,"enemies":"Chosen","floor":18,"turns":4}],"seed_played":"3991888667959047855","potions_obtained":[{"floor":1.0,"key":"Swift Potion"},{"floor":4.0,"key":"SteroidPotion"},{"floor":14,"key":"Ancient Potion"}],"is_trial":false,"path_per_floor":["M","?","?","M","M","E","?","R","T","?","M","M","M","M","R","B",null,"M"],"character_chosen":"Librarian","items_purchased":[],"campfire_rested":1,"item_purchase_floors":[],"current_hp_per_floor":[42,42,42,42,42,30,23,49,49,49,37,43,48,45,45,55,81,0,0],"gold":393,"neow_bonus":"","is_daily":false,"chose_seed":false,"campfire_upgraded":1,"win_rate":0.0,"timestamp":1613362481,"path_taken":["M","?","?","?","M","E","?","R","T","?","M","M","M","M","R","BOSS","M"],"items_purchased_type":[],"build_version":"2020-12-22","purchased_purges":0,"victory":false,"max_hp_per_floor":[60,60,60,89,89,89,89,89,89,89,89,89,89,89,89,89,89,89,89],"relic_stats":{"Sozu":0,"counters":[13,48],"obtain_stats":[{"AT_ForceNature":10,"RabbitCall":0,"AT_ATBox":0,"testmod-TestBox":0,"Replay:Grab Bag":17,"Odd Mushroom":7,"PageOfLibrarian":0,"Sozu":17,"SlaversCollar":17,"CogitoBucket":0,"testmod-StringDisintegrator":0,"LetterFromLob":1,"testmod-DeterminationOfClimber":17,"REME_ComplimentaryCards":0,"Meat on the Bone":6},{"AT_ForceNature":5,"RabbitCall":0,"AT_ATBox":0,"testmod-TestBox":0,"Replay:Grab Bag":11,"Odd Mushroom":5,"PageOfLibrarian":0,"Sozu":11,"SlaversCollar":11,"CogitoBucket":0,"testmod-StringDisintegrator":0,"LetterFromLob":1,"testmod-DeterminationOfClimber":11,"REME_ComplimentaryCards":0,"Meat on the Bone":4},{"AT_ForceNature":17,"RabbitCall":0,"AT_ATBox":0,"testmod-TestBox":0,"Replay:Grab Bag":43,"Odd Mushroom":17,"PageOfLibrarian":0,"Sozu":43,"SlaversCollar":43,"CogitoBucket":0,"testmod-StringDisintegrator":0,"LetterFromLob":4,"testmod-DeterminationOfClimber":43,"REME_ComplimentaryCards":0,"Meat on the Bone":12}],"Meat on the Bone":60},"card_choices":[{"not_picked":["Struggle","CookingPrep","FleetFootsteps","HighKick","FlashingStrike","DefenseOrder","HiddenBlade","HeavyPeaks"],"picked":"FrontalAssault","floor":1.0},{"not_picked":["DarkCloud","Fence","EndlessBattle","DimensionalRift","WillBeTasty","Clone","Leap_lor","WillOfThePrescript"],"picked":"FrontalAssault","floor":4.0},{"not_picked":["Deflect_lor","Multislash","Rewind","FeatherShield","PreemptiveStrike","UndertakePrescript","Parry","StrongStrike","HiddenBlade"],"picked":"SKIP","floor":5.0},{"not_picked":["MultiBlock","Rampage_lor","WillOfThePrescript","DesperateStruggle","EnergyConversion","BackAttack","EndlessBattle","SenseQuarry"],"picked":"SomberProcuration","floor":6.0},{"not_picked":["IllEndYou","HandleRequest","FrontalAssault","DevastatingThrash","SturdyDefense","PinpointShot","ElectricShock","EnergyStrike","StartinOutLightly"],"picked":"SKIP","floor":11.0},{"not_picked":["SilentNight","SunsetBlade","DarkCloud","EnergyCycle","GrazeTheGrass","EndlessBattle","QuickAttack","SkitterAway","Fence"],"picked":"SKIP","floor":12.0},{"not_picked":["RatsGuideToSurvival","UpbeatPerformance","HandleRequest","WildCard","DefenseOrder","Leap_lor","AsThePrescriptOrders","Guardian_lor","ReadyUp"],"picked":"SKIP","floor":13},{"not_picked":["ToOvercomeCrisis","Endure","SweepTheBackstreets","HighSpeedStabbing","BackstreetsDash","FrontalAssault","Reload","UnavoidableGaze"],"picked":"Unlock1","floor":14}],"player_experience":122727,"relics_obtained":[{"floor":1.0,"key":"LetterFromLob"},{"floor":6.0,"key":"Meat on the Bone"},{"floor":7.0,"key":"Odd Mushroom"}],"event_choices":[{"cards_removed":["LightDefense"],"damage_healed":0.0,"max_hp_gain":0.0,"max_hp_loss":0.0,"gold_gain":0.0,"event_name":"Bonfire Elementals","player_choice":"Offered Basic","floor":3.0,"gold_loss":0.0,"damage_taken":0.0},{"damage_healed":0.0,"max_hp_gain":0.0,"max_hp_loss":0.0,"gold_gain":0.0,"event_name":"Mushrooms","player_choice":"Fought Mushrooms","floor":7.0,"gold_loss":0.0,"damage_taken":0.0},{"cards_removed":["FrontalAssault"],"damage_healed":0.0,"max_hp_gain":0.0,"max_hp_loss":0.0,"gold_gain":0.0,"event_name":"WeMeetAgain","player_choice":"Gave Card","floor":10.0,"gold_loss":0.0,"damage_taken":0.0,"relics_obtained":["AT_ForceNature"]}],"is_beta":false,"boss_relics":[{"not_picked":["testmod-HarvestTotem","testmod-TimeTraveler"],"picked":"Replay:Grab Bag"},{"not_picked":["infinitespire:Cupcake","Cursed Key"],"picked":"SlaversCollar"},{"not_picked":["Fusion Hammer","Busted Crown"],"picked":"Sozu"},{"not_picked":["testmod-BloodSacrificeSpiritualization","Empty Cage"],"picked":"testmod-DeterminationOfClimber"}],"items_purged_floors":[],"is_endless":false,"potions_floor_spawned":[1,4,5,14],"killed_by":"Chosen","ascension_level":11}}