{"host":"x6tlfgqpy55vgxdn","time":1613402825,"event":{"mods":["AchievementEnabler","BaseMod","DeckTracker","Minty Spire (QoL Compilation)","Permanent Neow","Quick Restart","StSLib","SuperFastMode"],"gold_per_floor":[213,213,213,213,228,228,263,18,18,18,46,46,63,83,83,187,187,198,229,229,154,154,154,182,194,206,218,245,270,313,345,357,466,478,501,563,620,439,453,453,479,494,494,513,525,525,543,558,558,558,558,558,83,110,110],"floor_reached":56,"language":"KOR","playtime":1473,"items_purged":["Strike_R","Strike_R","Defend_R"],"score":1450,"play_id":"9019f42f-67df-4c9e-b51a-7160ab55d3d1","local_time":"20210216002705","is_ascension_mode":false,"campfire_choices":[{"data":"Bash","floor":6.0,"key":"SMITH"},{"data":"Defend_R","floor":10,"key":"SMITH"},{"data":"Juggernaut","floor":15,"key":"SMITH"},{"data":"Barricade","floor":23,"key":"SMITH"},{"data":"Entrench","floor":25,"key":"SMITH"},{"data":"Evolve","floor":27,"key":"SMITH"},{"data":"Defend_R","floor":32,"key":"SMITH"},{"floor":40,"key":"RECALL"},{"data":"Strike_R","floor":49,"key":"PURGE"},{"data":"Body Slam+1","floor":52,"key":"PURGE"}],"circlet_count":0,"master_deck":["Defend_R+1","Defend_R","Defend_R+1","Bash+1","Carnage+1","Juggernaut+1","Body Slam+1","Barricade+1","Evolve+1","Entrench+1","Metallicize+1","Feel No Pain+1","Dark Embrace+1","Shrug It Off","Impatience"],"relics":["Burning Blood","Molten Egg 2","Singing Bowl","Mummified Hand","Letter Opener","Bottled Flame","Eternal Feather","Runic Dome","Red Mask","MawBank","Centennial Puzzle","Bronze Scales","Coffee Dripper","Calipers","Peace Pipe","Membership Card","Frozen Egg 2","ClockworkSouvenir","Lantern","Bag of Marbles","White Beast Statue"],"acts_visited":["Exordium","TheCity","TheBeyond","TheEnding"],"potions_floor_usage":[11,24,47,53,55,55,55],"damage_taken":[{"damage":0.0,"enemies":"Small Slimes","floor":1.0,"turns":5.0},{"damage":2.0,"enemies":"2 Louse","floor":5.0,"turns":2.0},{"damage":30.0,"enemies":"3 Sentries","floor":7.0,"turns":9.0},{"damage":19,"enemies":"Lagavulin","floor":11,"turns":5},{"damage":1,"enemies":"Cultist","floor":13,"turns":3},{"damage":8,"enemies":"Red Slaver","floor":14,"turns":2},{"damage":15,"enemies":"Hexaghost","floor":16,"turns":8},{"damage":15,"enemies":"2 Thieves","floor":18,"turns":3},{"damage":25,"enemies":"Masked Bandits","floor":19,"turns":4},{"damage":12,"enemies":"Book of Stabbing","floor":24,"turns":4},{"damage":2,"enemies":"Shell Parasite","floor":28,"turns":3},{"damage":17,"enemies":"Snake Plant","floor":29,"turns":4},{"damage":27,"enemies":"Slavers","floor":30,"turns":4},{"damage":20,"enemies":"Snecko","floor":31,"turns":4},{"damage":6,"enemies":"Automaton","floor":33,"turns":7},{"damage":11,"enemies":"Orb Walker","floor":35,"turns":2},{"damage":48,"enemies":"Mind Bloom Boss Battle","floor":36,"turns":5},{"damage":9,"enemies":"2 Orb Walkers","floor":37,"turns":4},{"damage":9,"enemies":"3 Shapes","floor":39,"turns":3},{"damage":0,"enemies":"Giant Head","floor":41,"turns":7},{"damage":2,"enemies":"Spire Growth","floor":42,"turns":3},{"damage":17,"enemies":"Maw","floor":44,"turns":6},{"damage":16,"enemies":"Writhing Mass","floor":45,"turns":6},{"damage":9,"enemies":"Jaw Worm Horde","floor":47,"turns":4},{"damage":10,"enemies":"3 Darklings","floor":48,"turns":3},{"damage":7,"enemies":"Time Eater","floor":50,"turns":7},{"damage":16,"enemies":"Shield and Spear","floor":54,"turns":4},{"damage":1,"enemies":"The Heart","floor":55,"turns":5}],"seed_played":"-6836160446759690475","potions_obtained":[{"floor":1.0,"key":"Weak Potion"},{"floor":13,"key":"Dexterity Potion"},{"floor":16,"key":"SmokeBomb"},{"floor":19,"key":"HeartOfIron"},{"floor":29,"key":"SneckoOil"},{"floor":30,"key":"LiquidBronze"},{"floor":33,"key":"FearPotion"},{"floor":35,"key":"LiquidMemories"},{"floor":44,"key":"BloodPotion"},{"floor":47,"key":"ElixirPotion"}],"is_trial":false,"path_per_floor":["M","?","?","?","M","R","E","$","T","R","E","?","M","M","R","B",null,"M","?","?","$","?","R","E","R","T","R","M","M","E","M","R","B",null,"M","?","?","$","M","R","E","M","T","M","M","?","M","M","R","B",null,"R","$","E","B",null],"character_chosen":"IRONCLAD","items_purchased":["Mummified Hand","Membership Card","ClockworkSouvenir","Dark Embrace+1","Shrug It Off","Impatience","Lantern","Bag of Marbles","Fruit Juice","LiquidMemories"],"campfire_rested":0,"item_purchase_floors":[8,38,53,53,53,53,53,53,53,53],"current_hp_per_floor":[80,62,55,55,59,59,37,37,37,37,24,24,29,27,33,24,82,73,56,56,56,56,62,56,65,65,74,80,71,52,40,49,51,94,89,49,48,48,47,56,64,70,70,59,51,51,71,69,78,77,110,110,115,107,112],"gold":110,"neow_bonus":"HUNDRED_GOLD","is_daily":false,"chose_seed":true,"campfire_upgraded":7,"win_rate":0.0,"timestamp":1613402825,"path_taken":["M","?","?","?","?","R","E","?","T","R","E","?","?","M","R","BOSS","M","?","?","?","?","R","E","R","T","R","?","M","E","M","R","BOSS","M","?","?","$","M","R","E","M","T","M","M","?","?","?","R","BOSS","R","$","E","BOSS"],"items_purchased_type":["Relic","Relic","Relic","Card","Card","Card","Relic","Relic","Potion","Potion"],"build_version":"2020-12-22","purchased_purges":3,"victory":true,"max_hp_per_floor":[80,80,80,80,80,80,82,82,82,82,82,82,82,82,82,82,82,82,84,84,84,84,84,84,84,84,84,86,88,90,92,92,94,94,94,96,98,98,100,100,102,104,104,104,106,106,108,110,110,110,110,110,115,117,117],"card_choices":[{"not_picked":["Twin Strike","Headbutt"],"picked":"Hemokinesis","floor":1.0},{"not_picked":["Cleave+1","Thunderclap+1","Twin Strike+1"],"picked":"SKIP","floor":5.0},{"not_picked":["Rupture","Thunderclap+1","Iron Wave+1"],"picked":"Singing Bowl","floor":7.0},{"not_picked":["Intimidate","Shrug It Off"],"picked":"Carnage+1","floor":11},{"not_picked":["Burning Pact","Iron Wave+1"],"picked":"Juggernaut","floor":13},{"not_picked":["Shockwave","Entrench"],"picked":"Body Slam+1","floor":14},{"not_picked":["Immolate+1","Brutality"],"picked":"Barricade","floor":16},{"not_picked":["Flex","Rampage+1"],"picked":"Evolve","floor":18},{"not_picked":["Shockwave","Flex","Pommel Strike+1"],"picked":"Singing Bowl","floor":19},{"not_picked":["Blood for Blood+1","Intimidate+1"],"picked":"Body Slam+1","floor":24},{"not_picked":["Cleave+1","Heavy Blade+1","Entrench"],"picked":"Singing Bowl","floor":28},{"not_picked":["True Grit","Spot Weakness","Corruption"],"picked":"Singing Bowl","floor":29},{"not_picked":["Bloodletting","Anger+1","Headbutt+1"],"picked":"Singing Bowl","floor":30},{"not_picked":["Heavy Blade+1","Uppercut+1","Cleave+1"],"picked":"Singing Bowl","floor":31},{"not_picked":["Reaper+1","Brutality","Limit Break"],"picked":"Singing Bowl","floor":33},{"not_picked":["Pommel Strike+1","True Grit"],"picked":"Metallicize+1","floor":35},{"not_picked":["Combust","Flame Barrier","Warcry+1"],"picked":"Singing Bowl","floor":36},{"not_picked":["Perfected Strike+1","Rampage+1","Thunderclap+1"],"picked":"Singing Bowl","floor":37},{"not_picked":["Battle Trance","Corruption","Sword Boomerang+1"],"picked":"Singing Bowl","floor":39},{"not_picked":["Rampage+1","Ghostly Armor+1","Inflame+1"],"picked":"Singing Bowl","floor":41},{"not_picked":["Evolve+1","Thunderclap+1","True Grit"],"picked":"Singing Bowl","floor":42},{"not_picked":["Iron Wave+1","Wild Strike+1"],"picked":"Feel No Pain+1","floor":44},{"not_picked":["Ghostly Armor+1","Perfected Strike+1","Armaments+1"],"picked":"Singing Bowl","floor":45},{"not_picked":["Body Slam+1","Juggernaut+1","Cleave+1"],"picked":"Singing Bowl","floor":47},{"not_picked":["Entrench","Anger+1","Sword Boomerang+1"],"picked":"Singing Bowl","floor":48},{"not_picked":["Intimidate+1","Thunderclap+1","Armaments+1"],"picked":"Singing Bowl","floor":54}],"player_experience":256669,"relics_obtained":[{"floor":7.0,"key":"Singing Bowl"},{"floor":9,"key":"Letter Opener"},{"floor":11,"key":"Bottled Flame"},{"floor":19,"key":"Red Mask"},{"floor":24,"key":"MawBank"},{"floor":26,"key":"Centennial Puzzle"},{"floor":30,"key":"Bronze Scales"},{"floor":36,"key":"Calipers"},{"floor":37,"key":"Peace Pipe"},{"floor":41,"key":"Frozen Egg 2"},{"floor":54,"key":"White Beast Statue"}],"event_choices":[{"damage_healed":0.0,"max_hp_gain":0.0,"max_hp_loss":0.0,"gold_gain":0.0,"event_name":"Scrap Ooze","player_choice":"Success","floor":2.0,"gold_loss":0.0,"damage_taken":18.0,"relics_obtained":["Molten Egg 2"]},{"cards_removed":["Strike_R"],"damage_healed":0.0,"max_hp_gain":0.0,"max_hp_loss":0.0,"gold_gain":0.0,"event_name":"Golden Wing","player_choice":"Card Removal","floor":3.0,"gold_loss":0.0,"damage_taken":7.0},{"damage_healed":0.0,"max_hp_gain":0.0,"max_hp_loss":0.0,"gold_gain":0.0,"event_name":"Accursed Blacksmith","player_choice":"Forge","floor":4.0,"gold_loss":0.0,"damage_taken":0.0,"cards_upgraded":["Hemokinesis"]},{"cards_removed":["Hemokinesis"],"damage_healed":0,"gold_gain":0,"player_choice":"Gave Card","damage_taken":0,"relics_obtained":["Eternal Feather"],"max_hp_gain":0,"max_hp_loss":0,"event_name":"WeMeetAgain","floor":12,"gold_loss":0},{"damage_healed":0,"gold_gain":0,"player_choice":"Fought Bandits","damage_taken":0,"max_hp_gain":0,"max_hp_loss":0,"event_name":"Masked Bandits","floor":19,"gold_loss":0},{"damage_healed":0,"gold_gain":0,"player_choice":"Read","damage_taken":0,"max_hp_gain":0,"max_hp_loss":0,"event_name":"The Library","floor":20,"gold_loss":0,"cards_obtained":["Entrench"]},{"damage_healed":0,"gold_gain":0,"player_choice":"Ignored","damage_taken":0,"max_hp_gain":0,"max_hp_loss":0,"event_name":"Vampires","floor":22,"gold_loss":0},{"damage_healed":0,"gold_gain":0,"player_choice":"Fight","damage_taken":0,"max_hp_gain":0,"max_hp_loss":0,"event_name":"MindBloom","floor":36,"gold_loss":0},{"damage_healed":0,"gold_gain":0,"player_choice":"Fight","damage_taken":0,"max_hp_gain":0,"max_hp_loss":0,"event_name":"Mysterious Sphere","floor":37,"gold_loss":0},{"cards_removed":["Strike_R"],"damage_healed":0,"gold_gain":0,"player_choice":"Offered Basic","damage_taken":0,"max_hp_gain":0,"max_hp_loss":0,"event_name":"Bonfire Elementals","floor":46,"gold_loss":0}],"is_beta":false,"boss_relics":[{"not_picked":["Black Blood","Velvet Choker"],"picked":"Runic Dome"},{"not_picked":["SacredBark","Sozu"],"picked":"Coffee Dripper"}],"items_purged_floors":[21,38,53],"is_endless":false,"potions_floor_spawned":[1,13,16,19,29,30,33,35,37,44,47,54],"ascension_level":0}}