{"host":"seujf6kmfn3ctpoe","time":1613394839,"event":{"mods":["BaseMod","Colored Map","Jedi Mod","Minty Spire (QoL Compilation)","Permanent Neow","Relic Sorter","Relic Stats","StSLib"],"gold_per_floor":[216,87,87,87,87,127,127,168,243,259,259,279,279,305,305,424,424,448,373,373,392,406,406,441,441,441,482,312,337,212,237,237,358,358,372,372,391,391,415,451,451,489,514,545,563,563,584,602,602,602],"floor_reached":51,"language":"ENG","playtime":2568,"items_purged":["Strike_G","Strike_G","Strike_G"],"score":973,"play_id":"e08f31fb-0960-445d-97a4-264a690cf303","local_time":"20210215141359","is_ascension_mode":true,"campfire_choices":[{"data":"Deadly Poison","floor":11,"key":"SMITH"},{"data":"Backflip","floor":15,"key":"SMITH"},{"data":"jedi:collectorvenom","floor":23,"key":"SMITH"},{"data":"Catalyst","floor":25,"key":"SMITH"},{"data":"Neutralize","floor":32,"key":"SMITH"},{"data":"Survivor","floor":41,"key":"SMITH"},{"data":"Footwork","floor":46,"key":"SMITH"},{"data":"Defend_G","floor":49,"key":"SMITH"}],"circlet_count":0,"master_deck":["Defend_G","Defend_G","Defend_G","Defend_G","Defend_G+1","Survivor+1","Neutralize+1","Flying Knee","Deadly Poison+1","Noxious Fumes+1","Backflip+1","jedi:collectorvenom+1","Catalyst+1","Footwork+1","CurseOfTheBell","Footwork+1"],"relics":["Ring of the Snake","jedi:purplefairy","Gremlin Horn","Golden Idol","StoneCalendar","PreservedInsect","Singing Bowl","Odd Mushroom","Coffee Dripper","Tiny Chest","Calipers","Lizard Tail","Calling Bell","Bag of Preparation","Paper Crane","Peace Pipe","Dream Catcher","jedi:archwizardhat","Blood Vial","CaptainsWheel"],"acts_visited":["Exordium","TheCity","TheBeyond"],"potions_floor_usage":[27,27,40,45,50,50],"damage_taken":[{"damage":0,"enemies":"Cultist","floor":1,"turns":4},{"damage":20,"enemies":"Lagavulin","floor":6,"turns":8},{"damage":20,"enemies":"Gremlin Nob","floor":8,"turns":4},{"damage":0,"enemies":"Jaw Worm","floor":10,"turns":4},{"damage":0,"enemies":"Small Slimes","floor":12,"turns":3},{"damage":2,"enemies":"The Mushroom Lair","floor":14,"turns":4},{"damage":0,"enemies":"Hexaghost","floor":16,"turns":9},{"damage":2,"enemies":"Spheric Guardian","floor":18,"turns":5},{"damage":0,"enemies":"Shell Parasite","floor":21,"turns":5},{"damage":5,"enemies":"Snake Plant","floor":22,"turns":4},{"damage":17,"enemies":"Slavers","floor":24,"turns":6},{"damage":6,"enemies":"Gremlin Leader","floor":27,"turns":4},{"damage":1,"enemies":"3 Cultists","floor":29,"turns":5},{"damage":2,"enemies":"Shelled Parasite and Fungi","floor":31,"turns":3},{"damage":7,"enemies":"Champ","floor":33,"turns":7},{"damage":0,"enemies":"Orb Walker","floor":35,"turns":2},{"damage":0,"enemies":"3 Shapes","floor":37,"turns":5},{"damage":0,"enemies":"Spire Growth","floor":39,"turns":3},{"damage":59,"enemies":"Reptomancer","floor":40,"turns":8},{"damage":7,"enemies":"Giant Head","floor":42,"turns":4},{"damage":20,"enemies":"Nemesis","floor":44,"turns":5},{"damage":0,"enemies":"Jaw Worm Horde","floor":45,"turns":4},{"damage":0,"enemies":"Sphere and 2 Shapes","floor":47,"turns":6},{"damage":2,"enemies":"3 Darklings","floor":48,"turns":4},{"damage":12,"enemies":"Donu and Deca","floor":50,"turns":8}],"seed_played":"1442448202442759022","potions_obtained":[{"floor":6,"key":"SkillPotion"},{"floor":12,"key":"SkillPotion"},{"floor":14,"key":"Dexterity Potion"},{"floor":16,"key":"Energy Potion"},{"floor":29,"key":"LiquidBronze"},{"floor":31,"key":"ColorlessPotion"},{"floor":35,"key":"PowerPotion"},{"floor":44,"key":"jedi:tentaclejuice"},{"floor":47,"key":"SpeedPotion"}],"is_trial":false,"path_per_floor":["M","$","?","T","?","E","?","E","T","M","R","M","T","?","R","B",null,"M","?","?","M","M","R","E","R","T","E","$","M","$","M","R","B",null,"M","?","M","$","M","E","R","E","T","E","M","R","M","M","R","B",null],"character_chosen":"THE_SILENT","items_purchased":["Deadly Poison","Footwork"],"campfire_rested":0,"item_purchase_floors":[2,28],"current_hp_per_floor":[70,70,63,63,63,43,43,23,23,25,25,25,25,25,35,35,69,67,67,67,67,62,67,50,55,55,49,49,48,48,46,69,62,69,69,79,79,79,81,22,81,74,74,56,60,65,67,67,83,71],"gold":602,"neow_bonus":"HUNDRED_GOLD","is_daily":false,"chose_seed":false,"campfire_upgraded":8,"win_rate":0.0,"timestamp":1613394839,"path_taken":["M","$","?","?","?","E","?","E","T","M","R","?","?","?","R","BOSS","M","?","?","M","M","R","E","R","T","E","$","M","$","M","R","BOSS","M","?","M","$","M","E","R","E","T","E","M","R","?","?","R","BOSS"],"items_purchased_type":["Card","Card"],"build_version":"2020-12-22","purchased_purges":3,"victory":true,"max_hp_per_floor":[70,70,70,70,65,65,65,65,65,67,67,67,67,69,69,69,69,69,69,69,69,69,69,69,69,69,69,69,69,69,69,69,69,69,69,79,79,79,81,81,81,81,81,81,83,83,83,83,83,83],"relic_stats":{"Gremlin Horn":[24,24],"Singing Bowl":8,"counters":[25,124],"Golden Idol":184,"StoneCalendar":[205],"PreservedInsect":316,"Bag of Preparation":[20],"Peace Pipe":0,"Blood Vial":8,"Lizard Tail":0,"Dream Catcher":0,"Tiny Chest":0,"obtain_stats":[{"Calipers":26,"Gremlin Horn":4,"Singing Bowl":9,"Golden Idol":5,"jedi:purplefairy":13,"StoneCalendar":6,"PreservedInsect":8,"Bag of Preparation":34,"Odd Mushroom":14,"Paper Crane":34,"jedi:archwizardhat":42,"Calling Bell":34,"Peace Pipe":34,"Blood Vial":43,"Lizard Tail":27,"Dream Catcher":40,"CaptainsWheel":44,"Tiny Chest":24,"Coffee Dripper":17,"Ring of the Snake":0},{"Calipers":11,"Gremlin Horn":1,"Singing Bowl":3,"Golden Idol":1,"jedi:purplefairy":5,"StoneCalendar":2,"PreservedInsect":3,"Bag of Preparation":15,"Odd Mushroom":6,"Paper Crane":15,"jedi:archwizardhat":20,"Calling Bell":15,"Peace Pipe":15,"Blood Vial":20,"Lizard Tail":12,"Dream Catcher":19,"CaptainsWheel":21,"Tiny Chest":11,"Coffee Dripper":7,"Ring of the Snake":0},{"Calipers":56,"Gremlin Horn":4,"Singing Bowl":16,"Golden Idol":4,"jedi:purplefairy":23,"StoneCalendar":12,"PreservedInsect":16,"Bag of Preparation":75,"Odd Mushroom":27,"Paper Crane":75,"jedi:archwizardhat":97,"Calling Bell":75,"Peace Pipe":75,"Blood Vial":97,"Lizard Tail":60,"Dream Catcher":93,"CaptainsWheel":102,"Tiny Chest":56,"Coffee Dripper":36,"Ring of the Snake":0}],"Ring of the Snake":[50]},"card_choices":[{"not_picked":["Deflect","Bane"],"picked":"Flying Knee","floor":1},{"not_picked":["Choke","Caltrops"],"picked":"Noxious Fumes","floor":6},{"not_picked":["Dodge and Roll","Acrobatics","jedi:acidrain"],"picked":"SKIP","floor":8},{"not_picked":["Setup","Sucker Punch","Flying Knee"],"picked":"Singing Bowl","floor":10},{"not_picked":["Phantasmal Killer","Acrobatics"],"picked":"Backflip","floor":12},{"not_picked":["Dodge and Roll","Sucker Punch","Acrobatics"],"picked":"Singing Bowl","floor":14},{"not_picked":["Phantasmal Killer","Venomology"],"picked":"Adrenaline","floor":16},{"not_picked":["Bane","Dagger Spray"],"picked":"jedi:collectorvenom","floor":18},{"not_picked":["Setup","Leg Sweep"],"picked":"Catalyst","floor":21},{"not_picked":["Acrobatics","Deflect"],"picked":"jedi:collectorvenom","floor":22},{"not_picked":["Sucker Punch","Quick Slash+1"],"picked":"jedi:collectorvenom+1","floor":24},{"not_picked":["Deadly Poison","Doppelganger"],"picked":"jedi:collectorvenom+1","floor":27},{"not_picked":["Distraction","jedi:pocketpoison"],"picked":"jedi:collectorvenom+1","floor":29},{"not_picked":["Cloak And Dagger+1","Blade Dance"],"picked":"jedi:collectorvenom+1","floor":31},{"not_picked":["Wraith Form v2","Burst"],"picked":"jedi:collectorvenom+1","floor":33},{"not_picked":["Outmaneuver+1","Cloak And Dagger+1"],"picked":"jedi:collectorvenom+1","floor":35},{"not_picked":["Backflip","Blade Dance+1"],"picked":"jedi:collectorvenom+1","floor":37},{"not_picked":["Grand Finale","Sucker Punch","Caltrops+1"],"picked":"Singing Bowl","floor":39},{"not_picked":["Die Die Die","Poisoned Stab+1"],"picked":"jedi:collectorvenom+1","floor":40},{"not_picked":["Deadly Poison+1","Predator"],"picked":"jedi:collectorvenom+1","floor":42},{"not_picked":["Prepared","PiercingWail+1"],"picked":"jedi:collectorvenom+1","floor":44},{"not_picked":["jedi:pocketpoison","Poisoned Stab+1","Dagger Throw"],"picked":"Singing Bowl","floor":45},{"not_picked":["Concentrate","Poisoned Stab+1"],"picked":"jedi:collectorvenom+1","floor":47},{"not_picked":["jedi:collectorvenom+1","jedi:brewingpoison"],"picked":"Footwork+1","floor":48}],"player_experience":445221,"relics_obtained":[{"floor":4,"key":"Gremlin Horn"},{"floor":6,"key":"StoneCalendar"},{"floor":8,"key":"PreservedInsect"},{"floor":9,"key":"Singing Bowl"},{"floor":13,"key":"jedi:purplefairy"},{"floor":14,"key":"Odd Mushroom"},{"floor":24,"key":"Tiny Chest"},{"floor":26,"key":"Calipers"},{"floor":27,"key":"Lizard Tail"},{"floor":34,"key":"Bag of Preparation"},{"floor":34,"key":"Paper Crane"},{"floor":34,"key":"Peace Pipe"},{"floor":40,"key":"Dream Catcher"},{"floor":42,"key":"jedi:archwizardhat"},{"floor":43,"key":"Blood Vial"},{"floor":44,"key":"CaptainsWheel"}],"event_choices":[{"cards_removed":["Strike_G"],"damage_healed":0,"gold_gain":0,"player_choice":"Card Removal","damage_taken":7,"max_hp_gain":0,"max_hp_loss":0,"event_name":"Golden Wing","floor":3,"gold_loss":0},{"damage_healed":0,"gold_gain":0,"player_choice":"Lose Max HP","damage_taken":0,"relics_obtained":["Golden Idol"],"max_hp_gain":0,"max_hp_loss":5,"event_name":"Golden Idol","floor":5,"gold_loss":0},{"damage_healed":0,"gold_gain":0,"player_choice":"Grow","damage_taken":0,"max_hp_gain":0,"max_hp_loss":0,"event_name":"Living Wall","floor":7,"gold_loss":0,"cards_upgraded":["Noxious Fumes"]},{"damage_healed":0,"gold_gain":0,"player_choice":"Fought Mushrooms","damage_taken":0,"max_hp_gain":0,"max_hp_loss":0,"event_name":"Mushrooms","floor":14,"gold_loss":0},{"cards_removed":["Strike_G"],"damage_healed":0,"gold_gain":0,"player_choice":"Gave Gold","damage_taken":0,"max_hp_gain":0,"max_hp_loss":0,"event_name":"Beggar","floor":19,"gold_loss":75},{"damage_healed":0,"gold_gain":0,"player_choice":"0 cards matched","damage_taken":0,"max_hp_gain":0,"max_hp_loss":0,"event_name":"Match and Keep!","floor":20,"gold_loss":0,"cards_obtained":[]},{"cards_removed":["Adrenaline"],"damage_healed":0,"gold_gain":0,"player_choice":"Offered Rare","damage_taken":0,"max_hp_gain":10,"max_hp_loss":0,"event_name":"Bonfire Elementals","floor":36,"gold_loss":0}],"is_beta":false,"boss_relics":[{"not_picked":["HoveringKite","Black Star"],"picked":"Coffee Dripper"},{"not_picked":["WristBlade","Busted Crown"],"picked":"Calling Bell"}],"items_purged_floors":[2,28,30],"is_endless":false,"potions_floor_spawned":[6,12,14,16,29,31,35,44,47],"ascension_level":1}}