{"host":"8eqe2o2g03nh9rfw","time":1613374512,"event":{"mods":["AchievementEnabler","AlwaysNeverKeys","BaseMod","Better Third Choice","Block Reminder","Colored Map","Colored Powertips","GifTheSpireLib","Minty Spire (QoL Compilation)","Permanent Neow","Quick Restart","StSLib","Weighted Paths"],"gold_per_floor":[114,189,204,223,223,223,223,223,223,236,256,267,296,314,314,411,411,428,444,359,359,374,400,400,500,526,526,544,544,559,569,569,666,666,682,693,720,735,745,745,745,745],"floor_reached":41,"language":"ENG","playtime":3843,"items_purged":[],"score":419,"play_id":"5d0633e2-8f9f-4f92-8445-223f0b81ec53","local_time":"20210215023512","is_ascension_mode":false,"campfire_choices":[{"floor":6,"key":"REST"},{"floor":8,"key":"REST"},{"floor":15,"key":"REST"},{"floor":24,"key":"RECALL"},{"floor":27,"key":"REST"},{"floor":29,"key":"REST"},{"floor":32,"key":"REST"},{"floor":40,"key":"REST"}],"circlet_count":0,"master_deck":["Eruption","Vigilance","Brilliance","Protect+1","EmptyFist","FollowUp","Machine Learning+1","After Image","FollowUp","Devotion","Prostrate","Worship","ReachHeaven","Ragnarok","Swivel+1","FlyingSleeves","EmptyBody+1","EmptyFist+1","Halt+1","WreathOfFlame","ClearTheMind","Brilliance","InnerPeace","LikeWater","Vault","Ragnarok","FearNoEvil","BattleHymn","ThirdEye","Sanctity","EmptyBody","PathToVictory+1","BowlingBash+1","Meditate"],"relics":["PureWater","Pocketwatch","White Beast Statue","War Paint","Busted Crown","Meat on the Bone","Kunai","Dream Catcher","Pandora\u0027s Box","Blood Vial"],"acts_visited":["Exordium","TheCity","TheBeyond"],"potions_floor_usage":[23,23,30,30,33,33,35,39,39,39],"damage_taken":[{"damage":0,"enemies":"2 Louse","floor":1,"turns":3},{"damage":0,"enemies":"Cultist","floor":3,"turns":4},{"damage":10,"enemies":"Jaw Worm","floor":4,"turns":4},{"damage":5,"enemies":"3 Louse","floor":10,"turns":4},{"damage":8,"enemies":"Exordium Thugs","floor":11,"turns":4},{"damage":0,"enemies":"Blue Slaver","floor":12,"turns":4},{"damage":26,"enemies":"Gremlin Nob","floor":13,"turns":4},{"damage":9,"enemies":"Red Slaver","floor":14,"turns":3},{"damage":8,"enemies":"Slime Boss","floor":16,"turns":7},{"damage":17,"enemies":"2 Thieves","floor":18,"turns":5},{"damage":6,"enemies":"Spheric Guardian","floor":19,"turns":4},{"damage":0,"enemies":"Snecko","floor":22,"turns":3},{"damage":35,"enemies":"Gremlin Leader","floor":23,"turns":7},{"damage":6,"enemies":"Shelled Parasite and Fungi","floor":28,"turns":4},{"damage":32,"enemies":"Centurion and Healer","floor":30,"turns":7},{"damage":1,"enemies":"Sentry and Sphere","floor":31,"turns":5},{"damage":67,"enemies":"Automaton","floor":33,"turns":11},{"damage":15,"enemies":"Orb Walker","floor":35,"turns":2},{"damage":35,"enemies":"3 Darklings","floor":36,"turns":7},{"damage":38,"enemies":"Writhing Mass","floor":38,"turns":6},{"damage":15,"enemies":"Maw","floor":39,"turns":10},{"damage":40,"enemies":"Nemesis","floor":41,"turns":2}],"seed_played":"-6006397768292920795","potions_obtained":[{"floor":1,"key":"SmokeBomb"},{"floor":7,"key":"AttackPotion"},{"floor":7,"key":"FairyPotion"},{"floor":7,"key":"Dexterity Potion"},{"floor":10,"key":"FairyPotion"},{"floor":12,"key":"BottledMiracle"},{"floor":14,"key":"BottledMiracle"},{"floor":23,"key":"PowerPotion"},{"floor":28,"key":"LiquidMemories"},{"floor":30,"key":"PowerPotion"},{"floor":31,"key":"CultistPotion"},{"floor":33,"key":"FearPotion"},{"floor":35,"key":"SpeedPotion"},{"floor":36,"key":"DuplicationPotion"},{"floor":38,"key":"PowerPotion"}],"is_trial":false,"path_per_floor":["M","?","M","M","?","R","?","R","T","M","M","M","E","M","R","B",null,"M","M","?","?","M","E","R","?","T","R","M","R","M","M","R","B",null,"M","M","T","M","M","R","E"],"character_chosen":"WATCHER","items_purchased":[],"campfire_rested":7,"item_purchase_floors":[],"current_hp_per_floor":[72,65,65,55,4,25,25,46,46,41,33,33,7,20,41,33,72,55,49,49,36,48,25,25,25,25,48,42,65,45,44,67,35,77,62,39,39,15,14,37,0,0],"gold":745,"neow_bonus":"ONE_RANDOM_RARE_CARD","is_daily":false,"chose_seed":false,"campfire_upgraded":0,"win_rate":0.0,"timestamp":1613374512,"path_taken":["M","?","?","M","?","R","?","R","T","M","M","?","E","M","R","BOSS","M","M","?","?","M","E","R","?","T","R","M","R","M","M","R","BOSS","M","M","?","M","M","R","E"],"items_purchased_type":[],"build_version":"2020-12-22","purchased_purges":0,"victory":false,"max_hp_per_floor":[72,72,72,72,72,72,72,72,72,72,72,72,72,72,72,72,72,72,72,72,77,77,77,77,77,77,77,77,77,77,77,77,77,77,77,77,77,77,77,77,77,77],"card_choices":[{"not_picked":["ClearTheMind","ThirdEye"],"picked":"Protect","floor":1},{"not_picked":["Crescendo","Collect"],"picked":"EmptyFist","floor":3},{"not_picked":["FlyingSleeves","Sanctity"],"picked":"FollowUp","floor":4},{"not_picked":["Halt","CrushJoints"],"picked":"FollowUp","floor":10},{"not_picked":["WaveOfTheHand","FlyingSleeves"],"picked":"Devotion","floor":11},{"not_picked":["Protect","FlyingSleeves"],"picked":"Prostrate","floor":12},{"not_picked":["PathToVictory","DeusExMachina"],"picked":"Worship","floor":13},{"not_picked":["Halt","CrushJoints"],"picked":"ReachHeaven","floor":14},{"not_picked":["Blasphemy","Establishment"],"picked":"Ragnarok","floor":16},{"not_picked":[],"picked":"Swivel+1","floor":18},{"not_picked":[],"picked":"FlyingSleeves","floor":19},{"not_picked":[],"picked":"EmptyBody+1","floor":22},{"not_picked":[],"picked":"EmptyFist+1","floor":23},{"not_picked":[],"picked":"Halt+1","floor":27},{"not_picked":["SashWhip"],"picked":"SKIP","floor":28},{"not_picked":[],"picked":"WreathOfFlame","floor":29},{"not_picked":["SashWhip"],"picked":"SKIP","floor":30},{"not_picked":["CarveReality"],"picked":"SKIP","floor":31},{"not_picked":[],"picked":"ClearTheMind","floor":32},{"not_picked":[],"picked":"Brilliance","floor":33},{"not_picked":[],"picked":"EmptyBody","floor":35},{"not_picked":[],"picked":"PathToVictory+1","floor":36},{"not_picked":[],"picked":"BowlingBash+1","floor":38},{"not_picked":[],"picked":"Meditate","floor":39}],"player_experience":129991,"relics_obtained":[{"floor":13,"key":"War Paint"},{"floor":23,"key":"Kunai"},{"floor":26,"key":"Dream Catcher"},{"floor":37,"key":"Blood Vial"}],"event_choices":[{"damage_healed":0,"gold_gain":75,"player_choice":"Touch","damage_taken":7,"max_hp_gain":0,"max_hp_loss":0,"event_name":"FaceTrader","floor":2,"gold_loss":0},{"damage_healed":0,"gold_gain":0,"player_choice":"Got Potions","damage_taken":0,"max_hp_gain":0,"max_hp_loss":0,"event_name":"Lab","floor":7,"gold_loss":0},{"damage_healed":0,"gold_gain":0,"player_choice":"Obtained Relic","damage_taken":0,"relics_obtained":["Meat on the Bone"],"max_hp_gain":0,"max_hp_loss":0,"event_name":"Addict","floor":20,"gold_loss":85},{"damage_healed":0,"gold_gain":0,"player_choice":"Shed Blood","damage_taken":18,"max_hp_gain":5,"max_hp_loss":0,"event_name":"Forgotten Altar","floor":21,"gold_loss":0},{"damage_healed":0,"gold_gain":100,"player_choice":"Pray","damage_taken":0,"max_hp_gain":0,"max_hp_loss":0,"event_name":"Golden Shrine","floor":25,"gold_loss":0}],"is_beta":false,"boss_relics":[{"not_picked":["Sozu","Coffee Dripper"],"picked":"Busted Crown"},{"not_picked":["Velvet Choker","SacredBark"],"picked":"Pandora\u0027s Box"}],"items_purged_floors":[],"is_endless":false,"potions_floor_spawned":[1,10,11,12,13,14,16,18,19,22,23,28,30,31,33,35,36,38,39],"killed_by":"Nemesis","ascension_level":0}}