{"host":"8iprjuzow65cevwy","time":1613423956,"event":{"mods":["BaseMod","Colored Map","Highlight Path","Minty Spire (QoL Compilation)","Permanent Neow"],"gold_per_floor":[113,131,142,162,177,177,177,202,229,229,241,241,316,343,343,343,343],"floor_reached":16,"language":"ENG","playtime":1260,"items_purged":[],"score":151,"play_id":"7272c3ef-7ddc-45bc-ad96-6ef8246766ef","local_time":"20210215221916","is_ascension_mode":true,"campfire_choices":[{"data":"True Grit","floor":6,"key":"SMITH"},{"data":"Fiend Fire","floor":10,"key":"SMITH"},{"data":"Second Wind","floor":12,"key":"SMITH"},{"data":"Pommel Strike","floor":15,"key":"SMITH"}],"circlet_count":0,"master_deck":["Strike_R","Strike_R","Strike_R","Strike_R","Defend_R","Defend_R","Defend_R","Defend_R","Bash","Ghostly Armor","Second Wind+1","Pommel Strike+1","True Grit+1","Flame Barrier","Fiend Fire+1","Power Through","Shrug It Off","Warcry","Sentinel","Headbutt","Power Through","Body Slam"],"relics":["Burning Blood","Prayer Wheel","Matryoshka","Regal Pillow","Strawberry","Blood Vial"],"acts_visited":["Exordium"],"potions_floor_usage":[8,8,16],"damage_taken":[{"damage":5,"enemies":"Cultist","floor":1,"turns":5},{"damage":6,"enemies":"Small Slimes","floor":2,"turns":6},{"damage":0,"enemies":"2 Louse","floor":3,"turns":2},{"damage":4,"enemies":"Large Slime","floor":4,"turns":6},{"damage":0,"enemies":"3 Louse","floor":5,"turns":3},{"damage":16,"enemies":"Gremlin Nob","floor":8,"turns":4},{"damage":0,"enemies":"2 Fungi Beasts","floor":11,"turns":4},{"damage":13,"enemies":"Lagavulin","floor":14,"turns":9},{"damage":56,"enemies":"Hexaghost","floor":16,"turns":16}],"seed_played":"-8187586370516770491","potions_obtained":[{"floor":1,"key":"AttackPotion"},{"floor":5,"key":"Fire Potion"},{"floor":14,"key":"DuplicationPotion"}],"is_trial":false,"path_per_floor":["M","M","M","M","M","R","?","E","T","R","M","R","?","E","R","B"],"character_chosen":"IRONCLAD","items_purchased":[],"campfire_rested":0,"item_purchase_floors":[],"current_hp_per_floor":[52,52,58,60,66,66,66,56,63,63,69,69,58,51,51,0,0],"gold":343,"neow_bonus":"ONE_RARE_RELIC","is_daily":false,"chose_seed":false,"campfire_upgraded":4,"win_rate":0.0,"timestamp":1613423956,"path_taken":["M","M","M","M","M","R","?","E","T","R","?","R","?","E","R","BOSS"],"items_purchased_type":[],"build_version":"2020-12-22","purchased_purges":0,"victory":false,"max_hp_per_floor":[80,80,80,80,80,80,80,80,87,87,87,87,87,87,87,87,87],"card_choices":[{"not_picked":["Headbutt","Clothesline"],"picked":"Ghostly Armor","floor":1},{"not_picked":["Shrug It Off","Twin Strike"],"picked":"Second Wind","floor":1},{"not_picked":["Flex","Carnage"],"picked":"Pommel Strike","floor":2},{"not_picked":["Headbutt","Thunderclap"],"picked":"True Grit","floor":2},{"not_picked":["Searing Blow","Spot Weakness"],"picked":"Flame Barrier","floor":3},{"not_picked":["Dual Wield","True Grit","Fiend Fire"],"picked":"SKIP","floor":3},{"not_picked":["Dual Wield","True Grit"],"picked":"Fiend Fire","floor":3},{"not_picked":["Anger","Sword Boomerang"],"picked":"Power Through","floor":4},{"not_picked":["Burning Pact","Clothesline"],"picked":"Shrug It Off","floor":4},{"not_picked":["Clothesline","Clash"],"picked":"Warcry","floor":5},{"not_picked":["Barricade","Rampage","Pommel Strike"],"picked":"SKIP","floor":5},{"not_picked":["Clash","Entrench"],"picked":"Sentinel","floor":8},{"not_picked":["Spot Weakness","Anger"],"picked":"Headbutt","floor":11},{"not_picked":["Twin Strike","Clothesline"],"picked":"Power Through","floor":11},{"not_picked":["Entrench","Evolve"],"picked":"Body Slam","floor":14}],"player_experience":350349,"relics_obtained":[{"floor":8,"key":"Matryoshka"},{"floor":9,"key":"Regal Pillow"},{"floor":9,"key":"Strawberry"},{"floor":14,"key":"Blood Vial"}],"event_choices":[{"cards_removed":["Strike_R"],"damage_healed":0,"gold_gain":0,"player_choice":"Purged","damage_taken":0,"max_hp_gain":0,"max_hp_loss":0,"event_name":"Purifier","floor":7,"gold_loss":0},{"damage_healed":0,"gold_gain":75,"player_choice":"Gather Gold","damage_taken":11,"max_hp_gain":0,"max_hp_loss":0,"event_name":"World of Goop","floor":13,"gold_loss":0}],"is_beta":false,"boss_relics":[],"items_purged_floors":[],"is_endless":false,"potions_floor_spawned":[1,5,14],"killed_by":"Hexaghost","ascension_level":7}}