{"host":"o88u0awh8mkwl1l8","time":1613348820,"event":{"mods":["BaseMod","Colored Map","Highlight Path","Minty Spire (QoL Compilation)"],"gold_per_floor":[119,136,149,166,178,208,225,225,225],"floor_reached":8,"language":"JPN","playtime":532,"items_purged":[],"score":124,"play_id":"5a36aa24-f6cc-40a9-930b-f60113163fb7","local_time":"20210215092700","is_ascension_mode":true,"campfire_choices":[],"circlet_count":0,"master_deck":["AscendersBane","Strike_G","Strike_G","Strike_G","Strike_G","Strike_G","Defend_G","Defend_G","Defend_G","Defend_G","Defend_G","Survivor","Neutralize","Footwork","Backstab","Glass Knife","PiercingWail","Adrenaline","Well Laid Plans","Poisoned Stab"],"relics":["Ring of the Snake","Tiny Chest","WingedGreaves"],"acts_visited":["Exordium"],"potions_floor_usage":[8],"damage_taken":[{"damage":4.0,"enemies":"Cultist","floor":1.0,"turns":6.0},{"damage":0.0,"enemies":"2 Louse","floor":2.0,"turns":6.0},{"damage":0.0,"enemies":"Jaw Worm","floor":3.0,"turns":6.0},{"damage":0.0,"enemies":"Blue Slaver","floor":4.0,"turns":5.0},{"damage":7.0,"enemies":"Lots of Slimes","floor":5.0,"turns":7.0},{"damage":27.0,"enemies":"Gremlin Nob","floor":6.0,"turns":4.0},{"damage":1.0,"enemies":"Looter","floor":7.0,"turns":3.0},{"damage":27,"enemies":"3 Sentries","floor":8,"turns":5}],"seed_played":"-3374706984834669191","potions_obtained":[{"floor":3.0,"key":"Strength Potion"},{"floor":6.0,"key":"Dexterity Potion"}],"is_trial":false,"path_per_floor":["M","M","M","M","M","E","M","E"],"character_chosen":"THE_SILENT","items_purchased":[],"campfire_rested":0,"item_purchase_floors":[],"current_hp_per_floor":[55,55,55,55,48,21,20,0,0],"gold":225,"neow_bonus":"RANDOM_COMMON_RELIC","is_daily":false,"chose_seed":false,"campfire_upgraded":0,"win_rate":0.0,"timestamp":1613348820,"path_taken":["M","M","M","M","?","E","M","E"],"items_purchased_type":[],"build_version":"2020-12-22","purchased_purges":0,"victory":false,"max_hp_per_floor":[66,66,66,66,66,66,66,66,66],"card_choices":[{"not_picked":["Underhanded Strike","Masterful Stab"],"picked":"Footwork","floor":1.0},{"not_picked":["Slice","Sucker Punch"],"picked":"Backstab","floor":2.0},{"not_picked":["Outmaneuver","Underhanded Strike"],"picked":"Glass Knife","floor":3.0},{"not_picked":["Finisher","Sucker Punch"],"picked":"PiercingWail","floor":4.0},{"not_picked":["Dagger Throw","Dodge and Roll"],"picked":"Adrenaline","floor":5.0},{"not_picked":["Slice","Escape Plan"],"picked":"Well Laid Plans","floor":6.0},{"not_picked":["Sucker Punch","Acrobatics"],"picked":"Poisoned Stab","floor":7.0}],"player_experience":1231079,"relics_obtained":[{"floor":6.0,"key":"WingedGreaves"}],"event_choices":[],"is_beta":false,"boss_relics":[],"items_purged_floors":[],"is_endless":false,"potions_floor_spawned":[3,6],"killed_by":"3 Sentries","ascension_level":20}}