{"host":"1lwxixhv2lzh5ag1","time":1613357085,"event":{"mods":["AchievementEnabler","BaseMod","Bestiary","Better Altar","Better Match","Better Note","Better Sensory Stone","Better Silent Start","Better Skull","Better Third Choice","BetterRewards","Colored Map","Colored Powertips","DeckTracker","Displayed Cursed Tome","Downfall","Fox Events","Hubris","Minty Spire (QoL Compilation)","Permanent Neow","Relic Stats","Reliquary","Replay The Spire","Spire Arcade","StSLib","Td1madao Mod","The Blue Laboratory","Uncapped","Waifu the Spire"],"gold_per_floor":[115,115,115,95,114,142,142,142,168,168,168,168,185,198,213,213,213,213,213],"floor_reached":18,"language":"ENG","playtime":488,"items_purged":[],"score":135,"play_id":"3706c79f-30ad-4331-8c73-1264a4a54390","local_time":"20210214214445","is_ascension_mode":false,"campfire_choices":[{"floor":8,"key":"REST"},{"floor":17,"key":"REST"}],"circlet_count":0,"master_deck":["Strike_R","Strike_R","Strike_R","Strike_R","Strike_R","Defend_R","Defend_R","Defend_R","Defend_R","Bash","Sword Boomerang","Armaments","Life Link","Anger","Anger"],"relics":["Burning Blood","reliquary:Stiletto","hubris:SlimyHat","reliquary:Aerogel","Orichalcum","Bronze Scales","hubris:Towel"],"acts_visited":["Exordium"],"potions_floor_usage":[6,6,15],"damage_taken":[{"damage":1,"enemies":"Jaw Worm","floor":1,"turns":4},{"damage":1,"enemies":"Cultist","floor":5,"turns":3},{"damage":0,"enemies":"Gremlin Nob","floor":6,"turns":3},{"damage":7,"enemies":"Small Slimes","floor":13,"turns":3},{"damage":1,"enemies":"2 Fungi Beasts","floor":14,"turns":3},{"damage":28,"enemies":"Gremlin Gang","floor":15,"turns":4},{"damage":93,"enemies":"Fading Forest","floor":18,"turns":8}],"seed_played":"-3246410935475867628","potions_obtained":[{"floor":1,"key":"Fire Potion"},{"floor":4,"key":"hexamod:SoulburnPotion"},{"floor":12,"key":"ColorlessPotion"},{"floor":12,"key":"blueLaboratory:PolymorphPotion"},{"floor":12,"key":"CultistPotion"}],"is_trial":false,"path_per_floor":["M","?","$","?","M","E","?","R","T","PTL","PTL","?","M","M","M","?","R","B"],"character_chosen":"IRONCLAD","items_purchased":[],"campfire_rested":2,"item_purchase_floors":[],"current_hp_per_floor":[80,47,47,47,52,58,58,80,80,80,80,80,79,80,58,58,80,0,0],"gold":213,"neow_bonus":"RANDOM_COMMON_RELIC","is_daily":false,"chose_seed":false,"campfire_upgraded":0,"win_rate":0.0,"timestamp":1613357085,"path_taken":["M","?","?","?","?","E","?","R","T","PTL","PTL","?","M","M","?","?","R","BOSS"],"items_purchased_type":[],"build_version":"2020-12-22","purchased_purges":0,"victory":false,"max_hp_per_floor":[80,80,80,80,80,80,80,80,80,80,80,80,80,80,80,80,80,80,80],"relic_stats":{"counters":[7,28],"Bronze Scales":[57],"Orichalcum":[18],"obtain_stats":[{"reliquary:Aerogel":2,"Bronze Scales":9,"reliquary:Stiletto":0,"hubris:SlimyHat":2,"Orichalcum":6,"hubris:Towel":16,"Burning Blood":0},{"reliquary:Aerogel":1,"Bronze Scales":3,"reliquary:Stiletto":0,"hubris:SlimyHat":1,"Orichalcum":3,"hubris:Towel":6,"Burning Blood":0},{"reliquary:Aerogel":4,"Bronze Scales":10,"reliquary:Stiletto":0,"hubris:SlimyHat":4,"Orichalcum":10,"hubris:Towel":20,"Burning Blood":0}],"Burning Blood":27},"card_choices":[{"not_picked":["Pummel","Spot Weakness"],"picked":"Sword Boomerang","floor":1},{"not_picked":["Carnage","Burning Pact"],"picked":"Armaments","floor":5},{"not_picked":["Defy Death","Uppercut"],"picked":"Life Link","floor":6},{"not_picked":["Shrug It Off","Headbutt"],"picked":"Anger","floor":13},{"not_picked":["Perfected Strike","Run Through"],"picked":"Anger","floor":14},{"not_picked":["ReplayTheSpireMod:Limb From Limb","Thunderclap","Clothesline"],"picked":"SKIP","floor":15}],"player_experience":29511,"relics_obtained":[{"floor":6,"key":"Orichalcum"},{"floor":9,"key":"Bronze Scales"}],"event_choices":[{"damage_healed":0,"gold_gain":0,"player_choice":"RE RE ","damage_taken":37,"relics_obtained":["hubris:SlimyHat","reliquary:Aerogel"],"max_hp_gain":0,"max_hp_loss":0,"event_name":"betterSkull:BetterSkull","floor":2,"gold_loss":0,"cards_upgraded":[]},{"damage_healed":0,"gold_gain":0,"player_choice":"Bought 1 Potion","damage_taken":0,"max_hp_gain":0,"max_hp_loss":0,"event_name":"The Woman in Blue","floor":4,"gold_loss":0},{"damage_healed":0,"gold_gain":0,"player_choice":"Got Potions","damage_taken":0,"max_hp_gain":0,"max_hp_loss":0,"event_name":"Lab","floor":12,"gold_loss":0}],"is_beta":false,"boss_relics":[],"items_purged_floors":[],"is_endless":false,"potions_floor_spawned":[1,14],"killed_by":"Fading Forest","ascension_level":0}}