{"host":"epc8efk9vrywpcsw","time":1613382436,"event":{"mods":["BaseMod","Minty Spire (QoL Compilation)","Relic Stats","StSLib"],"gold_per_floor":[109,122,142,159,174,204,204,220,220,220,220],"floor_reached":10,"language":"ENG","playtime":349,"items_purged":[],"score":144,"play_id":"c7b04d26-14ae-475c-91cb-e6ea1216c5c5","local_time":"20210215104716","is_ascension_mode":true,"campfire_choices":[{"data":"Cloak And Dagger","floor":7,"key":"SMITH"}],"circlet_count":0,"master_deck":["AscendersBane","Strike_G","Strike_G","Strike_G","Strike_G","Strike_G","Defend_G","Defend_G","Defend_G","Defend_G","Defend_G","Survivor","Neutralize","Blade Dance","Cloak And Dagger+1","Dagger Spray","Leg Sweep","Terror"],"relics":["Runic Dome","Pen Nib","Tiny Chest"],"acts_visited":["Exordium"],"potions_floor_usage":[6,6],"damage_taken":[{"damage":6,"enemies":"Cultist","floor":1,"turns":5},{"damage":6,"enemies":"2 Louse","floor":2,"turns":3},{"damage":11,"enemies":"Jaw Worm","floor":3,"turns":4},{"damage":4,"enemies":"2 Fungi Beasts","floor":4,"turns":3},{"damage":7,"enemies":"Exordium Wildlife","floor":5,"turns":6},{"damage":5,"enemies":"Lagavulin","floor":6,"turns":7},{"damage":0,"enemies":"Lots of Slimes","floor":8,"turns":4},{"damage":26,"enemies":"Gremlin Nob","floor":10,"turns":3}],"seed_played":"6939251367726231602","potions_obtained":[{"floor":1,"key":"Weak Potion"},{"floor":4,"key":"CultistPotion"},{"floor":6,"key":"Explosive Potion"}],"is_trial":false,"path_per_floor":["M","M","M","M","M","E","R","M","T","E"],"character_chosen":"THE_SILENT","items_purchased":[],"campfire_rested":0,"item_purchase_floors":[],"current_hp_per_floor":[53,47,36,32,25,20,20,20,20,0,0],"gold":220,"neow_bonus":"BOSS_RELIC","is_daily":false,"chose_seed":false,"campfire_upgraded":1,"win_rate":0.0,"timestamp":1613382436,"path_taken":["M","M","M","M","M","E","R","M","T","E"],"items_purchased_type":[],"build_version":"2020-12-22","purchased_purges":0,"victory":false,"max_hp_per_floor":[66,66,66,66,66,66,66,66,66,66,66],"relic_stats":{"counters":[8,35],"Tiny Chest":0,"Pen Nib":[2],"obtain_stats":[{"Runic Dome":0,"Tiny Chest":9,"Pen Nib":6,"Ring of the Snake":0},{"Runic Dome":0,"Tiny Chest":7,"Pen Nib":6,"Ring of the Snake":0},{"Runic Dome":0,"Tiny Chest":32,"Pen Nib":28,"Ring of the Snake":0}]},"card_choices":[{"not_picked":["Concentrate","Footwork"],"picked":"Blade Dance","floor":1},{"not_picked":["Leg Sweep","Outmaneuver"],"picked":"Cloak And Dagger","floor":2},{"not_picked":["Blur","Poisoned Stab"],"picked":"Dagger Spray","floor":3},{"not_picked":["Dagger Throw","Outmaneuver"],"picked":"Leg Sweep","floor":4},{"not_picked":["Flechettes","Quick Slash","Poisoned Stab"],"picked":"SKIP","floor":5},{"not_picked":["Catalyst","Outmaneuver","Poisoned Stab"],"picked":"SKIP","floor":6},{"not_picked":["Deflect","Bouncing Flask"],"picked":"Terror","floor":8}],"player_experience":528105,"relics_obtained":[{"floor":6,"key":"Pen Nib"},{"floor":9,"key":"Tiny Chest"}],"event_choices":[],"is_beta":false,"boss_relics":[],"items_purged_floors":[],"is_endless":false,"potions_floor_spawned":[1,4,6],"killed_by":"Gremlin Nob","ascension_level":20}}