{"host":"byluu0wia6muw0p7","time":1613378883,"event":{"mods":["2.2 Compatiblity","AchievementEnabler","BaseMod","Colored Map","Colored Powertips","Minty Spire (QoL Compilation)","Quick Restart","Rare Cards Sparkle","StSLib","SuperFastMode"],"gold_per_floor":[133,184,223,281,56,56,56,101,151,185,185,185,236,286,286,399,399,424,433,433,433],"floor_reached":20,"language":"KOR","playtime":799,"items_purged":["Strike_B"],"score":308,"play_id":"19f07bc8-45d2-40e4-a2f6-221f71e9b34e","local_time":"20210215174803","is_ascension_mode":true,"campfire_choices":[{"data":"HandOfGreed","floor":6,"key":"SMITH"},{"data":"Buffer","floor":12,"key":"SMITH"},{"floor":15,"key":"REST"}],"circlet_count":0,"master_deck":["AscendersBane","Strike_B","Strike_B","Strike_B","Defend_B","Defend_B","Defend_B","Defend_B","Zap","Dualcast","HandOfGreed+1","Hologram","Turbo","Self Repair","Rebound","Buffer+1","Genetic Algorithm","Electrodynamics","Beam Cell","Coolheaded","Creative AI","Self Repair","Buffer+1"],"relics":["Cracked Core","Bag of Preparation","White Beast Statue","CeramicFish","Inserter"],"acts_visited":["Exordium","TheCity"],"potions_floor_usage":[8,16,16,20],"damage_taken":[{"damage":1,"enemies":"Jaw Worm","floor":1,"turns":5},{"damage":4,"enemies":"Small Slimes","floor":2,"turns":4},{"damage":1,"enemies":"Cultist","floor":3,"turns":3},{"damage":19,"enemies":"3 Louse","floor":4,"turns":3},{"damage":6,"enemies":"Looter","floor":8,"turns":3},{"damage":10,"enemies":"Lagavulin","floor":10,"turns":7},{"damage":12,"enemies":"Exordium Wildlife","floor":13,"turns":5},{"damage":3,"enemies":"Blue Slaver","floor":14,"turns":2},{"damage":6,"enemies":"Slime Boss","floor":16,"turns":8},{"damage":47,"enemies":"Spheric Guardian","floor":18,"turns":9},{"damage":17,"enemies":"Shell Parasite","floor":20,"turns":4}],"seed_played":"-3800532772963308807","potions_obtained":[{"floor":2,"key":"Energy Potion"},{"floor":3,"key":"BlessingOfTheForge"},{"floor":10,"key":"Fire Potion"},{"floor":16,"key":"SpeedPotion"},{"floor":18,"key":"SkillPotion"}],"is_trial":false,"path_per_floor":["M","M","M","M","$","R","$","M","T","E","?","R","M","M","R","B",null,"M","?","M"],"character_chosen":"DEFECT","items_purchased":["Buffer"],"campfire_rested":1,"item_purchase_floors":[5],"current_hp_per_floor":[63,59,58,46,46,46,46,47,47,44,33,33,28,25,44,45,59,19,19,2,2],"gold":433,"neow_bonus":"RANDOM_COLORLESS_2","is_daily":false,"chose_seed":false,"campfire_upgraded":2,"win_rate":0.0,"timestamp":1613378883,"path_taken":["M","M","M","M","$","R","$","M","T","E","?","R","M","M","R","BOSS","M","?","?"],"items_purchased_type":["Card"],"build_version":"2020-12-22","purchased_purges":1,"victory":false,"max_hp_per_floor":[64,64,64,64,64,64,64,64,64,64,64,64,64,64,64,64,64,64,64,64,64],"card_choices":[{"not_picked":["Secret Weapon","Thinking Ahead"],"picked":"HandOfGreed","floor":0},{"not_picked":["Heatsinks","Gash"],"picked":"Hologram","floor":1},{"not_picked":["Rebound","Aggregate"],"picked":"Turbo","floor":2},{"not_picked":["Ball Lightning","Steam"],"picked":"Self Repair","floor":3},{"not_picked":["Fusion","FTL"],"picked":"Rebound","floor":4},{"not_picked":["Compile Driver","Stack"],"picked":"Genetic Algorithm","floor":8},{"not_picked":["Sweeping Beam","Turbo"],"picked":"Electrodynamics","floor":10},{"not_picked":["Cold Snap","Conserve Battery"],"picked":"Beam Cell","floor":13},{"not_picked":["Sweeping Beam","Hologram"],"picked":"Coolheaded","floor":14},{"not_picked":["Fission","Hyperbeam"],"picked":"Creative AI","floor":16},{"not_picked":["Doom and Gloom","Rebound"],"picked":"Self Repair","floor":18}],"player_experience":376743,"relics_obtained":[{"floor":9,"key":"Bag of Preparation"},{"floor":10,"key":"White Beast Statue"}],"event_choices":[{"damage_healed":0,"gold_gain":0,"player_choice":"Success","damage_taken":11,"relics_obtained":["CeramicFish"],"max_hp_gain":0,"max_hp_loss":0,"event_name":"Scrap Ooze","floor":11,"gold_loss":0},{"damage_healed":0,"gold_gain":0,"player_choice":"Copied","damage_taken":0,"max_hp_gain":0,"max_hp_loss":0,"event_name":"Duplicator","floor":19,"gold_loss":0,"cards_obtained":["Buffer"]}],"is_beta":false,"boss_relics":[{"not_picked":["Astrolabe","Sozu"],"picked":"Inserter"}],"items_purged_floors":[5],"is_endless":false,"potions_floor_spawned":[2,3,10,13,14,16,18],"killed_by":"Shell Parasite","ascension_level":15}}