{"host":"wmrrle71ao22fxdw","time":1613401814,"event":{"mods":["BaseMod","Colored Map","Minty Spire (QoL Compilation)"],"gold_per_floor":[115,132,151,163,183,208,208,239,262,262,280,24,57,68,68,93,93],"floor_reached":16,"language":"ENG","playtime":466,"items_purged":[],"score":149,"play_id":"146d3c5a-217e-4858-a132-e292f5c1449b","local_time":"20210215161014","is_ascension_mode":false,"campfire_choices":[{"floor":10,"key":"REST"},{"data":"LessonLearned","floor":15,"key":"SMITH"}],"circlet_count":0,"master_deck":["Strike_P","Strike_P","Strike_P","Strike_P","Defend_P","Defend_P","Defend_P","Defend_P","Eruption","Vigilance","CutThroughFate+1","EmptyMind","Conclude","Fasting2","Tantrum+1","Wish","FlyingSleeves","WheelKick","LessonLearned+1","Halt"],"relics":["PureWater","NeowsBlessing","Mercury Hourglass","Ginger","Boot","Nunchaku","Shuriken","Whetstone"],"acts_visited":["Exordium"],"potions_floor_usage":[13],"damage_taken":[{"damage":0,"enemies":"Jaw Worm","floor":1,"turns":1},{"damage":0,"enemies":"Small Slimes","floor":2,"turns":1},{"damage":0,"enemies":"Cultist","floor":3,"turns":1},{"damage":0,"enemies":"Large Slime","floor":4,"turns":2},{"damage":5,"enemies":"3 Louse","floor":5,"turns":2},{"damage":23,"enemies":"3 Sentries","floor":6,"turns":6},{"damage":12,"enemies":"Gremlin Nob","floor":8,"turns":3},{"damage":0,"enemies":"Red Slaver","floor":11,"turns":3},{"damage":0,"enemies":"Lagavulin","floor":13,"turns":2},{"damage":0,"enemies":"Lots of Slimes","floor":14,"turns":1},{"damage":50,"enemies":"Hexaghost","floor":16,"turns":9}],"seed_played":"2328680008846660748","potions_obtained":[{"floor":2,"key":"FearPotion"},{"floor":4,"key":"Dexterity Potion"},{"floor":5,"key":"Energy Potion"},{"floor":11,"key":"AttackPotion"}],"is_trial":false,"path_per_floor":["M","M","M","M","M","E","?","E","T","R","M","$","E","M","R","B"],"character_chosen":"WATCHER","items_purchased":["Shuriken"],"campfire_rested":1,"item_purchase_floors":[12],"current_hp_per_floor":[72,72,72,72,67,44,41,29,29,50,50,50,50,50,50,0,0],"gold":93,"neow_bonus":"THREE_ENEMY_KILL","is_daily":false,"chose_seed":false,"campfire_upgraded":1,"win_rate":0.0,"timestamp":1613401814,"path_taken":["M","M","M","M","M","E","?","E","T","R","M","$","E","M","R","BOSS"],"items_purchased_type":["Relic"],"build_version":"2020-12-22","purchased_purges":0,"victory":false,"max_hp_per_floor":[72,72,72,72,72,72,72,72,72,72,72,72,72,72,72,72,72],"card_choices":[{"not_picked":["Crescendo","CrushJoints"],"picked":"CutThroughFate","floor":1},{"not_picked":["FlurryOfBlows","Evaluate"],"picked":"EmptyMind","floor":2},{"not_picked":["Crescendo","Perseverance"],"picked":"Conclude","floor":3},{"not_picked":["Halt","TalkToTheHand"],"picked":"Fasting2","floor":4},{"not_picked":["Prostrate","Crescendo"],"picked":"Tantrum","floor":5},{"not_picked":["Evaluate","ClearTheMind"],"picked":"Wish","floor":6},{"not_picked":["Weave","Consecrate"],"picked":"FlyingSleeves","floor":8},{"not_picked":["WindmillStrike","Halt"],"picked":"WheelKick","floor":11},{"not_picked":["CrushJoints","InnerPeace"],"picked":"LessonLearned","floor":13},{"not_picked":["InnerPeace","SandsOfTime"],"picked":"Halt","floor":14}],"player_experience":99194,"relics_obtained":[{"floor":6,"key":"Mercury Hourglass"},{"floor":8,"key":"Boot"},{"floor":9,"key":"Nunchaku"},{"floor":13,"key":"Whetstone"}],"event_choices":[{"damage_healed":0,"gold_gain":0,"player_choice":"Success","damage_taken":3,"relics_obtained":["Ginger"],"max_hp_gain":0,"max_hp_loss":0,"event_name":"Scrap Ooze","floor":7,"gold_loss":0}],"is_beta":false,"boss_relics":[],"items_purged_floors":[],"is_endless":false,"potions_floor_spawned":[2,4,5,8,11],"killed_by":"Hexaghost","ascension_level":0}}