{"host":"dlqyscxstsnu98l1","time":1613356330,"event":{"mods":["AchievementEnabler","BaseMod","Colored Map","Colored Powertips","GifTheSpireLib","Highlight Path","Minty Spire (QoL Compilation)","Random Character Button","SacredBarkPlus","StSLib","everything is the same but u backflip on backflip"],"gold_per_floor":[117,117,117,66,83,125,125,152,152,152,194,211,241,95,95,193,193,212,212,127,127,137,171,200,200,253,253,273,273,207,226,226,226,226],"floor_reached":33,"language":"ENG","playtime":890,"items_purged":["Strike_R","Strike_R"],"score":367,"play_id":"570f7e2e-ba35-4967-87c7-9e7287a71972","local_time":"20210214203210","is_ascension_mode":true,"campfire_choices":[{"data":"True Grit","floor":7.0,"key":"SMITH"},{"data":"Immolate","floor":10.0,"key":"SMITH"},{"floor":15.0,"key":"REST"},{"floor":25.0,"key":"RECALL"},{"floor":27.0,"key":"REST"},{"floor":29.0,"key":"REST"},{"floor":32.0,"key":"REST"}],"circlet_count":0,"master_deck":["Strike_R","Strike_R","Strike_R","Defend_R","Defend_R","Defend_R","Defend_R","Bash+1","Spot Weakness","Immolate+1","Twin Strike","True Grit+1","Hemokinesis","Flame Barrier+1","Sword Boomerang","Feel No Pain","Shrug It Off"],"relics":["Burning Blood","NeowsBlessing","CeramicFish","Akabeko","Letter Opener","Matryoshka","Anchor","Fusion Hammer","Turnip","Smiling Mask","Boot"],"acts_visited":["Exordium","TheCity"],"potions_floor_usage":[],"damage_taken":[{"damage":0.0,"enemies":"Cultist","floor":1.0,"turns":1.0},{"damage":0.0,"enemies":"2 Louse","floor":5.0,"turns":1.0},{"damage":0.0,"enemies":"3 Sentries","floor":6.0,"turns":2.0},{"damage":35.0,"enemies":"Lagavulin","floor":8.0,"turns":4.0},{"damage":20.0,"enemies":"Gremlin Nob","floor":11.0,"turns":4.0},{"damage":0.0,"enemies":"Jaw Worm","floor":12.0,"turns":1.0},{"damage":30.0,"enemies":"The Guardian","floor":16.0,"turns":7.0},{"damage":15.0,"enemies":"Shell Parasite","floor":18.0,"turns":8.0},{"damage":8.0,"enemies":"Spheric Guardian","floor":22.0,"turns":3.0},{"damage":29.0,"enemies":"Book of Stabbing","floor":23.0,"turns":6.0},{"damage":2.0,"enemies":"Cultist and Chosen","floor":24.0,"turns":4.0},{"damage":2.0,"enemies":"Snake Plant","floor":28.0,"turns":2.0},{"damage":11.0,"enemies":"3 Cultists","floor":31.0,"turns":4.0},{"damage":0,"enemies":"Automaton","floor":33,"turns":1}],"seed_played":"-323007148178033184","potions_obtained":[{"floor":6.0,"key":"SkillPotion"},{"floor":11.0,"key":"PowerPotion"},{"floor":12.0,"key":"Fire Potion"},{"floor":18.0,"key":"GamblersBrew"},{"floor":22.0,"key":"ColorlessPotion"},{"floor":31.0,"key":"Weak Potion"}],"is_trial":false,"path_per_floor":["M","?","?","$","M","E","R","E","T","R","E","M","?","$","R","B",null,"M","?","?","?","M","E","M","R","T","R","M","R","$","M","R","B"],"character_chosen":"IRONCLAD","items_purchased":["Twin Strike","Flame Barrier","Shrug It Off"],"campfire_rested":4,"item_purchase_floors":[4,14,30],"current_hp_per_floor":[80,80,80,80,80,80,80,51,51,51,37,43,43,43,67,43,80,71,71,71,71,69,46,50,50,50,74,78,80,80,75,80,80,80],"gold":226,"neow_bonus":"THREE_ENEMY_KILL","is_daily":false,"chose_seed":false,"campfire_upgraded":2,"win_rate":0.0,"timestamp":1613356330,"path_taken":["M","?","?","$","?","E","R","E","T","R","E","M","?","?","R","BOSS","M","?","?","?","M","E","M","R","T","R","?","R","$","M","R","BOSS"],"items_purchased_type":["Card","Card","Card"],"build_version":"2020-12-22","purchased_purges":2,"victory":false,"max_hp_per_floor":[80,80,80,80,80,80,80,80,80,80,80,80,80,80,80,80,80,80,80,80,80,80,80,80,80,80,80,80,80,80,80,80,80,80],"card_choices":[{"not_picked":["Armaments","Warcry"],"picked":"Spot Weakness","floor":1.0},{"not_picked":["Clash","Headbutt","Whirlwind"],"picked":"SKIP","floor":5.0},{"not_picked":["Iron Wave","Headbutt"],"picked":"True Grit","floor":6.0},{"not_picked":["Double Tap","Clash","Intimidate"],"picked":"SKIP","floor":8.0},{"not_picked":["Clothesline","Inflame"],"picked":"Hemokinesis","floor":11.0},{"not_picked":["Second Wind","Twin Strike","Body Slam"],"picked":"SKIP","floor":12.0},{"not_picked":["Bloodletting","Thunderclap"],"picked":"Sword Boomerang","floor":18.0},{"not_picked":["Sever Soul","Clash+1","Body Slam"],"picked":"SKIP","floor":22.0},{"not_picked":["True Grit","Infernal Blade+1","Perfected Strike"],"picked":"SKIP","floor":23.0},{"not_picked":["Clash","Reckless Charge"],"picked":"Feel No Pain","floor":24.0},{"not_picked":["Thunderclap+1","Anger+1","Body Slam"],"picked":"SKIP","floor":28.0},{"not_picked":["Cleave","Fire Breathing+1","Twin Strike"],"picked":"SKIP","floor":31.0}],"player_experience":210399,"relics_obtained":[{"floor":6.0,"key":"CeramicFish"},{"floor":8.0,"key":"Akabeko"},{"floor":9.0,"key":"Letter Opener"},{"floor":11.0,"key":"Matryoshka"},{"floor":23.0,"key":"Smiling Mask"},{"floor":26.0,"key":"Boot"}],"event_choices":[{"damage_healed":0.0,"max_hp_gain":0.0,"max_hp_loss":0.0,"gold_gain":0.0,"event_name":"Living Wall","player_choice":"Grow","floor":2.0,"gold_loss":0.0,"damage_taken":0.0,"cards_upgraded":["Bash"]},{"damage_healed":0.0,"max_hp_gain":0.0,"max_hp_loss":0.0,"gold_gain":0.0,"event_name":"Match and Keep!","player_choice":"1 cards matched","floor":3.0,"gold_loss":0.0,"damage_taken":0.0,"cards_obtained":["Immolate"]},{"damage_healed":0.0,"max_hp_gain":0.0,"max_hp_loss":0.0,"gold_gain":30.0,"event_name":"Dead Adventurer","player_choice":"Searched \u00273\u0027 times","floor":13.0,"gold_loss":0.0,"damage_taken":0.0,"relics_obtained":["Anchor"]},{"damage_healed":0.0,"max_hp_gain":0.0,"max_hp_loss":0.0,"gold_gain":0.0,"event_name":"Vampires","player_choice":"Ignored","floor":19.0,"gold_loss":0.0,"damage_taken":0.0},{"damage_healed":0.0,"max_hp_gain":0.0,"max_hp_loss":0.0,"gold_gain":0.0,"event_name":"Addict","player_choice":"Obtained Relic","floor":20.0,"gold_loss":85.0,"damage_taken":0.0,"relics_obtained":["Turnip"]},{"damage_healed":0.0,"max_hp_gain":0.0,"max_hp_loss":0.0,"gold_gain":0.0,"event_name":"Accursed Blacksmith","player_choice":"Forge","floor":21.0,"gold_loss":0.0,"damage_taken":0.0,"cards_upgraded":["Flame Barrier"]}],"is_beta":false,"boss_relics":[{"not_picked":["Black Blood","Velvet Choker"],"picked":"Fusion Hammer"}],"items_purged_floors":[14,30],"is_endless":false,"potions_floor_spawned":[6,11,12,18,22,31],"killed_by":"Automaton","ascension_level":4}}