{"host":"fff5e1uasnm04x18","time":1613424501,"event":{"mods":["BaseMod","Highlight Path","Minty Spire (QoL Compilation)","StSLib"],"gold_per_floor":[116,133,133,143,117,150,150,5,5,5,22,38,38,48,48,48,48],"floor_reached":16,"language":"ENG","playtime":860,"items_purged":[],"score":120,"play_id":"5f147d6b-58ae-48c4-be6f-d0881de8ea72","local_time":"20210215162821","is_ascension_mode":true,"campfire_choices":[{"data":"Endless Agony","floor":10,"key":"SMITH"},{"data":"Die Die Die","floor":13,"key":"SMITH"},{"data":"Backstab","floor":15,"key":"SMITH"}],"circlet_count":0,"master_deck":["Strike_G","Strike_G","Strike_G","Strike_G","Defend_G","Defend_G","Defend_G","Defend_G","Defend_G","Survivor","Neutralize","Endless Agony+1","Backflip","Finisher","Finisher","Choke","Backstab+1","Die Die Die+1","Blade Dance","Blade Dance","Blade Dance"],"relics":["Ring of the Snake","Omamori","Question Card"],"acts_visited":["Exordium"],"potions_floor_usage":[4,16,16,16],"damage_taken":[{"damage":0,"enemies":"2 Louse","floor":1,"turns":3},{"damage":0,"enemies":"Cultist","floor":2,"turns":4},{"damage":0,"enemies":"Jaw Worm","floor":4,"turns":6},{"damage":6,"enemies":"Exordium Thugs","floor":5,"turns":7},{"damage":5,"enemies":"Gremlin Nob","floor":6,"turns":3},{"damage":0,"enemies":"2 Fungi Beasts","floor":11,"turns":1},{"damage":0,"enemies":"Looter","floor":12,"turns":1},{"damage":0,"enemies":"Red Slaver","floor":14,"turns":1},{"damage":67,"enemies":"The Guardian","floor":16,"turns":8}],"seed_played":"507683693811128371","potions_obtained":[{"floor":2,"key":"Swift Potion"},{"floor":5,"key":"GamblersBrew"},{"floor":6,"key":"Energy Potion"},{"floor":7,"key":"Block Potion"},{"floor":7,"key":"ColorlessPotion"},{"floor":12,"key":"PowerPotion"}],"is_trial":false,"path_per_floor":["M","M","?","M","M","E","?","$","T","R","M","M","R","M","R","B"],"character_chosen":"THE_SILENT","items_purchased":["Backstab","Die Die Die"],"campfire_rested":0,"item_purchase_floors":[8,8],"current_hp_per_floor":[77,77,77,77,71,66,66,66,66,66,66,66,66,66,66,0,0],"gold":48,"neow_bonus":"TEN_PERCENT_HP_BONUS","is_daily":false,"chose_seed":false,"campfire_upgraded":3,"win_rate":0.0,"timestamp":1613424501,"path_taken":["M","M","?","?","M","E","?","?","T","R","M","M","R","M","R","BOSS"],"items_purchased_type":["Card","Card"],"build_version":"2020-12-22","purchased_purges":0,"victory":false,"max_hp_per_floor":[77,77,77,77,77,77,77,77,77,77,77,77,77,77,77,77,77],"card_choices":[{"not_picked":["Dodge and Roll","Deadly Poison"],"picked":"Endless Agony","floor":1},{"not_picked":["Heel Hook","Bane"],"picked":"Backflip","floor":2},{"not_picked":["Flying Knee","Acrobatics"],"picked":"Finisher","floor":4},{"not_picked":["Terror","Acrobatics"],"picked":"Finisher","floor":5},{"not_picked":["Distraction","Outmaneuver"],"picked":"Choke","floor":6},{"not_picked":["Flying Knee","Burst","Underhanded Strike"],"picked":"Blade Dance","floor":11},{"not_picked":["Slice","Bane","Quick Slash"],"picked":"Blade Dance","floor":12},{"not_picked":["Dash","Deadly Poison","Slice"],"picked":"Blade Dance","floor":14}],"player_experience":597235,"relics_obtained":[{"floor":6,"key":"Omamori"},{"floor":9,"key":"Question Card"}],"event_choices":[{"cards_removed":["Strike_G"],"damage_healed":0,"gold_gain":0,"player_choice":"Offered Basic","damage_taken":0,"max_hp_gain":0,"max_hp_loss":0,"event_name":"Bonfire Elementals","floor":3,"gold_loss":0},{"damage_healed":0,"gold_gain":0,"player_choice":"Got Potions","damage_taken":0,"max_hp_gain":0,"max_hp_loss":0,"event_name":"Lab","floor":7,"gold_loss":0}],"is_beta":false,"boss_relics":[],"items_purged_floors":[],"is_endless":false,"potions_floor_spawned":[2,5,6,12],"killed_by":"The Guardian","ascension_level":3}}