{"host":"wpobqx0jtxs252ev","time":1613428556,"event":{"mods":["AchievementEnabler","Act Like it!","BaseMod","Better Altar","Better Note","Better Sensory Stone","Better Skull","Better Third Choice","Colored Powertips","Downfall","Infinite Spire","Marisa????????","Mimic Mod","Minty Spire (QoL Compilation)","Relic Stats","Reliquary","Replay The Spire","Spire Arcade","StSLib","The Runesmith"],"gold_per_floor":[113,41,57,72,87,87,113,288,288,288,288],"floor_reached":10,"language":"ENG","playtime":475,"items_purged":[],"score":68,"play_id":"e403fdfd-e47c-4fec-a7cd-1213c1af2208","local_time":"20210215193556","is_ascension_mode":false,"campfire_choices":[],"circlet_count":0,"master_deck":["Runesmith:Strike_RS","Runesmith:Strike_RS","Runesmith:Strike_RS","Runesmith:Strike_RS","Runesmith:Defend_RS","Runesmith:Defend_RS","Runesmith:Defend_RS","Runesmith:Defend_RS","Runesmith:Fortify","Runesmith:BackupBattery","Runesmith:LithiumIon","Runesmith:CraftMagma","ReplayTheSpireMod:Armaments MK-II-B","Runesmith:WhiteBalance","Doubt"],"relics":["NeowsBlessing","m_RuneBlood","Torii","Bottled Lightning"],"acts_visited":["Exordium"],"potions_floor_usage":[7],"damage_taken":[{"damage":0,"enemies":"Cultist","floor":1,"turns":1},{"damage":0,"enemies":"2 Louse","floor":3,"turns":1},{"damage":0,"enemies":"Jaw Worm","floor":4,"turns":1},{"damage":0,"enemies":"Looter","floor":5,"turns":4},{"damage":58,"enemies":"Gremlin Nob","floor":7,"turns":6},{"damage":15,"enemies":"3 Sentries","floor":10,"turns":6}],"seed_played":"-2757122341778024055","potions_obtained":[{"floor":1,"key":"Venom Potion"},{"floor":3,"key":"Ancient Potion"},{"floor":4,"key":"Doom Potion"}],"is_trial":false,"path_per_floor":["M","$","M","M","M","?","E","?","T","E"],"character_chosen":"RUNESMITH_CLASS","items_purchased":["Runesmith:LithiumIon"],"campfire_rested":0,"item_purchase_floors":[2],"current_hp_per_floor":[70,70,70,70,70,70,15,15,15,0,0],"gold":288,"neow_bonus":"THREE_ENEMY_KILL","is_daily":false,"chose_seed":false,"campfire_upgraded":0,"win_rate":0.0,"timestamp":1613428556,"path_taken":["M","?","M","M","M","?","E","?","T","E"],"items_purchased_type":["Card"],"build_version":"2020-12-22","purchased_purges":0,"victory":false,"max_hp_per_floor":[70,70,70,70,70,70,70,70,70,70,70],"relic_stats":{"Torii":1,"counters":[6,19],"obtain_stats":[{"Runesmith:BrokenRuby":0,"NeowsBlessing":0,"Torii":7,"Bottled Lightning":9,"m_RuneBlood":6},{"Runesmith:BrokenRuby":0,"NeowsBlessing":0,"Torii":5,"Bottled Lightning":5,"m_RuneBlood":4},{"Runesmith:BrokenRuby":0,"NeowsBlessing":0,"Torii":13,"Bottled Lightning":13,"m_RuneBlood":7}]},"card_choices":[{"not_picked":["Runesmith:EarthShield","Runesmith:DoubleUp"],"picked":"Runesmith:BackupBattery","floor":1},{"not_picked":["Runesmith:Overpower","Runesmith:EnergizedChisel","Runesmith:RuneHurl"],"picked":"SKIP","floor":3},{"not_picked":["Runesmith:Overpower","Runesmith:HammerThrow"],"picked":"Runesmith:CraftMagma","floor":4},{"not_picked":["Runesmith:EarthShield","Runesmith:ShiftingStrike","Runesmith:HammerTime"],"picked":"SKIP","floor":5},{"not_picked":["Runesmith:CraftVitae","Runesmith:Firewall"],"picked":"Runesmith:WhiteBalance","floor":7}],"player_experience":232559,"relics_obtained":[{"floor":7,"key":"Torii"},{"floor":9,"key":"Bottled Lightning"}],"event_choices":[{"damage_healed":0,"gold_gain":175,"player_choice":"AGREE","damage_taken":113,"max_hp_gain":0,"max_hp_loss":0,"event_name":"betterThird:BetterSerpent","floor":8,"gold_loss":0}],"is_beta":false,"boss_relics":[],"items_purged_floors":[],"is_endless":false,"potions_floor_spawned":[1,3,4],"killed_by":"3 Sentries","ascension_level":0}}