{"host":"g907ck67u7c3hrs6","time":1613354422,"event":{"mods":["BaseMod","Colored Map","DeckTracker","Force Act Four","Highlight Path","Keyboard Shortcuts","Minty Spire (QoL Compilation)","Permanent Neow","Say the Spire","SuperFastMode"],"gold_per_floor":[114,114,129,144,159,189,189,189,189,204,219,249,261,288,300,412,424,421,208,223,238,253,253,253,268,293,323,338,38,38,68,68,168,168,183,183,198,213,19,49,49,49,124,124,154,169,169,199,199,199,199,199,29,59,59],"floor_reached":56,"language":"KOR","playtime":1797,"items_purged":["Strike_R","Bloodletting"],"score":1414,"play_id":"313bd656-5145-4c6b-9dff-5e7687b8b893","local_time":"20210215110022","daily_mods":["Heirloom","Flight","Night Terrors"],"is_ascension_mode":false,"campfire_choices":[{"data":"Entrench","floor":7.0,"key":"SMITH"},{"data":"Body Slam","floor":8.0,"key":"SMITH"},{"data":"Disarm","floor":13.0,"key":"SMITH"},{"data":"Bash","floor":15.0,"key":"SMITH"},{"data":"Body Slam","floor":23.0,"key":"SMITH"},{"data":"Entrench","floor":24.0,"key":"SMITH"},{"data":"Impervious","floor":30.0,"key":"SMITH"},{"data":"Burning Pact","floor":32.0,"key":"SMITH"},{"data":"Flame Barrier","floor":41.0,"key":"SMITH"},{"data":"Impervious","floor":42.0,"key":"SMITH"},{"data":"Shrug It Off","floor":44.0,"key":"SMITH"},{"data":"Madness","floor":47,"key":"SMITH"},{"floor":49,"key":"RECALL"},{"data":"Madness","floor":52,"key":"SMITH"}],"circlet_count":0,"master_deck":["Strike_R","Strike_R","Strike_R+1","Strike_R","Defend_R+1","Defend_R+1","Defend_R","Defend_R","Bash+1","Body Slam+1","Disarm+1","Shrug It Off+1","Entrench+1","Impervious+1","Seeing Red","Sentinel","Immolate","Blood for Blood+1","Entrench+1","Headbutt+1","Body Slam+1","Burning Pact+1","Impervious+1","Metallicize+1","Madness+1","Madness+1","Burning Pact+1","Apotheosis+1","Flame Barrier+1","Shrug It Off+1","Second Wind+1","Power Through"],"relics":["Black Blood","Torii","Anchor","Orichalcum","MawBank","Coffee Dripper","PreservedInsect","Lantern","Letter Opener","Calipers","Smiling Mask","War Paint","The Courier","Juzu Bracelet","Lee\u0027s Waffle","White Beast Statue"],"acts_visited":["Exordium","TheCity","TheBeyond","TheEnding"],"potions_floor_usage":[50,55,55],"damage_taken":[{"damage":7.0,"enemies":"2 Louse","floor":1.0,"turns":3.0},{"damage":0.0,"enemies":"Jaw Worm","floor":3.0,"turns":3.0},{"damage":1.0,"enemies":"Cultist","floor":4.0,"turns":3.0},{"damage":11.0,"enemies":"Gremlin Gang","floor":5.0,"turns":4.0},{"damage":35.0,"enemies":"Lagavulin","floor":6.0,"turns":10.0},{"damage":1.0,"enemies":"3 Louse","floor":10.0,"turns":4.0},{"damage":1.0,"enemies":"2 Fungi Beasts","floor":11.0,"turns":4.0},{"damage":4.0,"enemies":"3 Sentries","floor":12.0,"turns":8.0},{"damage":3.0,"enemies":"Looter","floor":14.0,"turns":2.0},{"damage":50.0,"enemies":"Hexaghost","floor":16.0,"turns":18.0},{"damage":11.0,"enemies":"2 Thieves","floor":18.0,"turns":4.0},{"damage":9.0,"enemies":"Spheric Guardian","floor":20.0,"turns":6.0},{"damage":0.0,"enemies":"Cultist and Chosen","floor":21.0,"turns":4.0},{"damage":18.0,"enemies":"Shelled Parasite and Fungi","floor":22.0,"turns":8.0},{"damage":0.0,"enemies":"3 Cultists","floor":25.0,"turns":4.0},{"damage":20.0,"enemies":"Book of Stabbing","floor":27.0,"turns":4.0},{"damage":2.0,"enemies":"Cultist and Chosen","floor":28.0,"turns":7.0},{"damage":16.0,"enemies":"Slavers","floor":31.0,"turns":4.0},{"damage":0.0,"enemies":"Champ","floor":33.0,"turns":5.0},{"damage":0.0,"enemies":"Orb Walker","floor":35.0,"turns":3.0},{"damage":0.0,"enemies":"3 Shapes","floor":37.0,"turns":5.0},{"damage":23.0,"enemies":"Sphere and 2 Shapes","floor":38.0,"turns":5.0},{"damage":1.0,"enemies":"Nemesis","floor":40.0,"turns":5.0},{"damage":1,"enemies":"Reptomancer","floor":45,"turns":5},{"damage":0,"enemies":"3 Darklings","floor":46,"turns":5},{"damage":0,"enemies":"Nemesis","floor":48,"turns":3},{"damage":0,"enemies":"Time Eater","floor":50,"turns":8},{"damage":11,"enemies":"Shield and Spear","floor":54,"turns":9},{"damage":25,"enemies":"The Heart","floor":55,"turns":11}],"seed_played":"5535013652570512859","potions_obtained":[{"floor":1.0,"key":"SpeedPotion"},{"floor":3.0,"key":"SmokeBomb"},{"floor":6.0,"key":"Explosive Potion"},{"floor":16.0,"key":"Regen Potion"},{"floor":20.0,"key":"BloodPotion"},{"floor":21.0,"key":"EssenceOfSteel"},{"floor":25.0,"key":"Fruit Juice"},{"floor":28.0,"key":"AttackPotion"},{"floor":31.0,"key":"PowerPotion"},{"floor":38.0,"key":"BloodPotion"},{"floor":54,"key":"FearPotion"}],"is_trial":false,"path_per_floor":["M","?","M","M","M","E","R","R","T","M","M","E","R","M","R","B",null,"M","$","M","M","M","R","R","M","T","E","M","$","R","E","R","B",null,"M","?","M","M","$","E","R","R","T","R","E","M","R","E","R","B",null,"R","$","E","B",null],"character_chosen":"IRONCLAD","items_purchased":["PreservedInsect","Calipers","Apotheosis","Lee\u0027s Waffle"],"campfire_rested":0,"item_purchase_floors":[19,29,39,53],"current_hp_per_floor":[79,63,69,74,69,40,40,40,40,45,50,52,52,55,55,11,80,75,75,72,78,66,66,66,77,77,63,67,67,67,74,74,80,85,85,74,85,74,74,85,85,85,85,85,85,85,85,85,85,85,85,85,92,92,92],"gold":59,"neow_bonus":"","is_daily":true,"chose_seed":false,"campfire_upgraded":13,"win_rate":0.0,"timestamp":1613354422,"path_taken":["M","?","M","M","M","E","R","R","T","M","M","E","R","M","R","BOSS","M","$","M","M","M","R","R","M","T","E","M","$","R","E","R","BOSS","M","?","M","M","$","E","R","R","T","R","E","M","R","E","R","BOSS","R","$","E","BOSS"],"items_purchased_type":["Relic","Relic","Card","Relic"],"build_version":"2020-12-22","purchased_purges":2,"victory":true,"max_hp_per_floor":[80,80,80,80,80,80,80,80,80,80,80,80,80,80,80,80,80,80,80,80,80,80,80,80,85,85,85,85,85,85,85,85,85,85,85,85,85,85,85,85,85,85,85,85,85,85,85,85,85,85,85,85,92,92,92],"card_choices":[{"not_picked":["Dark Embrace","Combust"],"picked":"Body Slam","floor":1.0},{"not_picked":["Dual Wield","Clothesline"],"picked":"Disarm","floor":3.0},{"not_picked":["Body Slam","Heavy Blade"],"picked":"Shrug It Off","floor":4.0},{"not_picked":["Clash","Anger"],"picked":"Bloodletting","floor":5.0},{"not_picked":["Ghostly Armor","Perfected Strike"],"picked":"Entrench","floor":6.0},{"not_picked":["Pommel Strike","Clothesline"],"picked":"Impervious","floor":10.0},{"not_picked":["Warcry","Armaments"],"picked":"Seeing Red","floor":11.0},{"not_picked":["Warcry","Dark Embrace","Dual Wield"],"picked":"SKIP","floor":12.0},{"not_picked":["Warcry","Dark Embrace","Dual Wield"],"picked":"SKIP","floor":12.0},{"not_picked":["Warcry","Armaments"],"picked":"Sentinel","floor":14.0},{"not_picked":["Exhume","Impervious"],"picked":"Immolate","floor":16.0},{"not_picked":["Sword Boomerang","Warcry"],"picked":"Blood for Blood+1","floor":18.0},{"not_picked":["Reckless Charge","Body Slam"],"picked":"Entrench","floor":20.0},{"not_picked":["Dark Embrace","Iron Wave"],"picked":"Headbutt+1","floor":21.0},{"not_picked":["Shockwave","Headbutt+1"],"picked":"Body Slam","floor":22.0},{"not_picked":["Twin Strike","Inflame"],"picked":"Burning Pact","floor":25.0},{"not_picked":["Armaments","Clothesline+1","Fire Breathing"],"picked":"SKIP","floor":27.0},{"not_picked":["Combust","Iron Wave","Heavy Blade"],"picked":"SKIP","floor":28.0},{"not_picked":["Combust","Iron Wave","Heavy Blade"],"picked":"SKIP","floor":28.0},{"not_picked":["Perfected Strike","Exhume","Bludgeon"],"picked":"SKIP","floor":31.0},{"not_picked":["Fiend Fire","Double Tap"],"picked":"Impervious","floor":33.0},{"not_picked":["Heavy Blade+1","Havoc+1"],"picked":"Metallicize+1","floor":35.0},{"not_picked":["Havoc+1","True Grit","Headbutt"],"picked":"SKIP","floor":37.0},{"not_picked":["True Grit","Rampage+1"],"picked":"Burning Pact+1","floor":38.0},{"not_picked":["Evolve","Pommel Strike+1"],"picked":"Flame Barrier","floor":40.0},{"not_picked":["Havoc+1","Rage","Sword Boomerang+1"],"picked":"SKIP","floor":45},{"not_picked":["Body Slam+1","Cleave+1"],"picked":"Shrug It Off+1","floor":46},{"not_picked":["Wild Strike","Berserk"],"picked":"Second Wind+1","floor":48},{"not_picked":["Shrug It Off","Searing Blow"],"picked":"Power Through","floor":54}],"player_experience":305961,"relics_obtained":[{"floor":6.0,"key":"Anchor"},{"floor":9.0,"key":"Orichalcum"},{"floor":12.0,"key":"MawBank"},{"floor":26.0,"key":"Lantern"},{"floor":27.0,"key":"Letter Opener"},{"floor":31.0,"key":"Smiling Mask"},{"floor":40.0,"key":"War Paint"},{"floor":45,"key":"The Courier"},{"floor":48,"key":"Juzu Bracelet"},{"floor":54,"key":"White Beast Statue"}],"event_choices":[{"damage_healed":0.0,"max_hp_gain":0.0,"max_hp_loss":0.0,"gold_gain":0.0,"event_name":"Shining Light","player_choice":"Entered Light","floor":2.0,"gold_loss":0.0,"damage_taken":16.0,"cards_upgraded":["Strike_R","Defend_R"]},{"damage_healed":0.0,"max_hp_gain":0.0,"max_hp_loss":0.0,"gold_gain":0.0,"event_name":"Winding Halls","player_choice":"Embrace Madness","floor":36.0,"gold_loss":0.0,"damage_taken":11.0,"cards_obtained":["Madness","Madness"]}],"is_beta":false,"boss_relics":[{"not_picked":["Snecko Eye","Empty Cage"],"picked":"Coffee Dripper"},{"not_picked":["Runic Cube","Velvet Choker"],"picked":"Black Blood"}],"items_purged_floors":[19,53],"is_endless":false,"potions_floor_spawned":[1,3,6,16,20,21,25,28,31,38,46,48,54],"ascension_level":0}}