{"host":"BK","time":1613420901,"event":{"mods":["BaseMod","Highlight Path","Minty Spire (QoL Compilation)","StSLib"],"gold_per_floor":[119,133,143,143,160,160,185,205,281,281,301,301,314,348,348,425,425,441,454,127,127,137,137,153,153,153],"floor_reached":25,"language":"ENG","playtime":1446,"items_purged":[],"score":459,"play_id":"3800e59b-83ce-48f1-9f21-f518ecdd8a0b","local_time":"20210215132821","is_ascension_mode":true,"campfire_choices":[{"floor":6,"key":"REST"},{"data":"Whirlwind","floor":10,"key":"SMITH"},{"floor":12,"key":"REST"},{"floor":15,"key":"REST"},{"floor":23,"key":"REST"}],"circlet_count":0,"master_deck":["AscendersBane","Strike_R","Defend_R","Defend_R","Defend_R","Defend_R","Bash","Headbutt","Battle Trance","Shrug It Off","Combust","Whirlwind+1","Feed","Headbutt+1","True Grit+1","Dark Embrace+1","Spot Weakness"],"relics":["Runic Dome","Dream Catcher","Singing Bowl","Pocketwatch","Astrolabe","Bird Faced Urn"],"acts_visited":["Exordium","TheCity"],"potions_floor_usage":[7,14,16,16,16,22,25,25],"damage_taken":[{"damage":4,"enemies":"Small Slimes","floor":1,"turns":3},{"damage":0,"enemies":"Cultist","floor":2,"turns":3},{"damage":12,"enemies":"Jaw Worm","floor":3,"turns":2},{"damage":24,"enemies":"Exordium Wildlife","floor":5,"turns":5},{"damage":31,"enemies":"Gremlin Nob","floor":7,"turns":4},{"damage":3,"enemies":"Blue Slaver","floor":8,"turns":3},{"damage":0,"enemies":"Gremlin Gang","floor":11,"turns":1},{"damage":7,"enemies":"Looter","floor":13,"turns":3},{"damage":26,"enemies":"Lagavulin","floor":14,"turns":6},{"damage":21,"enemies":"Slime Boss","floor":16,"turns":7},{"damage":14,"enemies":"3 Byrds","floor":18,"turns":3},{"damage":21,"enemies":"Shell Parasite","floor":19,"turns":6},{"damage":19,"enemies":"Snake Plant","floor":22,"turns":3},{"damage":21,"enemies":"Centurion and Healer","floor":24,"turns":4},{"damage":41,"enemies":"Slavers","floor":25,"turns":3}],"seed_played":"7731383366134122918","potions_obtained":[{"floor":2,"key":"BlessingOfTheForge"},{"floor":5,"key":"EntropicBrew"},{"floor":8,"key":"Block Potion"},{"floor":16,"key":"DistilledChaos"},{"floor":19,"key":"GamblersBrew"},{"floor":22,"key":"AttackPotion"}],"is_trial":false,"path_per_floor":["M","M","M","?","M","R","E","M","T","R","M","R","M","E","R","B",null,"M","M","$","?","M","R","M","E"],"character_chosen":"IRONCLAD","items_purchased":["Bird Faced Urn"],"campfire_rested":4,"item_purchase_floors":[20],"current_hp_per_floor":[64,64,52,52,28,50,19,16,16,16,18,43,38,14,40,19,69,57,38,38,38,19,47,33,0,0],"gold":153,"neow_bonus":"BOSS_RELIC","is_daily":false,"chose_seed":false,"campfire_upgraded":1,"win_rate":0.0,"timestamp":1613420901,"path_taken":["M","M","M","?","M","R","E","M","T","R","M","R","?","E","R","BOSS","M","M","$","?","M","R","M","E"],"items_purchased_type":["Relic"],"build_version":"2020-12-18","purchased_purges":0,"victory":false,"max_hp_per_floor":[75,75,75,75,75,75,75,75,75,75,77,79,81,83,85,85,85,87,89,89,89,89,91,96,96,96],"card_choices":[{"not_picked":["Second Wind","Armaments"],"picked":"Headbutt","floor":1},{"not_picked":["Rupture","Pommel Strike"],"picked":"Battle Trance","floor":2},{"not_picked":["Iron Wave","Sentinel"],"picked":"Shrug It Off","floor":3},{"not_picked":["Intimidate","Rampage"],"picked":"Combust","floor":5},{"not_picked":["Reckless Charge","Twin Strike","Battle Trance"],"picked":"SKIP","floor":7},{"not_picked":["Shockwave","Anger"],"picked":"Whirlwind","floor":8},{"not_picked":["Power Through","Shrug It Off","Reckless Charge"],"picked":"Singing Bowl","floor":11},{"not_picked":["Dark Embrace","Heavy Blade","Wild Strike"],"picked":"Singing Bowl","floor":12},{"not_picked":["Headbutt","Flex","Blood for Blood"],"picked":"Singing Bowl","floor":13},{"not_picked":["Blood for Blood","Hemokinesis","Double Tap"],"picked":"Singing Bowl","floor":14},{"not_picked":["Sword Boomerang","Blood for Blood","True Grit"],"picked":"Singing Bowl","floor":15},{"not_picked":["Fiend Fire","Offering"],"picked":"Feed","floor":16},{"not_picked":["Intimidate+1","Whirlwind","Havoc"],"picked":"Singing Bowl","floor":18},{"not_picked":["Cleave","Wild Strike+1","Sword Boomerang"],"picked":"Singing Bowl","floor":19},{"not_picked":["Rage","Armaments"],"picked":"Spot Weakness","floor":22},{"not_picked":["Headbutt","Twin Strike","Metallicize"],"picked":"Singing Bowl","floor":23},{"not_picked":["Bloodletting","Flex","Havoc"],"picked":"Singing Bowl","floor":24}],"player_experience":2578349,"relics_obtained":[{"floor":7,"key":"Dream Catcher"},{"floor":9,"key":"Singing Bowl"},{"floor":14,"key":"Pocketwatch"}],"event_choices":[{"cards_removed":["Strike_R"],"damage_healed":0,"gold_gain":0,"player_choice":"Purged","damage_taken":0,"max_hp_gain":0,"max_hp_loss":0,"event_name":"Purifier","floor":4,"gold_loss":0},{"damage_healed":0,"gold_gain":0,"player_choice":"Ignored","damage_taken":0,"max_hp_gain":0,"max_hp_loss":0,"event_name":"The Mausoleum","floor":21,"gold_loss":0}],"is_beta":true,"boss_relics":[{"not_picked":["Pandora\u0027s Box","Busted Crown"],"picked":"Astrolabe"}],"items_purged_floors":[],"is_endless":false,"potions_floor_spawned":[2,5,8,11,13,16,19,22],"killed_by":"Slavers","ascension_level":20}}