{"host":"8rqsnaeml9gxb0kp","time":1613376583,"event":{"mods":["AchievementEnabler","BaseMod","Colored Powertips","Dark Map","Minty Spire (QoL Compilation)","Rare Cards Sparkle","Relic Stats","StSLib","slay the spire mod where everything is the same but ironclad has a cowboy hat"],"gold_per_floor":[111,111,126,301,150,179,179,208,208,208,221,221,238,264,264,367,367,381,381,8,23,23,23,54,54,54,54,131,166,178,202,214,322,334,365,392,418,443,455,467,479,523,585,111,130,157,169,179,179,179],"floor_reached":51,"language":"ENG","playtime":2651,"items_purged":["Doubt","Writhe"],"score":1054,"play_id":"418163c8-0f52-4fd9-b8cd-e32224022d9e","local_time":"20210215000943","is_ascension_mode":true,"campfire_choices":[{"floor":7,"key":"REST"},{"data":"Backstab","floor":10,"key":"SMITH"},{"data":"Footwork","floor":12,"key":"SMITH"},{"data":"Accuracy","floor":15,"key":"SMITH"},{"floor":23,"key":"REST"},{"data":"After Image","floor":27,"key":"SMITH"},{"data":"Finisher","floor":30,"key":"SMITH"},{"data":"Accuracy","floor":32,"key":"SMITH"},{"data":"Cloak And Dagger","floor":40,"key":"SMITH"},{"floor":49,"key":"REST"}],"circlet_count":0,"master_deck":["Strike_G","Strike_G","Defend_G","Defend_G","Defend_G","Defend_G","Defend_G","Survivor","Neutralize+1","Masterful Stab+1","Flying Knee","Footwork+1","Backstab+1","Cloak And Dagger+1","Blur","Accuracy+1","After Image+1","Acrobatics","Accuracy+1","Finisher+1","Prepared+1","Deflect+1","Leg Sweep","Acrobatics+1","Flying Knee+1","Eviscerate+1","Deflect+1","Acrobatics+1","Dodge and Roll+1","Terror","Finisher+1","PiercingWail"],"relics":["Ring of the Snake","Tiny Chest","Dead Branch","Potion Belt","Ninja Scroll","Vajra","HoveringKite","HandDrill","Nunchaku","Nilry\u0027s Codex","Oddly Smooth Stone","Bag of Preparation","Shuriken","Bottled Flame","MawBank","Astrolabe","Blood Vial","Regal Pillow","Letter Opener","Whetstone","Meat on the Bone"],"acts_visited":["Exordium","TheCity","TheBeyond"],"potions_floor_usage":[6,24,24,42,45,50,50],"damage_taken":[{"damage":1,"enemies":"Cultist","floor":1,"turns":4},{"damage":0,"enemies":"2 Louse","floor":3,"turns":3},{"damage":30,"enemies":"Lagavulin","floor":6,"turns":9},{"damage":6,"enemies":"3 Sentries","floor":8,"turns":8},{"damage":0,"enemies":"Jaw Worm","floor":11,"turns":1},{"damage":0,"enemies":"3 Louse","floor":13,"turns":2},{"damage":13,"enemies":"Slime Boss","floor":16,"turns":8},{"damage":8,"enemies":"Shell Parasite","floor":18,"turns":4},{"damage":0,"enemies":"Spheric Guardian","floor":21,"turns":1},{"damage":0,"enemies":"Slavers","floor":24,"turns":7},{"damage":8,"enemies":"Book of Stabbing","floor":29,"turns":4},{"damage":0,"enemies":"Cultist and Chosen","floor":31,"turns":2},{"damage":37,"enemies":"Champ","floor":33,"turns":7},{"damage":0,"enemies":"3 Darklings","floor":35,"turns":3},{"damage":0,"enemies":"Orb Walker","floor":36,"turns":1},{"damage":0,"enemies":"Sphere and 2 Shapes","floor":37,"turns":5},{"damage":0,"enemies":"4 Shapes","floor":38,"turns":8},{"damage":0,"enemies":"Giant Head","floor":42,"turns":7},{"damage":19,"enemies":"Transient","floor":45,"turns":5},{"damage":7,"enemies":"Reptomancer","floor":46,"turns":3},{"damage":2,"enemies":"Sphere and 2 Shapes","floor":47,"turns":7},{"damage":13,"enemies":"3 Darklings","floor":48,"turns":5},{"damage":32,"enemies":"Awakened One","floor":50,"turns":8}],"seed_played":"4832727487585337260","potions_obtained":[{"floor":1,"key":"Ancient Potion"},{"floor":13,"key":"DuplicationPotion"},{"floor":16,"key":"Regen Potion"},{"floor":29,"key":"Fire Potion"},{"floor":33,"key":"SkillPotion"},{"floor":36,"key":"DistilledChaos"},{"floor":38,"key":"DistilledChaos"},{"floor":47,"key":"FearPotion"},{"floor":48,"key":"BlessingOfTheForge"}],"is_trial":false,"path_per_floor":["M","$","M","?","$","E","R","E","T","R","M","R","M","T","R","B",null,"M","?","$","M","?","R","E","T","T","R","T","E","R","M","R","B",null,"M","M","M","M","?","R","?","E","T","$","M","E","M","M","R","B",null],"character_chosen":"THE_SILENT","items_purchased":["Footwork","HandDrill","Nunchaku","Finisher","Letter Opener","Whetstone"],"campfire_rested":3,"item_purchase_floors":[5,20,20,20,44,44],"current_hp_per_floor":[62,62,62,62,62,32,53,47,47,47,47,47,47,47,47,34,61,53,53,53,53,37,58,70,70,70,70,70,62,62,62,62,25,59,59,59,59,59,59,59,70,70,70,70,51,46,46,47,70,38],"gold":179,"neow_bonus":"RANDOM_COMMON_RELIC","is_daily":false,"chose_seed":false,"campfire_upgraded":7,"win_rate":0.0,"timestamp":1613376583,"path_taken":["M","?","?","?","$","E","R","E","T","R","M","R","M","?","R","BOSS","M","?","$","M","?","R","E","?","T","R","?","E","R","M","R","BOSS","M","M","M","M","?","R","?","E","T","$","M","E","M","M","R","BOSS"],"items_purchased_type":["Card","Relic","Relic","Card","Relic","Relic"],"build_version":"2020-12-22","purchased_purges":2,"victory":true,"max_hp_per_floor":[70,70,70,70,70,70,70,70,70,70,70,70,70,70,70,70,70,70,70,70,70,70,70,70,70,70,70,70,70,70,70,70,70,70,70,70,70,70,70,70,70,70,70,70,70,70,70,70,70,70],"relic_stats":{"Regal Pillow":2,"counters":[23,112],"Dead Branch":[164],"Astrolabe":["Acrobatics","Flying Knee","Eviscerate"],"HoveringKite":[35],"Bag of Preparation":[0],"Letter Opener":[90],"Whetstone":["Masterful Stab","Neutralize"],"MawBank":180,"Blood Vial":6,"Nunchaku":[20],"Shuriken":[47],"Tiny Chest":2,"HandDrill":[14],"obtain_stats":[{"Potion Belt":8,"Regal Pillow":43,"Nilry\u0027s Codex":22,"Dead Branch":6,"Astrolabe":34,"Vajra":14,"HoveringKite":17,"Oddly Smooth Stone":24,"Bag of Preparation":25,"Letter Opener":44,"Whetstone":44,"MawBank":29,"Blood Vial":42,"Nunchaku":20,"Bottled Flame":28,"Ninja Scroll":9,"Shuriken":26,"Tiny Chest":0,"HandDrill":20,"Ring of the Snake":0,"Meat on the Bone":46},{"Potion Belt":4,"Regal Pillow":18,"Nilry\u0027s Codex":9,"Dead Branch":3,"Astrolabe":13,"Vajra":6,"HoveringKite":7,"Oddly Smooth Stone":10,"Bag of Preparation":10,"Letter Opener":18,"Whetstone":18,"MawBank":11,"Blood Vial":18,"Nunchaku":8,"Bottled Flame":10,"Ninja Scroll":4,"Shuriken":10,"Tiny Chest":0,"HandDrill":8,"Ring of the Snake":0,"Meat on the Bone":20},{"Potion Belt":24,"Regal Pillow":84,"Nilry\u0027s Codex":40,"Dead Branch":16,"Astrolabe":60,"Vajra":27,"HoveringKite":35,"Oddly Smooth Stone":47,"Bag of Preparation":47,"Letter Opener":84,"Whetstone":84,"MawBank":51,"Blood Vial":84,"Nunchaku":39,"Bottled Flame":47,"Ninja Scroll":24,"Shuriken":47,"Tiny Chest":0,"HandDrill":39,"Ring of the Snake":0,"Meat on the Bone":92}],"Ring of the Snake":[46],"Meat on the Bone":12},"card_choices":[{"not_picked":["Cloak And Dagger","Acrobatics"],"picked":"Masterful Stab","floor":1},{"not_picked":["Catalyst","Tactician"],"picked":"Flying Knee","floor":3},{"not_picked":["Deflect","Caltrops"],"picked":"Backstab","floor":6},{"not_picked":["Blur","Escape Plan"],"picked":"Cloak And Dagger","floor":8},{"not_picked":["Backstab","Flying Knee"],"picked":"Blur","floor":11},{"not_picked":["Noxious Fumes","Dagger Spray"],"picked":"Accuracy","floor":13},{"not_picked":["Glass Knife","Bullet Time"],"picked":"After Image","floor":16},{"not_picked":["Backstab","Crippling Poison"],"picked":"Acrobatics","floor":18},{"not_picked":["Distraction","Dagger Spray"],"picked":"Prepared+1","floor":21},{"not_picked":["Dodge and Roll","Quick Slash"],"picked":"Deflect+1","floor":24},{"not_picked":["Backflip+1","PiercingWail"],"picked":"Leg Sweep","floor":29},{"not_picked":["Wraith Form v2","Bane+1","Underhanded Strike"],"picked":"SKIP","floor":31},{"not_picked":["Distraction+1","Infinite Blades"],"picked":"Deflect+1","floor":35},{"not_picked":["Dagger Throw+1","Bouncing Flask"],"picked":"Acrobatics+1","floor":36},{"not_picked":["Endless Agony","Predator+1"],"picked":"Dodge and Roll+1","floor":37},{"not_picked":["Dagger Throw","Backflip","Calculated Gamble"],"picked":"SKIP","floor":38},{"not_picked":["Poisoned Stab+1","Blur+1"],"picked":"Terror","floor":42},{"not_picked":["Tools of the Trade","Blur"],"picked":"Finisher+1","floor":45},{"not_picked":["Flying Knee","Riddle With Holes"],"picked":"PiercingWail","floor":46},{"not_picked":["Acrobatics","Underhanded Strike+1","Flying Knee+1"],"picked":"SKIP","floor":47},{"not_picked":["Flying Knee","Acrobatics","Dash"],"picked":"SKIP","floor":48}],"player_experience":241082,"relics_obtained":[{"floor":6,"key":"Dead Branch"},{"floor":8,"key":"Potion Belt"},{"floor":9,"key":"Ninja Scroll"},{"floor":14,"key":"Vajra"},{"floor":22,"key":"Nilry\u0027s Codex"},{"floor":24,"key":"Oddly Smooth Stone"},{"floor":25,"key":"Bag of Preparation"},{"floor":26,"key":"Shuriken"},{"floor":28,"key":"Bottled Flame"},{"floor":29,"key":"MawBank"},{"floor":42,"key":"Blood Vial"},{"floor":43,"key":"Regal Pillow"},{"floor":46,"key":"Meat on the Bone"}],"event_choices":[{"damage_healed":0,"gold_gain":175,"player_choice":"AGREE","damage_taken":0,"max_hp_gain":0,"max_hp_loss":0,"event_name":"Liars Game","floor":4,"gold_loss":0,"cards_obtained":["Doubt"]},{"damage_healed":0,"gold_gain":0,"player_choice":"Read","damage_taken":0,"max_hp_gain":0,"max_hp_loss":0,"event_name":"The Library","floor":19,"gold_loss":0,"cards_obtained":["Accuracy"]},{"damage_healed":0,"gold_gain":0,"player_choice":"Obtained Book","damage_taken":16,"max_hp_gain":0,"max_hp_loss":0,"event_name":"Cursed Tome","floor":22,"gold_loss":0},{"damage_healed":0,"gold_gain":0,"player_choice":"Ignored","damage_taken":0,"max_hp_gain":0,"max_hp_loss":0,"event_name":"Tomb of Lord Red Mask","floor":39,"gold_loss":0},{"damage_healed":18,"gold_gain":0,"player_choice":"Writhe","damage_taken":0,"max_hp_gain":0,"max_hp_loss":0,"event_name":"Winding Halls","floor":41,"gold_loss":0,"cards_obtained":["Writhe"]}],"is_beta":false,"boss_relics":[{"not_picked":["Coffee Dripper","Ring of the Serpent"],"picked":"HoveringKite"},{"not_picked":["SlaversCollar","Runic Dome"],"picked":"Astrolabe"}],"items_purged_floors":[5,44],"is_endless":false,"potions_floor_spawned":[1,13,16,29,33,36,38,47,48],"ascension_level":6}}