{"host":"6hzrz31j95f2y1pa","time":1613432704,"event":{"mods":["BaseMod","Colored Map","Downfall","Minty Spire (QoL Compilation)","StSLib"],"gold_per_floor":[99,114,128,138,151,161,161,161,161,187,87,100,100,100,110,215,215,115,131,151,161,171,203,203,235,235,262,262,272,272,272,291,392,392,392,404,404,404,421,331,357,382,395,424,324,344,371,371,381,381,381,411,77,77,77,77],"floor_reached":57,"language":"ENG","playtime":2667,"items_purged":["Slimebound:Tackle","Slimebound:Strike_Slimebound+1"],"score":1514,"play_id":"c60a6582-863a-4948-83eb-e73f81d9f720","local_time":"20210215184504","is_ascension_mode":true,"campfire_choices":[{"data":"Slimebound:CorrosiveSpit","floor":1,"key":"SMITH"},{"data":"Slimebound:Equalize","floor":9,"key":"SMITH"},{"data":"Slimebound:Recollect","floor":11,"key":"SMITH"},{"floor":13,"key":"RECALL"},{"data":"Slimebound:ItLooksTasty","floor":18,"key":"SMITH"},{"floor":28,"key":"REST"},{"floor":30,"key":"REST"},{"data":"Slimebound:SplitSpecialist","floor":35,"key":"SMITH"},{"data":"Slimebound:LeadByExample","floor":45,"key":"SMITH"},{"data":"Slimebound:Darklings","floor":54,"key":"SMITH"}],"circlet_count":0,"master_deck":["Slimebound:Strike_Slimebound+1","Slimebound:Strike_Slimebound+1","Slimebound:Defend_Slimebound+1","Slimebound:Defend_Slimebound+1","Slimebound:Defend_Slimebound+1","Slimebound:Defend_Slimebound+1","Slimebound:Split+1","Slimebound:CorrosiveSpit+1","Slimebound:ItLooksTasty+1","Slimebound:Schlurp","Slimebound:Equalize+1","Slimebound:Recollect+1","Slimebound:SplitSpecialist+1","Slimebound:TongueLash+1","Slimebound:Recycling","Slimebound:FinishingTackle+1","Slimebound:RollThrough+1","Slimebound:ItLooksTasty+1","Slimebound:Prepare","Slimebound:DisruptingSlam+1","Slimebound:TagTeam+1","Slimebound:SlimeBarrage+1","Slimebound:Darklings+1","Slimebound:HauntingLick+1","Slimebound:SamplingLick+1","Slimebound:LeadByExample+1","Slimebound:LevelUp","Slimebound:Overexert","Slimebound:LeadByExample","Slimebound:LevelUp"],"relics":["Slimebound:AbsorbEndCombat","Molten Egg 2","Juzu Bracelet","Slimebound:PreparedRelic","downfall:HeartBlessingGreen","Sozu","downfall:HeartBlessingRed","Mercury Hourglass","TungstenRod","PreservedInsect","Pear","Philosopher\u0027s Stone","Kunai","Sundial","downfall:HeartBlessingBlue","Slimebound:SelfDamagePreventRelic","Unceasing Top","Boot","hexamod:BolsterEngine","HandDrill"],"acts_visited":["Exordium","TheCity","TheBeyond","TheEnding"],"potions_floor_usage":[10,12,25,27],"damage_taken":[{"damage":1,"enemies":"Cultist","floor":2,"turns":3},{"damage":7,"enemies":"Small Slimes","floor":3,"turns":3},{"damage":2,"enemies":"2 Louse","floor":4,"turns":2},{"damage":5,"enemies":"Blue Slaver","floor":5,"turns":4},{"damage":23,"enemies":"Exordium Thugs","floor":6,"turns":4},{"damage":28,"enemies":"3 Sentries","floor":10,"turns":8},{"damage":2,"enemies":"Gremlin Gang","floor":12,"turns":3},{"damage":0,"enemies":"Large Slime","floor":15,"turns":3},{"damage":28,"enemies":"WA_ARCHETYPE_RETAIN","floor":16,"turns":6},{"damage":11,"enemies":"downfall:LooterAlt2","floor":19,"turns":4},{"damage":28,"enemies":"3 Byrds","floor":20,"turns":5},{"damage":11,"enemies":"3 Cultists","floor":21,"turns":5},{"damage":15,"enemies":"Snecko","floor":22,"turns":4},{"damage":50,"enemies":"Slavers","floor":23,"turns":7},{"damage":16,"enemies":"Gremlin Leader","floor":25,"turns":5},{"damage":18,"enemies":"Slavers","floor":27,"turns":3},{"damage":14,"enemies":"Snake Plant","floor":29,"turns":3},{"damage":8,"enemies":"Sentry and Sphere","floor":32,"turns":4},{"damage":25,"enemies":"SI_MIRROR_ARCHETYPE","floor":33,"turns":8},{"damage":0,"enemies":"Orb Walker","floor":36,"turns":3},{"damage":0,"enemies":"3 Shapes","floor":39,"turns":2},{"damage":4,"enemies":"downfall:FleeingMerchant","floor":40,"turns":4},{"damage":2,"enemies":"Giant Head","floor":42,"turns":5},{"damage":0,"enemies":"3 Darklings","floor":43,"turns":5},{"damage":22,"enemies":"Reptomancer","floor":44,"turns":4},{"damage":8,"enemies":"Writhing Mass","floor":46,"turns":6},{"damage":0,"enemies":"downfall:FleeingMerchant","floor":47,"turns":3},{"damage":10,"enemies":"Maw","floor":49,"turns":4},{"damage":9,"enemies":"IC_BLOCK_ARCHETYPE","floor":50,"turns":6},{"damage":9,"enemies":"downfall:CharBossMerchant","floor":52,"turns":3},{"damage":51,"enemies":"downfall:NeowBoss","floor":55,"turns":12},{"damage":29,"enemies":"downfall:NeowBossFinal","floor":56,"turns":11}],"seed_played":"-4449404395097508634","potions_obtained":[{"floor":5,"key":"EntropicBrew"},{"floor":12,"key":"SteroidPotion"}],"is_trial":false,"path_per_floor":["R","M","M","M","M","M","T","T","R","E","R","M","R","?","M","B",null,"R","M","M","M","M","E","T","E","?","E","R","M","R","?","M","B",null,"R","M","?","?","M","$","T","E","M","E","R","M","$","?","M","B",null,"E","$","R","B","B",null],"character_chosen":"SLIMEBOUND","items_purchased":["Slimebound:SelfDamagePreventRelic","Slimebound:LeadByExample","hexamod:BolsterEngine","HandDrill","Slimebound:LevelUp"],"campfire_rested":2,"item_purchase_floors":[47,47,53,53,53],"current_hp_per_floor":[65,64,60,62,65,52,52,52,52,43,43,55,55,55,65,55,63,63,62,45,54,47,17,17,21,21,23,45,37,59,59,59,52,69,69,75,75,75,75,75,75,75,75,67,77,81,85,85,79,85,85,85,85,85,38,29],"gold":77,"neow_bonus":"UPGRADE_CARD","is_daily":false,"chose_seed":false,"campfire_upgraded":7,"win_rate":0.0,"timestamp":1613432704,"path_taken":["R","M","M","M","M","M","T","?","R","E","R","M","R","?","M","BOSS","R","M","M","M","M","E","T","E","?","E","R","M","R","?","M","BOSS","R","M","?","?","M","$","T","E","M","E","R","M","$","?","M","BOSS","E","$","R","BOSS","BOSS"],"items_purchased_type":["Relic","Card","Relic","Relic","Card"],"build_version":"2020-12-22","purchased_purges":2,"victory":true,"max_hp_per_floor":[65,65,65,65,65,65,65,65,65,65,65,65,65,65,65,65,65,65,65,65,65,65,65,65,65,65,75,75,75,75,75,75,75,75,75,75,75,75,75,75,75,75,75,75,85,85,85,85,85,85,85,85,85,85,85,85],"card_choices":[{"not_picked":["Slimebound:LeechingTouch","Slimebound:Prepare"],"picked":"Slimebound:ItLooksTasty","floor":2},{"not_picked":["Slimebound:SplitAcid","Slimebound:AcidTongue"],"picked":"Slimebound:Schlurp","floor":3},{"not_picked":["Slimebound:PressTheAttack","Slimebound:SpikyOuterGoop","Slimebound:SlimeSlap"],"picked":"SKIP","floor":4},{"not_picked":["Slimebound:HauntingLick","Slimebound:SplitMire"],"picked":"Slimebound:Equalize","floor":5},{"not_picked":["Slimebound:SplitMire","Slimebound:ItLooksTasty"],"picked":"Slimebound:Recollect","floor":6},{"not_picked":["Slimebound:RejuvenatingLick","Slimebound:LevelUp"],"picked":"Slimebound:SplitSpecialist","floor":10},{"not_picked":["Slimebound:HauntingLick","Slimebound:SplitMire","Slimebound:Chomp+1"],"picked":"SKIP","floor":12},{"not_picked":["Slimebound:Schlurp","Slimebound:DisruptingSlam+1"],"picked":"Slimebound:OozeBath","floor":15},{"not_picked":["Slimebound:PrepareCrush","Slimebound:DouseInSlime"],"picked":"Slimebound:Recycling","floor":16},{"not_picked":["Slimebound:SlimeSpikes","Slimebound:FormOfPuddle"],"picked":"Slimebound:FinishingTackle+1","floor":19},{"not_picked":["Slimebound:FlameTackle+1","Slimebound:Recollect","Slimebound:ProtectTheBoss"],"picked":"SKIP","floor":20},{"not_picked":["Slimebound:RainOfGoop","Slimebound:SplitMire+1"],"picked":"Slimebound:RollThrough+1","floor":21},{"not_picked":["Slimebound:GoopTackle+1","Slimebound:Schlurp+1"],"picked":"Slimebound:ItLooksTasty+1","floor":22},{"not_picked":["Slimebound:FormOfPuddle","Slimebound:SplitBruiser"],"picked":"Slimebound:Prepare","floor":23},{"not_picked":["Slimebound:GoopSpray","Slimebound:SplitMire"],"picked":"Slimebound:AcidTongue+1","floor":25},{"not_picked":["Slimebound:GoopTackle+1","Slimebound:Repurpose"],"picked":"Slimebound:DisruptingSlam+1","floor":27},{"not_picked":["Slimebound:SpikyOuterGoop","Slimebound:SplitLeeching"],"picked":"Slimebound:TagTeam+1","floor":29},{"not_picked":["Slimebound:Recollect","Slimebound:RollThrough+1","Slimebound:LivingWall+1"],"picked":"SKIP","floor":32},{"not_picked":["Slimebound:SamplingLick+1","Slimebound:SplitMire"],"picked":"Slimebound:SlimeBarrage+1","floor":36},{"not_picked":["Slimebound:Prepare","Slimebound:RollThrough+1"],"picked":"Slimebound:HauntingLick+1","floor":39},{"not_picked":["Slimebound:LevelUp","Slimebound:SplitMire"],"picked":"Slimebound:SamplingLick+1","floor":40},{"not_picked":["Slimebound:PressTheAttack+1","Slimebound:LeechingTouch+1"],"picked":"Slimebound:LeadByExample","floor":42},{"not_picked":["Slimebound:SplitMire+1","Slimebound:LeechingTouch+1"],"picked":"Slimebound:LevelUp","floor":43},{"not_picked":["Slimebound:RollThrough+1","Slimebound:HauntingLick"],"picked":"Slimebound:Overexert","floor":44},{"not_picked":["Slimebound:ItLooksTasty+1","Slimebound:BestDefense+1","Slimebound:RainOfGoop"],"picked":"SKIP","floor":46},{"not_picked":["Slimebound:Grow","Slimebound:DouseInSlime","Slimebound:SplitBruiser+1"],"picked":"SKIP","floor":47},{"not_picked":["Slimebound:DivideAndConquer+1","Slimebound:Equalize+1","Slimebound:GrowthPunch+1"],"picked":"SKIP","floor":49},{"not_picked":["Slimebound:SlimeBarrage+1","Slimebound:FinishingTackle+1","Slimebound:LeechingTouch+1"],"picked":"SKIP","floor":52}],"player_experience":1448826,"relics_obtained":[{"floor":7,"key":"Molten Egg 2"},{"floor":8,"key":"Juzu Bracelet"},{"floor":10,"key":"Slimebound:PreparedRelic"},{"floor":23,"key":"Mercury Hourglass"},{"floor":24,"key":"TungstenRod"},{"floor":25,"key":"PreservedInsect"},{"floor":27,"key":"Pear"},{"floor":42,"key":"Kunai"},{"floor":44,"key":"Sundial"},{"floor":48,"key":"Unceasing Top"},{"floor":52,"key":"Boot"}],"event_choices":[{"cards_removed":["Slimebound:AcidTongue"],"damage_healed":0,"gold_gain":0,"player_choice":"Removed Power","damage_taken":0,"max_hp_gain":0,"max_hp_loss":0,"event_name":"Falling","floor":38,"gold_loss":0},{"damage_healed":0,"gold_gain":0,"player_choice":"Relic","damage_taken":0,"max_hp_gain":0,"max_hp_loss":0,"event_name":"Wheel of Change","floor":48,"gold_loss":0}],"is_beta":false,"boss_relics":[{"not_picked":["Calling Bell","Slimebound:AbsorbEndCombatUpgraded"],"picked":"Sozu"},{"not_picked":["Black Star","Velvet Choker"],"picked":"Philosopher\u0027s Stone"}],"items_purged_floors":[40,47],"is_endless":false,"potions_floor_spawned":[5,10,12,19,22,23,33,36,43,44,46,49],"ascension_level":5}}