{"host":"l7ku00cw7dmofayg","time":1613404988,"event":{"mods":["ATMod(°¢èªMod)","BaseMod","Dota2Spire","Marisa£¨ìFÓê¡¡Ä§ÀíÉ³£©","Minty Spire (QoL Compilation)","StSLib","The Invoker Mod"],"gold_per_floor":[114,114,114,39,53,53,88,88,114,114,167,167,238,301,301,427,427,477,477,477,502,47,92,92,161,161,76,76,109,109,124,124,124,124],"floor_reached":33,"language":"ZHS","playtime":1328,"items_purged":["Defend_MRS"],"score":553,"play_id":"f57c4e44-d25a-49f8-9698-8aede83f0ece","local_time":"20210216000308","is_ascension_mode":true,"campfire_choices":[{"data":"WitchOfGreed","floor":6.0,"key":"SMITH"},{"data":"BlazeAway","floor":8.0,"key":"SMITH"},{"data":"MasterSpark","floor":10.0,"key":"SMITH"},{"data":"GalacticHalo","floor":12.0,"key":"SMITH"},{"data":"MachineGunSpark","floor":15.0,"key":"SMITH"},{"data":"AT_EmpoweredMortalDraw","floor":24,"key":"SMITH"},{"data":"CollectingQuirk","floor":30,"key":"SMITH"},{"data":"PropBag","floor":32,"key":"SMITH"}],"circlet_count":0,"master_deck":["AscendersBane","Strike_MRS","Strike_MRS","Strike_MRS","Strike_MRS","Defend_MRS","Defend_MRS","Defend_MRS+1","MasterSpark+1","UpSweep","AT_Desolate+1","WitchOfGreed+1","BlazeAway+1","GalacticHalo+1","PulseMagic","MachineGunSpark+1","CollectingQuirk+1","AT_EmpoweredMortalDraw+1","PropBag+1","AsteroidBelt","EarthLightRay+1","ShootTheMoon","UnstableBomb+1","MilkyWay"],"relics":["MiniHakkero","AT_ATBox","NeowsBlessing","Golden Idol","AT_ArchangelStaff","AT_RedTearstoneRing","Juzu Bracelet","AT_MortalBlade","Oddly Smooth Stone","AT_RabadonDeathcap","Dota2Spire:UrnOfShadows","Ginger","Torii","FossilizedHelix","Meat on the Bone"],"acts_visited":["Exordium","TheCity"],"potions_floor_usage":[25,29,33,33],"damage_taken":[{"damage":0.0,"enemies":"2 Louse","floor":1.0,"turns":1.0},{"damage":0.0,"enemies":"Jaw Worm","floor":5.0,"turns":1.0},{"damage":0.0,"enemies":"3 Sentries","floor":7.0,"turns":1.0},{"damage":0.0,"enemies":"Cultist","floor":11.0,"turns":2.0},{"damage":3.0,"enemies":"Looter","floor":13.0,"turns":2.0},{"damage":8.0,"enemies":"Lagavulin","floor":14.0,"turns":5.0},{"damage":20.0,"enemies":"Slime Boss","floor":16.0,"turns":6.0},{"damage":9,"enemies":"Shell Parasite","floor":18,"turns":2},{"damage":0,"enemies":"3 Byrds","floor":21,"turns":1},{"damage":10,"enemies":"Snecko","floor":23,"turns":4},{"damage":9,"enemies":"Gremlin Leader","floor":25,"turns":2},{"damage":7,"enemies":"Slavers","floor":29,"turns":3},{"damage":0,"enemies":"3 Cultists","floor":31,"turns":1},{"damage":51,"enemies":"Collector","floor":33,"turns":5}],"seed_played":"-6967046546184939400","potions_obtained":[{"floor":1.0,"key":"ColorlessPotion"},{"floor":5.0,"key":"Explosive Potion"},{"floor":13.0,"key":"Block Potion"},{"floor":16.0,"key":"SteroidPotion"},{"floor":18,"key":"FearPotion"},{"floor":21,"key":"DistilledChaos"},{"floor":25,"key":"StarNLove"},{"floor":29,"key":"Explosive Potion"}],"is_trial":false,"path_per_floor":["M","?","?","$","M","R","E","R","T","R","M","R","M","E","R","B",null,"M","?","?","M","$","M","R","E","T","?","$","E","R","M","R","B"],"character_chosen":"MARISA","items_purchased":["Oddly Smooth Stone","AT_RabadonDeathcap"],"campfire_rested":0,"item_purchase_floors":[22,22],"current_hp_per_floor":[63,63,44,44,44,44,44,44,44,44,44,44,41,33,33,13,51,42,42,42,42,42,32,32,29,29,29,29,34,34,34,34,0,0],"gold":124,"neow_bonus":"THREE_ENEMY_KILL","is_daily":false,"chose_seed":false,"campfire_upgraded":8,"win_rate":0.0,"timestamp":1613404988,"path_taken":["M","?","?","?","M","R","E","R","T","R","M","R","?","E","R","BOSS","M","?","?","M","$","M","R","E","T","?","?","E","R","M","R","BOSS"],"items_purchased_type":["Relic","Relic"],"build_version":"2020-12-22","purchased_purges":1,"victory":false,"max_hp_per_floor":[70,63,63,63,63,63,63,63,63,63,63,63,63,63,63,63,63,63,63,63,63,63,63,63,63,63,63,63,63,63,63,63,63,63],"card_choices":[{"not_picked":["OneTimeOff","ManaConvection","RefractionSpark"],"picked":"SKIP","floor":1.0},{"not_picked":["ShootingEcho","GravityBeat"],"picked":"WitchOfGreed","floor":5.0},{"not_picked":["ChargingUp","OrrerysSun"],"picked":"BlazeAway","floor":7.0},{"not_picked":["6A","OrrerysSun"],"picked":"GalacticHalo","floor":11.0},{"not_picked":["ChargingUp","BlazeAway"],"picked":"PulseMagic","floor":13.0},{"not_picked":["WitchLeyline","SprinkleStarSeal"],"picked":"MachineGunSpark","floor":14.0},{"not_picked":["FinalSpark","TreasureHunter"],"picked":"CollectingQuirk","floor":16.0},{"not_picked":["RefractionSpark","DragonMeteor"],"picked":"PropBag","floor":18},{"not_picked":["GrandCross","AsteroidBelt","SporeBomb"],"picked":"SKIP","floor":21},{"not_picked":["OrrerysSun","GrandCross+1"],"picked":"EarthLightRay+1","floor":23},{"not_picked":["MysteriousBeam+1","IllusionStar"],"picked":"ShootTheMoon","floor":25},{"not_picked":["StarlightTyphoon+1","GalacticHalo"],"picked":"UnstableBomb+1","floor":29},{"not_picked":["DarkSpark","WitchOfGreed"],"picked":"MilkyWay","floor":31}],"player_experience":60050,"relics_obtained":[{"floor":7.0,"key":"AT_ArchangelStaff"},{"floor":9.0,"key":"AT_RedTearstoneRing"},{"floor":14.0,"key":"Juzu Bracelet"},{"floor":25,"key":"Dota2Spire:UrnOfShadows"},{"floor":26,"key":"Ginger"},{"floor":29,"key":"FossilizedHelix"}],"event_choices":[{"damage_healed":0.0,"max_hp_gain":0.0,"max_hp_loss":7.0,"gold_gain":0.0,"event_name":"Golden Idol","player_choice":"Lose Max HP","floor":2.0,"gold_loss":0.0,"damage_taken":0.0,"relics_obtained":["Golden Idol"]},{"damage_healed":0.0,"max_hp_gain":0.0,"max_hp_loss":0.0,"gold_gain":0.0,"event_name":"Shining Light","player_choice":"Entered Light","floor":3.0,"gold_loss":0.0,"damage_taken":19.0,"cards_upgraded":["Defend_MRS","AT_Desolate"]},{"damage_healed":0,"gold_gain":0,"player_choice":"Read","damage_taken":0,"max_hp_gain":0,"max_hp_loss":0,"event_name":"The Library","floor":19,"gold_loss":0,"cards_obtained":["AsteroidBelt"]},{"damage_healed":0,"gold_gain":0,"player_choice":"Ignored","damage_taken":0,"max_hp_gain":0,"max_hp_loss":0,"event_name":"Ghosts","floor":20,"gold_loss":0},{"damage_healed":0,"gold_gain":0,"player_choice":"Obtained Relic","damage_taken":0,"relics_obtained":["Torii"],"max_hp_gain":0,"max_hp_loss":0,"event_name":"Addict","floor":27,"gold_loss":85}],"is_beta":false,"boss_relics":[{"not_picked":["AT_TrinityForce","Ectoplasm"],"picked":"AT_MortalBlade"}],"items_purged_floors":[4],"is_endless":false,"potions_floor_spawned":[1,5,7,18,21,29],"killed_by":"Collector","ascension_level":15}}