{"host":"52lujqhsyicpcskq","time":1613411095,"event":{"mods":["BaseMod","Colored Map","DeckTracker","Minty Spire (QoL Compilation)","Permanent Neow","StSLib","SuperFastMode","everything is the same but u backflip on backflip"],"gold_per_floor":[118,154,169,180,193,193,218,218,269,294,53,94,169,203,203,299,299,336,353,353,99,99,157,157,172,224,149,149,160,75,110,110,214,214,230,249,99,117,0,0,32,382,459,459,484,484,498,468,468,468],"floor_reached":51,"language":"KOR","playtime":3694,"items_purged":[],"score":927,"play_id":"69474dbd-8cb4-4e2a-adaa-59444044a8a8","local_time":"20210216024455","is_ascension_mode":true,"campfire_choices":[{"data":"Eruption","floor":6,"key":"SMITH"},{"data":"Halt","floor":8,"key":"SMITH"},{"data":"FlurryOfBlows","floor":15,"key":"SMITH"},{"data":"Ragnarok","floor":24,"key":"SMITH"},{"data":"Wish","floor":28,"key":"SMITH"},{"data":"TalkToTheHand","floor":32,"key":"SMITH"},{"data":"Protect","floor":40,"key":"SMITH"},{"data":"FlurryOfBlows","floor":44,"key":"SMITH"},{"floor":49,"key":"REST"}],"circlet_count":0,"master_deck":["Strike_P+1","Strike_P+1","Strike_P+1","Strike_P+1","Defend_P+1","Defend_P+1","Defend_P+1","Defend_P+1","Eruption+1","Vigilance","Wish+1","FollowUp","FlurryOfBlows+1","Halt+1","Protect+1","EmptyBody","FlurryOfBlows+1","Perseverance+1","Finesse+1","Halt+1","Ragnarok+1","SpiritShield+1","EmptyMind+1","InnerPeace+1","Vault+1","TalkToTheHand+1","Crescendo+1","Scrawl+1","Swivel+1","WaveOfTheHand+1","MentalFortress+1","Evaluate+1","CarveReality+1","Vengeance+1","CrushJoints+1"],"relics":["HolyWater","Art of War","Boot","Toxic Egg 2","Bag of Preparation","Dream Catcher","Gremlin Horn","MutagenicStrength","Toy Ornithopter","Pen Nib","Singing Bowl","StrikeDummy","VioletLotus","Vajra","Red Mask","Anchor","Old Coin","Molten Egg 2","Regal Pillow"],"acts_visited":["Exordium","TheCity","TheBeyond"],"potions_floor_usage":[10,10,33,33,38,50,50],"damage_taken":[{"damage":0,"enemies":"2 Louse","floor":1,"turns":3},{"damage":0,"enemies":"Small Slimes","floor":2,"turns":4},{"damage":0,"enemies":"Jaw Worm","floor":3,"turns":3},{"damage":7,"enemies":"Large Slime","floor":4,"turns":4},{"damage":0,"enemies":"Looter","floor":5,"turns":1},{"damage":4,"enemies":"3 Sentries","floor":7,"turns":11},{"damage":6,"enemies":"Gremlin Nob","floor":10,"turns":3},{"damage":0,"enemies":"2 Fungi Beasts","floor":12,"turns":3},{"damage":9,"enemies":"Lagavulin","floor":14,"turns":8},{"damage":9,"enemies":"The Guardian","floor":16,"turns":13},{"damage":0,"enemies":"Spheric Guardian","floor":18,"turns":3},{"damage":0,"enemies":"Shell Parasite","floor":19,"turns":3},{"damage":12,"enemies":"Slavers","floor":23,"turns":5},{"damage":0,"enemies":"Snecko","floor":25,"turns":2},{"damage":0,"enemies":"Sentry and Sphere","floor":29,"turns":5},{"damage":0,"enemies":"Gremlin Leader","floor":31,"turns":2},{"damage":38,"enemies":"Automaton","floor":33,"turns":10},{"damage":0,"enemies":"Orb Walker","floor":35,"turns":1},{"damage":1,"enemies":"3 Shapes","floor":36,"turns":6},{"damage":4,"enemies":"Transient","floor":38,"turns":6},{"damage":0,"enemies":"Nemesis","floor":41,"turns":8},{"damage":0,"enemies":"Mind Bloom Boss Battle","floor":42,"turns":8},{"damage":12,"enemies":"Reptomancer","floor":45,"turns":3},{"damage":3,"enemies":"Spire Growth","floor":47,"turns":8},{"damage":57,"enemies":"Donu and Deca","floor":50,"turns":10}],"seed_played":"4762654100544746952","potions_obtained":[{"floor":2,"key":"StancePotion"},{"floor":4,"key":"BottledMiracle"},{"floor":7,"key":"Strength Potion"},{"floor":16,"key":"BottledMiracle"},{"floor":18,"key":"SpeedPotion"},{"floor":25,"key":"Dexterity Potion"},{"floor":31,"key":"AttackPotion"},{"floor":41,"key":"SpeedPotion"},{"floor":45,"key":"Fire Potion"},{"floor":48,"key":"FairyPotion"},{"floor":48,"key":"Block Potion"}],"is_trial":false,"path_per_floor":["M","M","M","M","M","R","E","R","T","E","$","M","?","E","R","B",null,"M","M","?","$","?","E","R","M","T","$","R","M","?","E","R","B",null,"M","M","$","M","?","R","E","?","T","R","E","?","M","?","R","B",null],"character_chosen":"WATCHER","items_purchased":["Bag of Preparation","Finesse+1","Gremlin Horn","Vault+1","Vajra"],"campfire_rested":1,"item_purchase_floors":[11,11,21,27,37],"current_hp_per_floor":[72,72,72,65,65,65,61,61,61,55,55,55,44,35,35,26,72,72,72,72,72,72,60,60,60,60,60,60,60,60,60,60,32,72,72,73,73,74,74,74,74,74,74,74,62,62,59,59,74,24],"gold":468,"neow_bonus":"ONE_RANDOM_RARE_CARD","is_daily":false,"chose_seed":false,"campfire_upgraded":8,"win_rate":0.0,"timestamp":1613411095,"path_taken":["M","M","M","M","M","R","E","R","T","E","$","M","?","E","R","BOSS","M","M","?","$","?","E","R","M","T","$","R","M","?","E","R","BOSS","M","M","$","M","?","R","E","?","T","R","E","?","?","?","R","BOSS"],"items_purchased_type":["Relic","Card","Relic","Card","Relic"],"build_version":"2020-12-22","purchased_purges":0,"victory":true,"max_hp_per_floor":[72,72,72,72,72,72,72,72,72,72,72,72,72,72,72,72,72,72,72,72,72,72,72,72,72,72,72,72,72,72,72,72,72,72,72,74,74,74,74,74,74,74,74,74,74,74,74,74,74,74],"card_choices":[{"not_picked":["Prostrate","EmptyFist"],"picked":"FollowUp","floor":1},{"not_picked":["WaveOfTheHand","Halt"],"picked":"FlurryOfBlows","floor":2},{"not_picked":["FlyingSleeves","Adaptation"],"picked":"Halt","floor":3},{"not_picked":["Blasphemy","Evaluate"],"picked":"Protect","floor":4},{"not_picked":["Weave","CutThroughFate"],"picked":"EmptyBody","floor":5},{"not_picked":["FollowUp","Crescendo"],"picked":"FlurryOfBlows","floor":7},{"not_picked":["Wallop","JustLucky"],"picked":"Perseverance+1","floor":10},{"not_picked":["BowlingBash","FlurryOfBlows"],"picked":"Halt+1","floor":12},{"not_picked":["Protect+1","WheelKick"],"picked":"Ragnarok","floor":14},{"not_picked":["Devotion","Alpha+1"],"picked":"SpiritShield+1","floor":16},{"not_picked":["JustLucky","WindmillStrike"],"picked":"EmptyMind+1","floor":18},{"not_picked":["SashWhip+1","EmptyBody+1"],"picked":"Indignation+1","floor":19},{"not_picked":["CutThroughFate","FlurryOfBlows","Halt+1"],"picked":"SKIP","floor":23},{"not_picked":["FlyingSleeves+1","FearNoEvil"],"picked":"InnerPeace+1","floor":25},{"not_picked":["EmptyFist","ConjureBlade+1"],"picked":"TalkToTheHand","floor":29},{"not_picked":["FlurryOfBlows","PathToVictory+1"],"picked":"Crescendo+1","floor":31},{"not_picked":["Vault+1","Omniscience+1"],"picked":"Scrawl+1","floor":33},{"not_picked":["CrushJoints","EmptyBody+1"],"picked":"Swivel+1","floor":35},{"not_picked":["CutThroughFate+1","ForeignInfluence+1","Worship+1"],"picked":"Singing Bowl","floor":36},{"not_picked":["Crescendo+1","EmptyBody+1"],"picked":"WaveOfTheHand+1","floor":38},{"not_picked":["SashWhip+1","Fasting2"],"picked":"MentalFortress+1","floor":41},{"not_picked":["SashWhip","ClearTheMind+1"],"picked":"Evaluate+1","floor":42},{"not_picked":["FlurryOfBlows+1","Evaluate+1"],"picked":"CarveReality+1","floor":45},{"not_picked":["TalkToTheHand+1","Devotion"],"picked":"Vengeance+1","floor":47},{"not_picked":["FlurryOfBlows+1","PathToVictory+1"],"picked":"CrushJoints+1","floor":49}],"player_experience":799899,"relics_obtained":[{"floor":7,"key":"Art of War"},{"floor":9,"key":"Boot"},{"floor":10,"key":"Toxic Egg 2"},{"floor":14,"key":"Dream Catcher"},{"floor":23,"key":"Toy Ornithopter"},{"floor":26,"key":"Pen Nib"},{"floor":31,"key":"StrikeDummy"},{"floor":41,"key":"Anchor"},{"floor":42,"key":"Old Coin"},{"floor":43,"key":"Molten Egg 2"},{"floor":45,"key":"Regal Pillow"}],"event_choices":[{"damage_healed":0,"gold_gain":75,"player_choice":"Gather Gold","damage_taken":11,"max_hp_gain":0,"max_hp_loss":0,"event_name":"World of Goop","floor":13,"gold_loss":0},{"damage_healed":0,"gold_gain":0,"player_choice":"Simplicity","damage_taken":0,"max_hp_gain":0,"max_hp_loss":0,"event_name":"Back to Basics","floor":20,"gold_loss":0,"cards_upgraded":["Strike_P","Strike_P","Strike_P","Strike_P","Defend_P","Defend_P","Defend_P","Defend_P"]},{"damage_healed":0,"gold_gain":0,"player_choice":"Inject Mutagens","damage_taken":0,"relics_obtained":["MutagenicStrength"],"max_hp_gain":0,"max_hp_loss":0,"event_name":"Drug Dealer","floor":22,"gold_loss":0},{"damage_healed":0,"gold_gain":0,"player_choice":"Obtained Relic","damage_taken":0,"relics_obtained":["Singing Bowl"],"max_hp_gain":0,"max_hp_loss":0,"event_name":"Addict","floor":30,"gold_loss":85},{"damage_healed":0,"gold_gain":0,"player_choice":"Paid","damage_taken":0,"relics_obtained":["Red Mask"],"max_hp_gain":0,"max_hp_loss":0,"event_name":"Tomb of Lord Red Mask","floor":39,"gold_loss":117},{"damage_healed":0,"gold_gain":0,"player_choice":"Fight","damage_taken":0,"max_hp_gain":0,"max_hp_loss":0,"event_name":"MindBloom","floor":42,"gold_loss":0},{"cards_removed":["Indignation"],"damage_healed":0,"gold_gain":0,"player_choice":"Removed Skill","damage_taken":0,"max_hp_gain":0,"max_hp_loss":0,"event_name":"Falling","floor":46,"gold_loss":0},{"damage_healed":0,"gold_gain":0,"player_choice":"Bought 2 Potions","damage_taken":0,"max_hp_gain":0,"max_hp_loss":0,"event_name":"The Woman in Blue","floor":48,"gold_loss":0}],"is_beta":false,"boss_relics":[{"not_picked":["Runic Pyramid","SlaversCollar"],"picked":"HolyWater"},{"not_picked":["Coffee Dripper","Empty Cage"],"picked":"VioletLotus"}],"items_purged_floors":[],"is_endless":false,"potions_floor_spawned":[2,4,7,16,18,19,25,31,41,45],"ascension_level":3}}