{"host":"8d3fefv2347kqkpz","time":1613424187,"event":{"mods":["AchievementEnabler","Aspiration","BaseMod","Better Vampires","BetterRewards","Colored Map","Colored Powertips","Downfall","Emptier Cage","Highlight Path","Marked Mod","Minty Spire (QoL Compilation)","Quick Restart","Rare Cards Sparkle","Relic Stats","Spicy Shops","StSLib","Waifu the Spire"],"gold_per_floor":[99,113,124,124,34,54,79,79,90,101,121,21,33,61,87,99,99,99],"floor_reached":16,"language":"ZHS","playtime":796,"items_purged":["sneckomod:Strike"],"score":131,"play_id":"3bd85c6a-69bc-4508-a6ba-fd72fca51014","local_time":"20210216052307","is_ascension_mode":false,"campfire_choices":[{"data":"sneckomod:SnekBite","floor":1.0,"key":"SMITH"},{"data":"sneckomod:MasterEye","floor":12,"key":"SMITH"}],"circlet_count":0,"master_deck":["sneckomod:Strike","sneckomod:Defend","sneckomod:Defend","sneckomod:Defend","sneckomod:TailWhip","sneckomod:SnekBite+1","sneckomod:Unknown","sneckomod:Unknown","sneckomod:UnknownClassPURPLE","sneckomod:SerpentIdol","sneckomod:MasterEye+1","sneckomod:Rotation"],"relics":["sneckomod:SneckoSoul","downfall:HeartBlessingBlue","MawBank"],"acts_visited":["Exordium"],"potions_floor_usage":[],"damage_taken":[{"damage":0.0,"enemies":"Cultist","floor":2.0,"turns":4.0},{"damage":0.0,"enemies":"2 Louse","floor":3.0,"turns":3.0},{"damage":0.0,"enemies":"downfall:FleeingMerchant","floor":5.0,"turns":4.0},{"damage":1.0,"enemies":"Jaw Worm","floor":6.0,"turns":3.0},{"damage":7.0,"enemies":"downfall:LooterAlt","floor":9.0,"turns":3.0},{"damage":20.0,"enemies":"Exordium Thugs","floor":10.0,"turns":3.0},{"damage":2.0,"enemies":"2 Fungi Beasts","floor":11.0,"turns":4.0},{"damage":0,"enemies":"Exordium Wildlife","floor":13,"turns":3},{"damage":19,"enemies":"3 Sentries","floor":14,"turns":7},{"damage":3,"enemies":"Red Slaver","floor":15,"turns":5},{"damage":66,"enemies":"IC_STATUS_ARCHETYPE","floor":16,"turns":15}],"seed_played":"8470984778306108333","potions_obtained":[{"floor":3.0,"key":"sneckomod:DiceRollPotion"},{"floor":6.0,"key":"FearPotion"},{"floor":10.0,"key":"Weak Potion"},{"floor":13,"key":"SneckoOil"}],"is_trial":false,"path_per_floor":["R","M","M","?","$","M","T","?","M","M","M","R","M","E","M","B"],"character_chosen":"THE_SNECKO","items_purchased":[],"campfire_rested":0,"item_purchase_floors":[],"current_hp_per_floor":[99,99,99,99,99,98,98,98,91,71,69,79,79,60,57,0,0,0],"gold":99,"neow_bonus":"TEN_PERCENT_HP_BONUS","is_daily":false,"chose_seed":false,"campfire_upgraded":2,"win_rate":0.0,"timestamp":1613424187,"path_taken":["R","M","M","?","$","M","T","?","M","M","M","R","M","E","M","BOSS"],"items_purchased_type":[],"build_version":"2020-12-22","purchased_purges":1,"victory":false,"max_hp_per_floor":[99,99,99,99,99,99,99,99,99,99,99,109,109,109,109,109,109,109],"relic_stats":{"counters":[11,54],"MawBank":24,"obtain_stats":[{"downfall:HeartBlessingBlue":12,"sneckomod:SneckoSoul":0,"MawBank":14},{"downfall:HeartBlessingBlue":7,"sneckomod:SneckoSoul":0,"MawBank":9},{"downfall:HeartBlessingBlue":24,"sneckomod:SneckoSoul":0,"MawBank":34}]},"card_choices":[{"not_picked":["sneckomod:DiceBlock","sneckomod:UnknownDraw","sneckomod:ImprovisedGuard"],"picked":"SKIP","floor":2.0},{"not_picked":["sneckomod:Nope","sneckomod:UnknownCommonAttack","sneckomod:SnekBeam"],"picked":"SKIP","floor":3.0},{"not_picked":["sneckomod:UnknownBlock","sneckomod:DefensiveFlair"],"picked":"sneckomod:UnknownClassPURPLE","floor":5.0},{"not_picked":["sneckomod:WideSting","sneckomod:QuickMove","sneckomod:Unknown1Cost"],"picked":"SKIP","floor":6.0},{"not_picked":["sneckomod:UnknownX","sneckomod:IronFang","sneckomod:WideSting"],"picked":"SKIP","floor":9.0},{"not_picked":["sneckomod:Memorize","sneckomod:DiceBlock","sneckomod:IronFang"],"picked":"SKIP","floor":10.0},{"not_picked":["sneckomod:MixItUp","sneckomod:SerpentIdol"],"picked":"sneckomod:MasterEye","floor":11.0},{"not_picked":["sneckomod:UnknownCommonSkill","sneckomod:UnknownClassTHE_BRONZE_AUTOMATON","sneckomod:UnknownStrength"],"picked":"SKIP","floor":13},{"not_picked":["sneckomod:UnknownCommonSkill","sneckomod:UnknownClassTHE_BRONZE_AUTOMATON","sneckomod:UnknownStrength"],"picked":"SKIP","floor":13},{"not_picked":["sneckomod:RainOfDice","sneckomod:SlitherStrike","sneckomod:DiceBlock"],"picked":"SKIP","floor":14},{"not_picked":["sneckomod:UnknownBlock","sneckomod:DefensiveFlair"],"picked":"sneckomod:Rotation","floor":15}],"player_experience":401586,"relics_obtained":[{"floor":14,"key":"MawBank"}],"event_choices":[{"damage_healed":0.0,"max_hp_gain":0.0,"max_hp_loss":0.0,"gold_gain":0.0,"event_name":"Scrap Ooze","player_choice":"Fled","floor":4.0,"gold_loss":0.0,"damage_taken":0.0},{"damage_healed":0.0,"max_hp_gain":0.0,"max_hp_loss":0.0,"gold_gain":0.0,"cards_transformed":["sneckomod:Strike"],"event_name":"Living Wall","player_choice":"Change","floor":8.0,"gold_loss":0.0,"damage_taken":0.0,"cards_obtained":["sneckomod:SerpentIdol"]}],"is_beta":false,"boss_relics":[],"items_purged_floors":[5],"is_endless":false,"potions_floor_spawned":[3,6,10,13,14],"killed_by":"IC_STATUS_ARCHETYPE","ascension_level":0}}