{"host":"kcg3v0hgymzitgl9","time":1613396695,"event":{"mods":["BaseMod","Colored Map","DeckTracker","Minty Spire (QoL Compilation)","Relic Stats","Weighted Paths"],"gold_per_floor":[115,14,29,41,41,72,84,84,84,84,103,103,130,146,146,243,243,254,264,32,32,45,45,45,75,75,75,85,112,112,112],"floor_reached":30,"language":"ENG","playtime":2091,"items_purged":["Strike_R","Strike_R"],"score":260,"play_id":"c437992d-f9a9-40d2-a752-b443c46729e4","local_time":"20210216004455","is_ascension_mode":false,"campfire_choices":[{"floor":8.0,"key":"REST"},{"data":"Flame Barrier","floor":10.0,"key":"SMITH"},{"data":"Blood for Blood","floor":12.0,"key":"SMITH"},{"floor":15.0,"key":"REST"},{"floor":23.0,"key":"REST"},{"floor":27.0,"key":"REST"}],"circlet_count":0,"master_deck":["Strike_R","Strike_R","Strike_R","Defend_R","Defend_R","Defend_R","Defend_R","Bash","Rampage","Shrug It Off","Flame Barrier+1","Flex","Blood for Blood+1","Headbutt","Burning Pact","Immolate","CurseOfTheBell","Rage","Power Through","True Grit","True Grit","Second Wind","Berserk","Fiend Fire","Warcry+1","Fire Breathing"],"relics":["Burning Blood","NeowsBlessing","InkBottle","Question Card","Dream Catcher","Calling Bell","Anchor","Pantograph","Unceasing Top","Membership Card","Nilry\u0027s Codex","Ancient Tea Set","MealTicket","Oddly Smooth Stone"],"acts_visited":["Exordium","TheCity"],"potions_floor_usage":[30,30],"damage_taken":[{"damage":0.0,"enemies":"Cultist","floor":1.0,"turns":1.0},{"damage":0.0,"enemies":"Jaw Worm","floor":3.0,"turns":1.0},{"damage":0.0,"enemies":"Small Slimes","floor":4.0,"turns":1.0},{"damage":55.0,"enemies":"Gremlin Nob","floor":6.0,"turns":6.0},{"damage":4.0,"enemies":"3 Louse","floor":7.0,"turns":3.0},{"damage":6.0,"enemies":"Blue Slaver","floor":11.0,"turns":4.0},{"damage":27.0,"enemies":"3 Sentries","floor":13.0,"turns":9.0},{"damage":3.0,"enemies":"Lots of Slimes","floor":14.0,"turns":4.0},{"damage":34.0,"enemies":"Slime Boss","floor":16.0,"turns":12.0},{"damage":0.0,"enemies":"2 Thieves","floor":18.0,"turns":3.0},{"damage":13.0,"enemies":"Spheric Guardian","floor":19.0,"turns":6.0},{"damage":30.0,"enemies":"Centurion and Healer","floor":22.0,"turns":12.0},{"damage":38.0,"enemies":"Gremlin Leader","floor":25.0,"turns":8.0},{"damage":36.0,"enemies":"Shelled Parasite and Fungi","floor":28.0,"turns":6.0},{"damage":10,"enemies":"Book of Stabbing","floor":30,"turns":5}],"seed_played":"-1496603767805976504","potions_obtained":[{"floor":4.0,"key":"GamblersBrew"},{"floor":7.0,"key":"AttackPotion"},{"floor":11.0,"key":"Ancient Potion"},{"floor":13.0,"key":"SkillPotion"},{"floor":14.0,"key":"Strength Potion"},{"floor":22.0,"key":"Block Potion"},{"floor":25.0,"key":"SteroidPotion"}],"is_trial":false,"path_per_floor":["M","$","M","M","?","E","M","R","T","R","M","R","E","M","R","B",null,"M","M","$","?","M","R","?","E","T","R","M","T","E"],"character_chosen":"IRONCLAD","items_purchased":["Shrug It Off","Membership Card","True Grit"],"campfire_rested":4,"item_purchase_floors":[2,20,20],"current_hp_per_floor":[80,80,80,80,77,28,30,54,54,54,54,54,33,36,60,32,80,80,73,73,57,33,57,57,25,25,49,19,19,9,9],"gold":112,"neow_bonus":"THREE_ENEMY_KILL","is_daily":false,"chose_seed":false,"campfire_upgraded":2,"win_rate":0.0,"timestamp":1613396695,"path_taken":["M","$","M","?","?","E","M","R","T","R","M","R","E","M","R","BOSS","M","M","$","?","M","R","?","E","T","R","M","?","E"],"items_purchased_type":["Card","Relic","Card"],"build_version":"2020-12-22","purchased_purges":2,"victory":false,"max_hp_per_floor":[80,80,80,80,80,80,80,80,80,80,80,80,80,80,80,80,80,80,80,80,80,80,80,80,80,80,80,80,80,80,80],"relic_stats":{"Dream Catcher":3,"counters":[15,81],"Pantograph":0,"MealTicket":0,"Question Card":13,"obtain_stats":[{"NeowsBlessing":0,"Nilry\u0027s Codex":21,"Oddly Smooth Stone":29,"Question Card":9,"Ancient Tea Set":25,"Burning Blood":0,"Calling Bell":17,"Dream Catcher":13,"Anchor":17,"Pantograph":17,"MealTicket":26,"Membership Card":20,"InkBottle":6,"Unceasing Top":17},{"NeowsBlessing":0,"Nilry\u0027s Codex":11,"Oddly Smooth Stone":14,"Question Card":5,"Ancient Tea Set":13,"Burning Blood":0,"Calling Bell":9,"Dream Catcher":7,"Anchor":9,"Pantograph":9,"MealTicket":13,"Membership Card":11,"InkBottle":4,"Unceasing Top":9},{"NeowsBlessing":0,"Nilry\u0027s Codex":50,"Oddly Smooth Stone":76,"Question Card":12,"Ancient Tea Set":70,"Burning Blood":0,"Calling Bell":41,"Dream Catcher":25,"Anchor":41,"Pantograph":41,"MealTicket":70,"Membership Card":50,"InkBottle":9,"Unceasing Top":41}],"Burning Blood":60,"InkBottle":[21],"Unceasing Top":[6]},"card_choices":[{"not_picked":["Perfected Strike","Intimidate"],"picked":"Rampage","floor":1.0},{"not_picked":["Hemokinesis","Second Wind"],"picked":"Flame Barrier","floor":3.0},{"not_picked":["Anger","Heavy Blade"],"picked":"Dual Wield","floor":4.0},{"not_picked":["Fiend Fire","Battle Trance"],"picked":"Shockwave","floor":6.0},{"not_picked":["Armaments","Heavy Blade"],"picked":"Flex","floor":7.0},{"not_picked":["Heavy Blade","Thunderclap","Armaments"],"picked":"Blood for Blood","floor":11.0},{"not_picked":["Seeing Red","Havoc","Anger"],"picked":"Headbutt","floor":13.0},{"not_picked":["True Grit","Clash","Flex","Flame Barrier"],"picked":"SKIP","floor":14.0},{"not_picked":["Combust","Perfected Strike","Flame Barrier"],"picked":"Burning Pact","floor":15.0},{"not_picked":["Offering","Exhume","Limit Break"],"picked":"Immolate","floor":16.0},{"not_picked":["Dropkick","Flex+1","Shrug It Off+1"],"picked":"Rage","floor":18.0},{"not_picked":["Perfected Strike","Flex","Sword Boomerang"],"picked":"Power Through","floor":19.0},{"not_picked":["Clothesline","Sword Boomerang","Flex+1"],"picked":"True Grit","floor":22.0},{"not_picked":["Shrug It Off","Twin Strike","Entrench"],"picked":"Second Wind","floor":23.0},{"not_picked":["Uppercut","Disarm","Havoc"],"picked":"Warcry+1","floor":25.0},{"not_picked":["Corruption","Uppercut","Sentinel"],"picked":"Fire Breathing","floor":27.0},{"not_picked":["Clothesline","Twin Strike+1","Pommel Strike","Headbutt+1"],"picked":"SKIP","floor":28.0}],"player_experience":321103,"relics_obtained":[{"floor":6.0,"key":"InkBottle"},{"floor":9.0,"key":"Question Card"},{"floor":13.0,"key":"Dream Catcher"},{"floor":17.0,"key":"Anchor"},{"floor":17.0,"key":"Pantograph"},{"floor":17.0,"key":"Unceasing Top"},{"floor":21.0,"key":"Nilry\u0027s Codex"},{"floor":25.0,"key":"Ancient Tea Set"},{"floor":26.0,"key":"MealTicket"},{"floor":29.0,"key":"Oddly Smooth Stone"}],"event_choices":[{"damage_healed":0.0,"max_hp_gain":0.0,"max_hp_loss":0.0,"gold_gain":0.0,"event_name":"Scrap Ooze","player_choice":"Fled","floor":5.0,"gold_loss":0.0,"damage_taken":3.0},{"damage_healed":0.0,"max_hp_gain":0.0,"max_hp_loss":0.0,"gold_gain":0.0,"event_name":"Cursed Tome","player_choice":"Obtained Book","floor":21.0,"gold_loss":0.0,"damage_taken":16.0},{"damage_healed":0.0,"max_hp_gain":0.0,"max_hp_loss":0.0,"gold_gain":0.0,"cards_transformed":["Shockwave","Dual Wield"],"event_name":"Drug Dealer","player_choice":"Became Test Subject","floor":24.0,"gold_loss":0.0,"damage_taken":0.0,"cards_obtained":["Berserk","Fiend Fire"]}],"is_beta":false,"boss_relics":[{"not_picked":["Sozu","Velvet Choker"],"picked":"Calling Bell"}],"items_purged_floors":[2,20],"is_endless":false,"potions_floor_spawned":[4,7,11,13,14,22,25],"killed_by":"Book of Stabbing","ascension_level":0}}