{"host":"n2havra2dgtcizuw","time":1613382052,"event":{"mods":["100% Spire Juice","ATMod(°¢èªMod)","Bard","BaseMod","Downfall","Marisa£¨ìFÓê¡¡Ä§ÀíÉ³£©","Minty Spire (QoL Compilation)","Permanent Neow","Reliquary","Remilia£¨ÀÙÃ×ÀòÑÇ£©","Replay The Spire","RumiaBox-Â¶Ã×æ«µÄÉñÃØºÐ×Ó","StSLib","TestMod","The Alterego","The Animator","The Servant 0.9.4","[IsaacMod]ÒÔÈö¼âËþ"],"gold_per_floor":[10,10,10,10,28,70,70,104,104,79,141,189,189,201,201,314,314,327,340,340,378,223,223,275,335,335,335,398,455,347,347],"floor_reached":30,"language":"ZHS","playtime":1364,"items_purged":["Parasite"],"score":495,"play_id":"19ca35ed-b825-413e-bcd4-a8e0b33b83e0","local_time":"20210215174052","is_ascension_mode":true,"campfire_choices":[{"data":"AT_OneInchPunch","floor":7,"key":"SMITH"},{"floor":13,"key":"REST"},{"data":"AT_ChampionKick","floor":15,"key":"SMITH"},{"floor":23,"key":"REST"},{"floor":27,"key":"REST"}],"circlet_count":0,"master_deck":["Strike_P","Strike_P","Strike_P","Defend_P","Defend_P","Defend_P","Eruption","Vigilance","BettingIsNotGood","AT_OneInchPunch+1","BowlingBash","AT_ChampionKick+1","AT_OneInchPunch","Crescendo","TalkToTheHand","Halt+1","CrushJoints","Alpha","Wish","HandOfGreed","BattleHymn","SashWhip+1","FlurryOfBlows","J.A.X.","BowlingBash+1","LessonLearned","FlyingSleeves","Replay:BluntJabs+1","EmptyBody","Replay:BluntJabs"],"relics":["PureWater","testmod-TestBox","HushsDoor","AT_ATBox","testmod-Charity","SteamSale","FaceOfCleric","GuppysHead","Replay:Purple Gloves","Vajra","AT_ForceNature","reliquary:Solitaire","reliquary:QuartzCube","InkBottle","ReplayTheSpireMod:Lightbulb","reliquary:WritOfMandamus","Baka2","AT_MibuBalloonWealth","testmod-TurbochargingSystem","reliquary:TatteredRug"],"acts_visited":["Exordium","TheCity"],"potions_floor_usage":[6,12,19,30],"damage_taken":[{"damage":1,"enemies":"Cultist","floor":1,"turns":3},{"damage":0,"enemies":"2 Louse","floor":5,"turns":1},{"damage":15,"enemies":"Lagavulin","floor":6,"turns":3},{"damage":17,"enemies":"Gremlin Nob","floor":8,"turns":4},{"damage":5,"enemies":"3 Sentries","floor":10,"turns":3},{"damage":0,"enemies":"Lagavulin Event","floor":11,"turns":2},{"damage":22,"enemies":"Hiden Room Battle","floor":12,"turns":3},{"damage":0,"enemies":"Small Slimes","floor":14,"turns":1},{"damage":0,"enemies":"Slime Boss","floor":16,"turns":3},{"damage":5,"enemies":"Spheric Guardian","floor":18,"turns":3},{"damage":14,"enemies":"Shell Parasite","floor":19,"turns":2},{"damage":44,"enemies":"Shelled Parasite and Fungi","floor":21,"turns":3},{"damage":35,"enemies":"Book of Stabbing","floor":24,"turns":3},{"damage":25,"enemies":"Chosen and Byrds","floor":25,"turns":4},{"damage":11,"enemies":"Sentry and Sphere","floor":28,"turns":3},{"damage":17,"enemies":"Shelled Parasite and Fungi","floor":29,"turns":3},{"damage":38,"enemies":"Slavers","floor":30,"turns":2}],"seed_played":"-4066132610579044690","potions_obtained":[{"floor":1,"key":"testmod-TimePotion"},{"floor":5,"key":"SpeedPotion"},{"floor":6,"key":"Swift Potion"},{"floor":11,"key":"Strength Potion"},{"floor":14,"key":"Milkshake"},{"floor":16,"key":"Energy Potion"},{"floor":18,"key":"Fire Potion"},{"floor":28,"key":"CultistPotion"}],"is_trial":false,"path_per_floor":["M","?","?","?","M","E","R","E","T","E","?","?","R","M","R","B",null,"M","M","?","M","$","R","E","M","T","R","M","M","E"],"character_chosen":"WATCHER","items_purchased":["HandOfGreed","BattleHymn","LessonLearned","AT_MibuBalloonWealth"],"campfire_rested":3,"item_purchase_floors":[17,17,22,22],"current_hp_per_floor":[70,70,70,75,77,71,71,56,56,53,56,49,80,82,82,85,93,90,78,78,35,35,65,33,24,24,57,50,37,0,0],"gold":347,"neow_bonus":"TRANSFORM_TWO_CARDS","is_daily":false,"chose_seed":false,"campfire_upgraded":2,"win_rate":0.0,"timestamp":1613382052,"path_taken":["M","?","?","?","?","E","R","E","T","E","?","?","R","M","R","BOSS","M","M","?","?","?","R","E","M","T","R","M","M","E"],"items_purchased_type":["Card","Card","Card","Relic"],"build_version":"2020-12-22","purchased_purges":1,"victory":false,"max_hp_per_floor":[73,73,73,78,80,83,83,85,85,87,90,105,105,107,107,110,95,97,99,99,103,103,103,106,110,110,110,114,118,118,118],"card_choices":[{"not_picked":[],"picked":"BettingIsNotGood","floor":0},{"not_picked":["SignatureMove","Weave"],"picked":"AT_OneInchPunch","floor":1},{"not_picked":["AT_RealFormLess","Meditate"],"picked":"Bomb","floor":5},{"not_picked":["WreathOfFlame","ThirdEye"],"picked":"Crescendo","floor":6},{"not_picked":["Halt","Protect"],"picked":"Bomb","floor":8},{"not_picked":["Replay:ManipulateFuture","ReachHeaven"],"picked":"Halt","floor":10},{"not_picked":["Replay:ManipulateFuture","ClearTheMind"],"picked":"CrushJoints","floor":11},{"not_picked":["Crescendo","Protect"],"picked":"Alpha","floor":12},{"not_picked":["FlurryOfBlows","Vengeance"],"picked":"Bomb","floor":14},{"not_picked":["Omniscience","Scrawl"],"picked":"Wish","floor":16},{"not_picked":["WreathOfFlame","AT_ChampionStep"],"picked":"SashWhip+1","floor":18},{"not_picked":["JustLucky","Protect"],"picked":"FlurryOfBlows","floor":19},{"not_picked":["AT_DivineConfetti+1","SignatureMove"],"picked":"BowlingBash+1","floor":21},{"not_picked":["Indignation","ThirdEye"],"picked":"FlyingSleeves","floor":24},{"not_picked":["SignatureMove","Replay:AtTheReady"],"picked":"Replay:BluntJabs+1","floor":25},{"not_picked":["Replay:AtTheReady","FollowUp+1"],"picked":"EmptyBody","floor":28},{"not_picked":["Prostrate+1","Replay:AtTheReady+1"],"picked":"Replay:BluntJabs","floor":29}],"player_experience":763023,"relics_obtained":[{"floor":1,"key":"Baka"},{"floor":5,"key":"GuppysHead"},{"floor":6,"key":"Replay:Purple Gloves"},{"floor":8,"key":"Vajra"},{"floor":9,"key":"AT_ForceNature"},{"floor":10,"key":"reliquary:Solitaire"},{"floor":11,"key":"reliquary:QuartzCube"},{"floor":12,"key":"InkBottle"},{"floor":12,"key":"ReplayTheSpireMod:Lightbulb"},{"floor":19,"key":"Baka2"},{"floor":24,"key":"testmod-TurbochargingSystem"},{"floor":26,"key":"reliquary:TatteredRug"}],"event_choices":[{"damage_healed":0,"gold_gain":0,"player_choice":"Trade","damage_taken":0,"relics_obtained":["FaceOfCleric"],"max_hp_gain":0,"max_hp_loss":0,"event_name":"FaceTrader","floor":3,"gold_loss":0},{"damage_healed":0,"gold_gain":0,"player_choice":"Donut","damage_taken":0,"max_hp_gain":5,"max_hp_loss":0,"event_name":"Big Fish","floor":4,"gold_loss":0},{"damage_healed":0,"gold_gain":30,"player_choice":"Searched \u00272\u0027 times","damage_taken":0,"max_hp_gain":0,"max_hp_loss":0,"event_name":"Dead Adventurer","floor":11,"gold_loss":0},{"damage_healed":0,"gold_gain":0,"player_choice":"Fight","damage_taken":0,"max_hp_gain":0,"max_hp_loss":0,"event_name":"HidenRoomEvent","floor":12,"gold_loss":0},{"damage_healed":0,"gold_gain":0,"player_choice":"Obtain J.A.X.","damage_taken":0,"max_hp_gain":0,"max_hp_loss":0,"event_name":"Drug Dealer","floor":20,"gold_loss":0,"cards_obtained":["J.A.X."]}],"is_beta":false,"boss_relics":[{"not_picked":["testmod-GoldenSoul","reliquary:Ember"],"picked":"reliquary:WritOfMandamus"},{"not_picked":[]}],"items_purged_floors":[17],"is_endless":false,"potions_floor_spawned":[1,5,6,11,14,16,18,28],"killed_by":"Slavers","ascension_level":8}}