{"host":"rw1trt79hfpl7pom","time":1613393302,"event":{"mods":["BaseMod","Bestiary","Colored Map","Jorbs\u0027s Wanderer Trilogy","Minty Spire (QoL Compilation)","Relic Stats","StSLib","SuperFastMode"],"gold_per_floor":[118,137,155,166,166,192,192,210,210,135,210,238,238,255,255,329,329,346,346,346,346,360,360,377,402,402,402,5,5,5,83,83,83,83],"floor_reached":33,"language":"ENG","playtime":3339,"items_purged":["stsjorbsmod:Strike_Wanderer"],"score":546,"play_id":"51459e42-f3c6-46c2-8c36-bd92025047a5","local_time":"20210215044822","is_ascension_mode":true,"campfire_choices":[{"floor":7.0,"key":"REST"},{"floor":13.0,"key":"REST"},{"data":"stsjorbsmod:EyeOfTheStorm","floor":15.0,"key":"SMITH"},{"data":"stsjorbsmod:PurgeMind","floor":23,"key":"SMITH"},{"data":"1","floor":27,"key":"LIFT"},{"data":"stsjorbsmod:Patron","floor":29,"key":"SMITH"},{"data":"2","floor":32,"key":"LIFT"}],"circlet_count":0,"master_deck":["AscendersBane","stsjorbsmod:ForbiddenGrimoire+1","stsjorbsmod:Strike_Wanderer","stsjorbsmod:Strike_Wanderer+1","stsjorbsmod:Strike_Wanderer","stsjorbsmod:Defend_Wanderer","stsjorbsmod:Defend_Wanderer","stsjorbsmod:Defend_Wanderer","stsjorbsmod:Defend_Wanderer+1","stsjorbsmod:FreshAdventure","stsjorbsmod:EyeOfTheStorm+1","stsjorbsmod:WeightOfMemory","stsjorbsmod:WanderingMind","stsjorbsmod:Hibernate","stsjorbsmod:CorrodingBarrier+1","stsjorbsmod:BurningFlask+1","stsjorbsmod:TinyHut","stsjorbsmod:PurgeMind+1","stsjorbsmod:ChatteringStrike+1","stsjorbsmod:Materialize+1","stsjorbsmod:Firebolt","stsjorbsmod:RayOfFrost","stsjorbsmod:UnseenServant+1","stsjorbsmod:Patron+1"],"relics":["stsjorbsmod:GrimoireRelic","Torii","Toxic Egg 2","Juzu Bracelet","Runic Pyramid","Nilry\u0027s Codex","Girya","Singing Bowl","FossilizedHelix","Question Card"],"acts_visited":["Exordium","TheCity"],"potions_floor_usage":[33],"damage_taken":[{"damage":1.0,"enemies":"Cultist","floor":1.0,"turns":4.0},{"damage":7.0,"enemies":"Jaw Worm","floor":2.0,"turns":3.0},{"damage":1.0,"enemies":"2 Louse","floor":3.0,"turns":2.0},{"damage":7.0,"enemies":"Blue Slaver","floor":4.0,"turns":4.0},{"damage":27.0,"enemies":"Lagavulin","floor":6.0,"turns":6.0},{"damage":2.0,"enemies":"Exordium Thugs","floor":8.0,"turns":6.0},{"damage":5.0,"enemies":"3 Sentries","floor":12.0,"turns":8.0},{"damage":7.0,"enemies":"Red Slaver","floor":14.0,"turns":3.0},{"damage":7.0,"enemies":"The Guardian","floor":16.0,"turns":16.0},{"damage":1.0,"enemies":"Chosen","floor":18.0,"turns":7.0},{"damage":3.0,"enemies":"3 Byrds","floor":22.0,"turns":2.0},{"damage":0,"enemies":"Snecko","floor":24,"turns":6},{"damage":21,"enemies":"Book of Stabbing","floor":25,"turns":7},{"damage":49,"enemies":"Champ","floor":33,"turns":10}],"seed_played":"-8858622169350902260","potions_obtained":[{"floor":1.0,"key":"stsjorbsmod:LiquidClarity"},{"floor":6.0,"key":"LiquidBronze"},{"floor":8.0,"key":"CultistPotion"},{"floor":12.0,"key":"BlessingOfTheForge"},{"floor":16.0,"key":"Block Potion"}],"is_trial":false,"path_per_floor":["M","M","M","M","?","E","R","M","T","$","?","E","R","M","R","B",null,"M","?","?","?","M","R","M","E","T","R","$","R","?","T","R","B"],"character_chosen":"WANDERER","items_purchased":["FossilizedHelix","stsjorbsmod:Patron"],"campfire_rested":2,"item_purchase_floors":[28,28],"current_hp_per_floor":[58,54,54,50,31,7,25,25,25,25,14,9,27,21,21,14,50,51,51,30,62,59,59,61,40,40,40,40,40,40,40,40,0,0],"gold":83,"neow_bonus":"ONE_RARE_RELIC","is_daily":false,"chose_seed":false,"campfire_upgraded":3,"win_rate":0.0,"timestamp":1613393302,"path_taken":["M","?","?","M","?","E","R","M","T","$","?","E","R","M","R","BOSS","M","?","?","?","M","R","M","E","T","R","?","R","?","?","R","BOSS"],"items_purchased_type":["Relic","Card"],"build_version":"2020-12-22","purchased_purges":1,"victory":false,"max_hp_per_floor":[58,60,60,62,62,62,62,62,62,62,62,62,62,62,62,62,62,62,62,62,62,62,62,62,62,62,62,62,62,62,62,62,62,62],"relic_stats":{"Torii":48,"Singing Bowl":0,"counters":[14,84],"Juzu Bracelet":1,"Question Card":0,"obtain_stats":[{"Girya":25,"Torii":0,"Singing Bowl":26,"Nilry\u0027s Codex":20,"stsjorbsmod:GrimoireRelic":0,"Juzu Bracelet":12,"Toxic Egg 2":6,"Question Card":31,"FossilizedHelix":28,"Runic Pyramid":17},{"Girya":13,"Torii":0,"Singing Bowl":13,"Nilry\u0027s Codex":10,"stsjorbsmod:GrimoireRelic":0,"Juzu Bracelet":7,"Toxic Egg 2":5,"Question Card":13,"FossilizedHelix":13,"Runic Pyramid":9},{"Girya":74,"Torii":0,"Singing Bowl":74,"Nilry\u0027s Codex":59,"stsjorbsmod:GrimoireRelic":0,"Juzu Bracelet":33,"Toxic Egg 2":19,"Question Card":74,"FossilizedHelix":74,"Runic Pyramid":52}]},"card_choices":[{"not_picked":["stsjorbsmod:BlackTentacles","stsjorbsmod:Message"],"picked":"stsjorbsmod:WeightOfMemory","floor":1.0},{"not_picked":["stsjorbsmod:Index","stsjorbsmod:FracturedMind"],"picked":"stsjorbsmod:WanderingMind","floor":2.0},{"not_picked":["stsjorbsmod:MistyStep","stsjorbsmod:Prepare"],"picked":"stsjorbsmod:Hibernate","floor":3.0},{"not_picked":["stsjorbsmod:WanderingMind","stsjorbsmod:AnimateObjects","stsjorbsmod:DoubleCheck"],"picked":"SKIP","floor":4.0},{"not_picked":["stsjorbsmod:Hurt","stsjorbsmod:Thorns+1"],"picked":"stsjorbsmod:CorrodingBarrier+1","floor":6.0},{"not_picked":["stsjorbsmod:MistyStep+1","stsjorbsmod:Prepare+1"],"picked":"stsjorbsmod:BurningFlask+1","floor":8.0},{"not_picked":["stsjorbsmod:Thorns+1","stsjorbsmod:Prepare+1"],"picked":"stsjorbsmod:TinyHut","floor":12.0},{"not_picked":["stsjorbsmod:TollTheDead","stsjorbsmod:Prestidigitation","stsjorbsmod:WanderingMind+1"],"picked":"SKIP","floor":14.0},{"not_picked":["stsjorbsmod:HoldMonster+1","stsjorbsmod:Feast+1"],"picked":"stsjorbsmod:PurgeMind","floor":16.0},{"not_picked":["stsjorbsmod:MistyStep+1","stsjorbsmod:Mania"],"picked":"stsjorbsmod:ChatteringStrike+1","floor":18.0},{"not_picked":["stsjorbsmod:DoubleCheck+1","stsjorbsmod:Index+1"],"picked":"stsjorbsmod:Firebolt","floor":22.0},{"not_picked":["stsjorbsmod:ChainLightning","stsjorbsmod:Message+1"],"picked":"stsjorbsmod:RayOfFrost","floor":24},{"not_picked":["stsjorbsmod:Will+1","stsjorbsmod:Mania"],"picked":"stsjorbsmod:UnseenServant+1","floor":25}],"player_experience":2735199,"relics_obtained":[{"floor":6.0,"key":"Toxic Egg 2"},{"floor":12.0,"key":"Juzu Bracelet"},{"floor":20.0,"key":"Nilry\u0027s Codex"},{"floor":25,"key":"Girya"},{"floor":26,"key":"Singing Bowl"},{"floor":31,"key":"Question Card"}],"event_choices":[{"damage_healed":0.0,"max_hp_gain":0.0,"max_hp_loss":0.0,"gold_gain":0.0,"event_name":"Shining Light","player_choice":"Entered Light","floor":5.0,"gold_loss":0.0,"damage_taken":19.0,"cards_upgraded":["stsjorbsmod:Strike_Wanderer","stsjorbsmod:Defend_Wanderer"]},{"damage_healed":0.0,"max_hp_gain":0.0,"max_hp_loss":0.0,"gold_gain":75.0,"event_name":"World of Goop","player_choice":"Gather Gold","floor":11.0,"gold_loss":0.0,"damage_taken":11.0},{"damage_healed":0.0,"max_hp_gain":0.0,"max_hp_loss":0.0,"gold_gain":0.0,"event_name":"The Library","player_choice":"Read","floor":19.0,"gold_loss":0.0,"damage_taken":0.0,"cards_obtained":["stsjorbsmod:Materialize"]},{"damage_healed":0.0,"max_hp_gain":0.0,"max_hp_loss":0.0,"gold_gain":0.0,"event_name":"Cursed Tome","player_choice":"Obtained Book","floor":20.0,"gold_loss":0.0,"damage_taken":21.0},{"damage_healed":32.0,"max_hp_gain":0.0,"max_hp_loss":0.0,"gold_gain":0.0,"event_name":"Wheel of Change","player_choice":"Full Heal","floor":21.0,"gold_loss":0.0,"damage_taken":0.0},{"damage_healed":0,"gold_gain":0,"player_choice":"Ignored","damage_taken":0,"max_hp_gain":0,"max_hp_loss":0,"event_name":"The Mausoleum","floor":30,"gold_loss":0}],"is_beta":false,"boss_relics":[{"not_picked":["Sozu","SlaversCollar"],"picked":"Runic Pyramid"}],"items_purged_floors":[10],"is_endless":false,"potions_floor_spawned":[1,6,8,12,16,24],"killed_by":"Champ","ascension_level":20}}