{"host":"prxrhpgaxnj4om9r","time":1613397727,"event":{"mods":["AchievementEnabler","BaseMod","Colored Map","DeckTracker","Minty Spire (QoL Compilation)"],"gold_per_floor":[112,123,139,150,165,165,165,165,165,198,208,234,234,234,234,333,333,346,70,96,106,155,155,175,194,194,119,119,119],"floor_reached":28,"language":"KOR","playtime":1751,"items_purged":[],"score":288,"play_id":"1f6824be-b1af-4741-bc7b-141a4519ca12","local_time":"20210215230207","is_ascension_mode":true,"campfire_choices":[{"data":"Backflip","floor":6,"key":"SMITH"},{"floor":8,"key":"REST"},{"floor":13,"key":"REST"},{"floor":15,"key":"REST"},{"floor":23,"key":"REST"}],"circlet_count":0,"master_deck":["Strike_G","Strike_G","Strike_G","Strike_G","Defend_G","Defend_G","Defend_G+1","Defend_G","Defend_G+1","Survivor","Neutralize","Underhanded Strike","Eviscerate","Escape Plan","Backflip+1","Footwork","Footwork","Calculated Gamble","Deadly Poison","Adrenaline","Die Die Die","Sucker Punch+1","Bane","Predator","Leg Sweep+1","Heel Hook+1","Poisoned Stab+1"],"relics":["Ring of the Snake","Bag of Preparation","Sundial","Pear","Bottled Tornado","SacredBark","Kunai","Red Mask","Lantern","Meat on the Bone"],"acts_visited":["Exordium","TheCity"],"potions_floor_usage":[10,11,12,16,28],"damage_taken":[{"damage":4,"enemies":"Cultist","floor":1,"turns":5},{"damage":3,"enemies":"2 Louse","floor":2,"turns":3},{"damage":0,"enemies":"Small Slimes","floor":3,"turns":3},{"damage":0,"enemies":"Exordium Wildlife","floor":4,"turns":3},{"damage":5,"enemies":"2 Fungi Beasts","floor":5,"turns":3},{"damage":21,"enemies":"Gremlin Nob","floor":10,"turns":5},{"damage":5,"enemies":"Blue Slaver","floor":11,"turns":4},{"damage":26,"enemies":"3 Sentries","floor":12,"turns":12},{"damage":25,"enemies":"Slime Boss","floor":16,"turns":17},{"damage":28,"enemies":"Shell Parasite","floor":18,"turns":9},{"damage":30,"enemies":"Masked Bandits","floor":20,"turns":8},{"damage":8,"enemies":"Spheric Guardian","floor":21,"turns":6},{"damage":19,"enemies":"3 Cultists","floor":24,"turns":9},{"damage":1,"enemies":"Centurion and Healer","floor":25,"turns":11},{"damage":10,"enemies":"Snake Plant","floor":28,"turns":2}],"seed_played":"4096262077966758068","potions_obtained":[{"floor":3,"key":"CultistPotion"},{"floor":10,"key":"PowerPotion"},{"floor":11,"key":"CunningPotion"},{"floor":12,"key":"PowerPotion"},{"floor":25,"key":"FearPotion"}],"is_trial":false,"path_per_floor":["M","M","M","M","M","R","?","R","T","E","M","E","R","?","R","B",null,"M","$","?","M","T","R","M","M","T","?","M"],"character_chosen":"THE_SILENT","items_purchased":["Kunai","Bane"],"campfire_rested":4,"item_purchase_floors":[19,19],"current_hp_per_floor":[66,63,63,63,58,58,58,70,70,59,54,28,52,36,60,35,69,41,41,11,3,3,27,8,7,7,7,0,0],"gold":119,"neow_bonus":"RANDOM_COMMON_RELIC","is_daily":false,"chose_seed":false,"campfire_upgraded":1,"win_rate":0.0,"timestamp":1613397727,"path_taken":["M","M","M","?","M","R","?","R","T","E","?","E","R","?","R","BOSS","M","$","?","M","?","R","M","M","T","?","M"],"items_purchased_type":["Relic","Card"],"build_version":"2020-12-22","purchased_purges":0,"victory":false,"max_hp_per_floor":[70,70,70,70,70,70,70,70,70,80,80,80,80,80,80,80,80,80,80,80,80,80,80,80,80,80,80,80,80],"card_choices":[{"not_picked":["Calculated Gamble","Riddle With Holes"],"picked":"Underhanded Strike","floor":1},{"not_picked":["Acrobatics","Crippling Poison"],"picked":"Eviscerate","floor":2},{"not_picked":["Cloak And Dagger","Dagger Spray"],"picked":"Escape Plan","floor":3},{"not_picked":["Concentrate","Underhanded Strike"],"picked":"Backflip","floor":4},{"not_picked":["Eviscerate","Prepared"],"picked":"Footwork","floor":5},{"not_picked":["PiercingWail","Burst"],"picked":"Calculated Gamble","floor":10},{"not_picked":["Setup","Flying Knee"],"picked":"Deadly Poison","floor":11},{"not_picked":["Dodge and Roll","Bane"],"picked":"Adrenaline","floor":12},{"not_picked":["Envenom","Unload"],"picked":"Die Die Die","floor":16},{"not_picked":["Backflip","Poisoned Stab"],"picked":"Sucker Punch+1","floor":18},{"not_picked":["Noxious Fumes","Poisoned Stab"],"picked":"Predator","floor":20},{"not_picked":["Poisoned Stab+1","PiercingWail+1"],"picked":"Leg Sweep+1","floor":21},{"not_picked":["Dagger Spray","PiercingWail"],"picked":"Heel Hook+1","floor":24},{"not_picked":["Concentrate+1","Distraction"],"picked":"Poisoned Stab+1","floor":25}],"player_experience":464869,"relics_obtained":[{"floor":9,"key":"Sundial"},{"floor":10,"key":"Pear"},{"floor":12,"key":"Bottled Tornado"},{"floor":20,"key":"Red Mask"},{"floor":22,"key":"Lantern"},{"floor":26,"key":"Meat on the Bone"}],"event_choices":[{"damage_healed":0,"gold_gain":0,"player_choice":"1 cards matched","damage_taken":0,"max_hp_gain":0,"max_hp_loss":0,"event_name":"Match and Keep!","floor":7,"gold_loss":0,"cards_obtained":["Footwork"]},{"damage_healed":0,"gold_gain":0,"player_choice":"Entered Light","damage_taken":16,"max_hp_gain":0,"max_hp_loss":0,"event_name":"Shining Light","floor":14,"gold_loss":0,"cards_upgraded":["Defend_G","Defend_G"]},{"damage_healed":0,"gold_gain":0,"player_choice":"Fought Bandits","damage_taken":0,"max_hp_gain":0,"max_hp_loss":0,"event_name":"Masked Bandits","floor":20,"gold_loss":0},{"cards_removed":["Strike_G"],"damage_healed":0,"gold_gain":0,"player_choice":"Gave Gold","damage_taken":0,"max_hp_gain":0,"max_hp_loss":0,"event_name":"Beggar","floor":27,"gold_loss":75}],"is_beta":false,"boss_relics":[{"not_picked":["Ectoplasm","Coffee Dripper"],"picked":"SacredBark"}],"items_purged_floors":[],"is_endless":false,"potions_floor_spawned":[3,10,11,12,25],"killed_by":"Snake Plant","ascension_level":5}}