{"host":"qxt9611uhnemh1bn","time":1613411841,"event":{"mods":["AchievementEnabler","BaseMod","Minty Spire (QoL Compilation)","StSLib"],"gold_per_floor":[15,30,49,60,60,60,90,105,105,136,153,228,248,265,265,364,364,384,384,400,419,431,465,465,308,331,343,125,125,156,71,71,71,71],"floor_reached":33,"language":"ENG","playtime":1678,"items_purged":["Strike_B"],"score":301,"play_id":"35b3a26f-3910-4d4d-a23d-4677023b2352","local_time":"20210215115721","is_ascension_mode":false,"campfire_choices":[{"data":"Genetic Algorithm","floor":6,"key":"SMITH"},{"floor":15,"key":"REST"},{"floor":24,"key":"REST"},{"data":"Consume","floor":29,"key":"SMITH"},{"floor":32,"key":"REST"}],"circlet_count":0,"master_deck":["Strike_B","Strike_B","Defend_B","Defend_B","Defend_B","Defend_B","Zap","Dualcast","Streamline","Ball Lightning","Genetic Algorithm+1","Cold Snap","BootSequence","Sweeping Beam","Loop","Electrodynamics","Machine Learning","Consume+1","Fusion+1","Self Repair+1","Conserve Battery+1","Conserve Battery","Force Field","Leap+1","Core Surge","Reinforced Body"],"relics":["Cracked Core","FossilizedHelix","Du-Vu Doll","InkBottle","Torii","Inserter","Ornamental Fan","Orrery","Potion Belt","MealTicket","Cables","Orichalcum"],"acts_visited":["Exordium","TheCity"],"potions_floor_usage":[15,23,23,23,27],"damage_taken":[{"damage":0,"enemies":"Cultist","floor":1,"turns":4},{"damage":0,"enemies":"Jaw Worm","floor":2,"turns":3},{"damage":0,"enemies":"2 Louse","floor":3,"turns":3},{"damage":0,"enemies":"Large Slime","floor":4,"turns":3},{"damage":12,"enemies":"Gremlin Nob","floor":7,"turns":4},{"damage":0,"enemies":"2 Fungi Beasts","floor":8,"turns":4},{"damage":7,"enemies":"Lagavulin","floor":10,"turns":5},{"damage":0,"enemies":"Exordium Wildlife","floor":11,"turns":3},{"damage":8,"enemies":"Exordium Thugs","floor":13,"turns":5},{"damage":0,"enemies":"2 Fungi Beasts","floor":14,"turns":2},{"damage":5,"enemies":"The Guardian","floor":16,"turns":11},{"damage":0,"enemies":"Chosen","floor":18,"turns":5},{"damage":10,"enemies":"Spheric Guardian","floor":20,"turns":4},{"damage":22,"enemies":"Cultist and Chosen","floor":21,"turns":5},{"damage":27,"enemies":"Sentry and Sphere","floor":22,"turns":7},{"damage":18,"enemies":"Gremlin Leader","floor":23,"turns":5},{"damage":0,"enemies":"Snecko","floor":27,"turns":6},{"damage":34,"enemies":"Book of Stabbing","floor":30,"turns":7},{"damage":48,"enemies":"Champ","floor":33,"turns":11}],"seed_played":"-5846785737765516299","potions_obtained":[{"floor":7,"key":"Fruit Juice"},{"floor":8,"key":"SneckoOil"},{"floor":13,"key":"Explosive Potion"},{"floor":14,"key":"FearPotion"},{"floor":20,"key":"BlessingOfTheForge"},{"floor":21,"key":"DistilledChaos"},{"floor":23,"key":"DuplicationPotion"},{"floor":27,"key":"LiquidBronze"}],"is_trial":false,"path_per_floor":["M","M","M","M","?","R","E","M","T","E","M","?","M","M","R","B",null,"M","?","M","M","M","E","R","$","T","M","$","R","E","?","R","B"],"character_chosen":"DEFECT","items_purchased":["Orrery","MealTicket"],"campfire_rested":3,"item_purchase_floors":[25,28],"current_hp_per_floor":[75,75,75,75,75,75,63,63,63,56,56,45,37,37,66,61,80,80,80,70,48,21,3,27,27,27,37,37,37,13,13,37,0,0],"gold":71,"neow_bonus":"ONE_RARE_RELIC","is_daily":false,"chose_seed":false,"campfire_upgraded":2,"win_rate":0.0,"timestamp":1613411841,"path_taken":["M","M","M","M","?","R","E","?","T","E","M","?","M","M","R","BOSS","M","?","M","M","M","E","R","$","T","M","$","R","E","?","R","BOSS"],"items_purchased_type":["Relic","Relic"],"build_version":"2020-12-22","purchased_purges":1,"victory":false,"max_hp_per_floor":[75,75,75,75,75,75,75,75,75,75,75,75,75,75,80,80,80,80,80,80,80,80,80,80,80,80,80,80,80,80,80,80,80,80],"card_choices":[{"not_picked":["Turbo","Conserve Battery"],"picked":"Streamline","floor":1},{"not_picked":["Sweeping Beam","Steam"],"picked":"Ball Lightning","floor":2},{"not_picked":["Reinforced Body","Gash"],"picked":"Genetic Algorithm","floor":3},{"not_picked":["Beam Cell","Ball Lightning"],"picked":"Cold Snap","floor":4},{"not_picked":["Steam Power","BootSequence","Fission"],"picked":"SKIP","floor":7},{"not_picked":["Gash","Stack","Scrape"],"picked":"SKIP","floor":8},{"not_picked":["Redo","Recycle","FTL"],"picked":"SKIP","floor":10},{"not_picked":["Streamline","Blizzard"],"picked":"Sweeping Beam","floor":11},{"not_picked":["Turbo","Ball Lightning"],"picked":"Loop","floor":13},{"not_picked":["BootSequence","Gash"],"picked":"Electrodynamics","floor":14},{"not_picked":["Reboot","Buffer"],"picked":"Machine Learning","floor":16},{"not_picked":["Ball Lightning+1","Stack"],"picked":"Consume","floor":18},{"not_picked":["Ball Lightning","Go for the Eyes","Turbo"],"picked":"SKIP","floor":20},{"not_picked":["Rebound+1","Recycle"],"picked":"Fusion+1","floor":21},{"not_picked":["Reprogram","Ball Lightning","Cold Snap"],"picked":"SKIP","floor":22},{"not_picked":["Chaos","Go for the Eyes+1","Scrape+1"],"picked":"SKIP","floor":23},{"not_picked":["Streamline","Melter"],"picked":"Self Repair+1","floor":25},{"not_picked":["Sunder+1","Scrape"],"picked":"Conserve Battery+1","floor":25},{"not_picked":["Consume","Streamline"],"picked":"Conserve Battery","floor":25},{"not_picked":["FTL+1","Streamline"],"picked":"Force Field","floor":25},{"not_picked":["Loop+1","Reprogram+1"],"picked":"Leap+1","floor":25},{"not_picked":["Barrage","Sweeping Beam"],"picked":"Core Surge","floor":27},{"not_picked":["Rebound","Chaos+1"],"picked":"Reinforced Body","floor":30}],"player_experience":248157,"relics_obtained":[{"floor":7,"key":"Du-Vu Doll"},{"floor":9,"key":"InkBottle"},{"floor":10,"key":"Torii"},{"floor":23,"key":"Ornamental Fan"},{"floor":26,"key":"Potion Belt"},{"floor":30,"key":"Cables"}],"event_choices":[{"damage_healed":0,"gold_gain":0,"cards_transformed":["Strike_B"],"player_choice":"Transformed","damage_taken":0,"max_hp_gain":0,"max_hp_loss":0,"event_name":"Transmorgrifier","floor":5,"gold_loss":0,"cards_obtained":["BootSequence"]},{"damage_healed":0,"gold_gain":75,"player_choice":"Gather Gold","damage_taken":11,"max_hp_gain":0,"max_hp_loss":0,"event_name":"World of Goop","floor":12,"gold_loss":0},{"damage_healed":0,"gold_gain":0,"player_choice":"Ignored","damage_taken":0,"max_hp_gain":0,"max_hp_loss":0,"event_name":"Vampires","floor":19,"gold_loss":0},{"damage_healed":0,"gold_gain":0,"player_choice":"Obtained Relic","damage_taken":0,"relics_obtained":["Orichalcum"],"max_hp_gain":0,"max_hp_loss":0,"event_name":"Addict","floor":31,"gold_loss":85}],"is_beta":false,"boss_relics":[{"not_picked":["Pandora\u0027s Box","Snecko Eye"],"picked":"Inserter"}],"items_purged_floors":[28],"is_endless":false,"potions_floor_spawned":[7,8,13,14,20,21,23,27],"killed_by":"Champ","ascension_level":0}}