{"host":"wrdw6zkxuilnr6rg","time":1613288930,"event":{"mods":["BaseMod","Colored Powertips","Hermit","Highlight Path","Minty Spire (QoL Compilation)","Relic Stats","StSLib"],"gold_per_floor":[361,361,44,54,54,88,88,122,149,178,178,178,78,109,109,181,181,197,247,261,275,292,292,304,304,304,320,320,346,346,346,346,346,346],"floor_reached":33,"language":"ENG","playtime":1453,"items_purged":["Defend_P","Strike_P"],"score":681,"play_id":"d36edf51-cc51-4cc4-88b1-08b97e4af5e8","local_time":"20210214104850","is_ascension_mode":true,"campfire_choices":[{"data":"Eruption","floor":7.0,"key":"SMITH"},{"data":"SignatureMove","floor":11.0,"key":"SMITH"},{"data":"CrushJoints","floor":15,"key":"SMITH"},{"data":"SpiritShield","floor":23,"key":"SMITH"},{"floor":25,"key":"REST"},{"data":"Crescendo","floor":28,"key":"SMITH"},{"data":"Perseverance","floor":30,"key":"SMITH"},{"floor":32,"key":"REST"}],"circlet_count":0,"master_deck":["AscendersBane","Strike_P","Defend_P","Defend_P","Defend_P","Eruption+1","Vigilance","CrushJoints+1","SignatureMove+1","Wireheading","FearNoEvil","Crescendo+1","SpiritShield+1","Perseverance+1"],"relics":["PureWater","TheAbacus","Omamori","Lizard Tail","Ancient Tea Set","CaptainsWheel","Art of War","Busted Crown","Regal Pillow","Mummified Hand"],"acts_visited":["Exordium","TheCity"],"potions_floor_usage":[14,16,22,31,33],"damage_taken":[{"damage":0.0,"enemies":"Small Slimes","floor":1.0,"turns":2.0},{"damage":0.0,"enemies":"Cultist","floor":4.0,"turns":4.0},{"damage":0.0,"enemies":"Lagavulin","floor":6.0,"turns":3.0},{"damage":0.0,"enemies":"Gremlin Nob","floor":8.0,"turns":2.0},{"damage":15.0,"enemies":"3 Sentries","floor":10.0,"turns":7.0},{"damage":1,"enemies":"Lagavulin","floor":14,"turns":5},{"damage":2,"enemies":"The Guardian","floor":16,"turns":5},{"damage":15,"enemies":"2 Thieves","floor":18,"turns":3},{"damage":0,"enemies":"Spheric Guardian","floor":20,"turns":3},{"damage":9,"enemies":"Snake Plant","floor":21,"turns":3},{"damage":0,"enemies":"3 Cultists","floor":22,"turns":4},{"damage":52,"enemies":"Shelled Parasite and Fungi","floor":24,"turns":3},{"damage":0,"enemies":"Cultist and Chosen","floor":27,"turns":4},{"damage":18,"enemies":"Gremlin Leader","floor":29,"turns":3},{"damage":0,"enemies":"Chosen and Byrds","floor":31,"turns":1},{"damage":79,"enemies":"Collector","floor":33,"turns":7}],"seed_played":"8118771246696796793","potions_obtained":[{"floor":6.0,"key":"Weak Potion"},{"floor":8.0,"key":"DistilledChaos"},{"floor":10.0,"key":"Swift Potion"},{"floor":21,"key":"LiquidMemories"},{"floor":24,"key":"GamblersBrew"},{"floor":27,"key":"SmokeBomb"}],"is_trial":false,"path_per_floor":["M","?","$","M","$","E","R","E","T","E","R","?","$","E","R","B",null,"M","?","M","M","M","R","M","R","T","M","R","E","R","M","R","B"],"character_chosen":"WATCHER","items_purchased":["TheAbacus","SignatureMove"],"campfire_rested":2,"item_purchase_floors":[3,3],"current_hp_per_floor":[43,43,43,43,43,43,43,43,43,28,28,21,21,20,20,18,56,41,41,41,32,32,32,34,54,54,54,54,36,36,36,68,0,0],"gold":346,"neow_bonus":"TWO_FIFTY_GOLD","is_daily":false,"chose_seed":false,"campfire_upgraded":6,"win_rate":0.0,"timestamp":1613288930,"path_taken":["M","?","$","?","$","E","R","E","T","E","R","?","$","E","R","BOSS","M","?","?","?","M","R","M","R","T","M","R","E","R","M","R","BOSS"],"items_purchased_type":["Relic","Card"],"build_version":"2020-12-22","purchased_purges":2,"victory":false,"max_hp_per_floor":[68,68,68,68,68,68,68,68,68,68,68,68,68,68,68,68,68,68,68,68,68,68,68,68,68,68,68,68,68,68,68,68,68,68],"relic_stats":{"Lizard Tail":34,"Regal Pillow":12,"TheAbacus":[132],"Busted Crown":14,"counters":[16,59],"Mummified Hand":[1],"Art of War":[1],"obtain_stats":[{"Lizard Tail":8,"CaptainsWheel":10,"Regal Pillow":26,"TheAbacus":3,"Busted Crown":17,"Mummified Hand":29,"Omamori":6,"Art of War":14,"PureWater":0,"Ancient Tea Set":9},{"Lizard Tail":4,"CaptainsWheel":5,"Regal Pillow":12,"TheAbacus":1,"Busted Crown":7,"Mummified Hand":14,"Omamori":3,"Art of War":6,"PureWater":0,"Ancient Tea Set":4},{"Lizard Tail":11,"CaptainsWheel":18,"Regal Pillow":44,"TheAbacus":2,"Busted Crown":28,"Mummified Hand":51,"Omamori":9,"Art of War":23,"PureWater":0,"Ancient Tea Set":11}]},"card_choices":[{"not_picked":["ClearTheMind","FlurryOfBlows"],"picked":"CrushJoints","floor":1.0},{"not_picked":["ClearTheMind","Evaluate"],"picked":"Wireheading","floor":4.0},{"not_picked":["Meditate","Pray"],"picked":"FearNoEvil","floor":10.0},{"not_picked":["PathToVictory","BowlingBash"],"picked":"Crescendo","floor":14},{"not_picked":["DeusExMachina","Scrawl"],"picked":"SpiritShield","floor":16},{"not_picked":["Weave+1"],"picked":"SKIP","floor":20},{"not_picked":["CutThroughFate"],"picked":"SKIP","floor":21},{"not_picked":[],"picked":"Perseverance","floor":29}],"player_experience":1570387,"relics_obtained":[{"floor":6.0,"key":"Omamori"},{"floor":8.0,"key":"Lizard Tail"},{"floor":9.0,"key":"Ancient Tea Set"},{"floor":10.0,"key":"CaptainsWheel"},{"floor":14,"key":"Art of War"},{"floor":26,"key":"Regal Pillow"},{"floor":29,"key":"Mummified Hand"}],"event_choices":[{"cards_removed":["Strike_P"],"damage_healed":0.0,"max_hp_gain":0.0,"max_hp_loss":0.0,"gold_gain":0.0,"event_name":"Bonfire Elementals","player_choice":"Offered Basic","floor":2.0,"gold_loss":0.0,"damage_taken":0.0},{"cards_removed":["Strike_P"],"damage_healed":0.0,"max_hp_gain":0.0,"max_hp_loss":0.0,"gold_gain":0.0,"event_name":"Golden Wing","player_choice":"Card Removal","floor":12.0,"gold_loss":0.0,"damage_taken":7.0},{"damage_healed":0,"gold_gain":50,"player_choice":"Pray","damage_taken":0,"max_hp_gain":0,"max_hp_loss":0,"event_name":"Golden Shrine","floor":19,"gold_loss":0}],"is_beta":false,"boss_relics":[{"not_picked":["HolyWater","Ectoplasm"],"picked":"Busted Crown"}],"items_purged_floors":[3,13],"is_endless":false,"potions_floor_spawned":[6,8,10,21,24,27,31],"killed_by":"Collector","ascension_level":17}}