{"host":"e4udrxcgdvpx3wcj","time":1613423438,"event":{"mods":["Act Like it!","Aspiration","Astrologer","BaseMod","Gensokyo","Highlight Path","Infinite Spire","Koishi","Marisa????????","Minty Spire (QoL Compilation)","Replay The Spire","StSLib","SuperFastMode","The Bug Knight","The Construct","The Jungle","The Runesmith","The Servant 0.9.4","TheBandit"],"gold_per_floor":[119,138,59,59,59,59,93,93,93,104,51,51,262,273,273,345,345,355,437,437,437,454,469,469,469],"floor_reached":24,"language":"ENG","playtime":1427,"items_purged":[],"score":326,"play_id":"32209e17-fca7-4b9c-a517-e41b5c75de64","local_time":"20210215161038","is_ascension_mode":true,"campfire_choices":[{"data":"Runesmith:CraftMagma","floor":6,"key":"SMITH"},{"data":"Runesmith:OneForEveryone","floor":8,"key":"SMITH"},{"data":"Runesmith:Grindstone","floor":12,"key":"SMITH"},{"floor":15,"key":"REST"}],"circlet_count":0,"master_deck":["AscendersBane","Runesmith:Strike_RS","Runesmith:Strike_RS","Runesmith:Strike_RS","Runesmith:Strike_RS","Runesmith:Defend_RS","Runesmith:Defend_RS","Runesmith:Defend_RS","Runesmith:Defend_RS","Runesmith:CraftFirestone","Runesmith:Fortify","Runesmith:DuctTape","Runesmith:CraftMagma+1","Runesmith:HammerAndChisel","Runesmith:OneForEveryone+1","Runesmith:Grindstone+1","Runesmith:HammerThrow","Pot Of Greed","Pot Of Greed","Runesmith:CraftIncendium","Runesmith:Repurpose","Runesmith:Duplicate","CurseOfTheBell","Runesmith:Repurpose","Runesmith:CraftMagma","Runesmith:UnlimitedPower","Pot Of Greed","Runesmith:CraftObretio"],"relics":["Runesmith:BrokenRuby","Mango","Runesmith:MiniCore","Peace Pipe","Grinning Jar","Calling Bell","Bag of Marbles","Shuriken","Pocketwatch","ReplayFunnel"],"acts_visited":["Gensokyo:Gensokyo","TheCity"],"potions_floor_usage":[23,24,24],"damage_taken":[{"damage":3,"enemies":"Gensokyo:Gryphon","floor":1,"turns":4},{"damage":5,"enemies":"Gensokyo:2_Kodama","floor":2,"turns":5},{"damage":19,"enemies":"Gensokyo:Cirno","floor":7,"turns":9},{"damage":1,"enemies":"Gensokyo:3_Fairies","floor":10,"turns":6},{"damage":16,"enemies":"Gensokyo:3_Kodama","floor":13,"turns":5},{"damage":11,"enemies":"Gensokyo:CorruptedTreant","floor":14,"turns":4},{"damage":26,"enemies":"Gensokyo:Yukari","floor":16,"turns":8},{"damage":31,"enemies":"Spheric Guardian","floor":18,"turns":6},{"damage":4,"enemies":"Chosen","floor":22,"turns":4},{"damage":4,"enemies":"Centurion and Healer","floor":23,"turns":6},{"damage":2,"enemies":"Shelled Parasite and Fungi","floor":24,"turns":1}],"seed_played":"-8395178969457246201","potions_obtained":[{"floor":7,"key":"BlessingOfTheForge"},{"floor":13,"key":"SteroidPotion"},{"floor":16,"key":"LiquidMemories"},{"floor":22,"key":"Adrenaline Potion"},{"floor":23,"key":"Weak Potion"}],"is_trial":false,"path_per_floor":["M","M","COS","?","?","R","E","R","T","M","$","R","M","M","R","B",null,"M","?","PTL","PTL","M","M","M"],"character_chosen":"RUNESMITH_CLASS","items_purchased":["Runesmith:HammerThrow"],"campfire_rested":1,"item_purchase_floors":[11],"current_hp_per_floor":[56,51,51,44,52,52,33,33,33,32,32,32,16,5,29,3,61,30,10,10,10,6,2,0,0],"gold":469,"neow_bonus":"ONE_RANDOM_RARE_CARD","is_daily":false,"chose_seed":false,"campfire_upgraded":3,"win_rate":0.0,"timestamp":1613423438,"path_taken":["M","M","COS","?","?","R","E","R","T","M","$","R","M","M","R","BOSS","M","?","PTL","PTL","M","M","M"],"items_purchased_type":["Card"],"build_version":"2020-12-22","purchased_purges":0,"victory":false,"max_hp_per_floor":[66,66,66,80,80,80,80,80,80,80,80,80,80,80,80,80,80,80,80,80,80,80,80,80,80],"card_choices":[{"not_picked":["Runesmith:Repurpose","Runesmith:BackupBattery"],"picked":"Runesmith:CraftMagma","floor":1},{"not_picked":["Runesmith:Repurpose","Runesmith:EnergizedChisel"],"picked":"Runesmith:HammerAndChisel","floor":2},{"not_picked":["Runesmith:LightningRod","Runesmith:HeatedChisel"],"picked":"Runesmith:OneForEveryone","floor":7},{"not_picked":["Runesmith:Augment","Runesmith:ChiselStab"],"picked":"Runesmith:Grindstone","floor":10},{"not_picked":["Runesmith:HammerThrow","Runesmith:CraftReservo"],"picked":"Runesmith:CraftIncendium","floor":13},{"not_picked":["Runesmith:EnergizedChisel","Runesmith:Accelerate"],"picked":"Runesmith:Repurpose","floor":14},{"not_picked":["Runesmith:LastStand","Runesmith:DuctTape"],"picked":"Runesmith:Duplicate","floor":16},{"not_picked":["Runesmith:Malloc","Runesmith:ShiftingStrike"],"picked":"Runesmith:Repurpose","floor":18},{"not_picked":["Runesmith:Firestorm","Runesmith:PoweredAnvil"],"picked":"Runesmith:CraftMagma","floor":19},{"not_picked":["Runesmith:UnstableHammer","Runesmith:PerfectChisel"],"picked":"Runesmith:UnlimitedPower","floor":19},{"not_picked":["Runesmith:CraftReservo","Runesmith:CraftProtectio","Runesmith:NegativeSpace"],"picked":"SKIP","floor":22},{"not_picked":["Runesmith:EarthShield","Runesmith:BackupBattery+1"],"picked":"Runesmith:CraftObretio","floor":23}],"player_experience":2403005,"relics_obtained":[{"floor":7,"key":"Runesmith:MiniCore"},{"floor":9,"key":"Peace Pipe"},{"floor":17,"key":"Bag of Marbles"},{"floor":17,"key":"Shuriken"},{"floor":17,"key":"Pocketwatch"},{"floor":19,"key":"ReplayFunnel"}],"event_choices":[],"is_beta":false,"boss_relics":[{"not_picked":["aspiration:IroncladSkillbook","aspiration:RunicSpoon"],"picked":"Calling Bell"}],"items_purged_floors":[],"is_endless":false,"potions_floor_spawned":[7,13,14,16,22,23],"killed_by":"Shelled Parasite and Fungi","ascension_level":14}}