{"host":"q393yg6r5o2yq652","time":1613405585,"event":{"mods":["BaseMod","Colored Map","Minty Spire (QoL Compilation)","Permanent Neow","Relic Stats","everything is the same but u backflip on backflip"],"gold_per_floor":[112,122,139,139,156,156,182,182,208,87,100,100,100,100],"floor_reached":13,"language":"ENG","playtime":367,"items_purged":["Defend_R"],"score":89,"play_id":"3a6c22ab-6728-429e-a6cc-e9cf5a04bf5f","local_time":"20210215111305","is_ascension_mode":true,"campfire_choices":[{"data":"Bash","floor":6.0,"key":"SMITH"},{"data":"Sword Boomerang","floor":8.0,"key":"SMITH"},{"data":"Battle Trance","floor":12.0,"key":"SMITH"}],"circlet_count":0,"master_deck":["Strike_R","Strike_R","Strike_R","Strike_R","Strike_R","Defend_R","Defend_R","Defend_R","Bash+1","Heavy Blade","Sword Boomerang+1","Battle Trance+1"],"relics":["Burning Blood","Smiling Mask","PreservedInsect","CeramicFish"],"acts_visited":["Exordium"],"potions_floor_usage":[],"damage_taken":[{"damage":2.0,"enemies":"Small Slimes","floor":1.0,"turns":4.0},{"damage":5.0,"enemies":"Cultist","floor":2.0,"turns":4.0},{"damage":4.0,"enemies":"2 Louse","floor":3.0,"turns":3.0},{"damage":28.0,"enemies":"Exordium Thugs","floor":5.0,"turns":6.0},{"damage":28.0,"enemies":"Gremlin Nob","floor":7.0,"turns":5.0},{"damage":12.0,"enemies":"Blue Slaver","floor":11.0,"turns":2.0},{"damage":31,"enemies":"Lagavulin","floor":13,"turns":3}],"seed_played":"-7667777319636000712","potions_obtained":[{"floor":3.0,"key":"LiquidBronze"},{"floor":5.0,"key":"Dexterity Potion"},{"floor":11.0,"key":"PowerPotion"}],"is_trial":false,"path_per_floor":["M","M","M","?","M","R","E","R","T","$","M","R","E"],"character_chosen":"IRONCLAD","items_purchased":["Battle Trance"],"campfire_rested":0,"item_purchase_floors":[10],"current_hp_per_floor":[80,80,80,80,58,58,36,36,36,36,30,30,0,0],"gold":100,"neow_bonus":"RANDOM_COMMON_RELIC","is_daily":false,"chose_seed":false,"campfire_upgraded":3,"win_rate":0.0,"timestamp":1613405585,"path_taken":["M","M","M","?","M","R","E","R","T","$","M","R","E"],"items_purchased_type":["Card"],"build_version":"2020-12-22","purchased_purges":1,"victory":false,"max_hp_per_floor":[80,80,80,80,80,80,80,80,80,80,80,80,80,80],"relic_stats":{"counters":[7,27],"CeramicFish":9,"PreservedInsect":28,"Smiling Mask":25,"obtain_stats":[{"CeramicFish":9,"PreservedInsect":7,"Smiling Mask":0,"Burning Blood":0},{"CeramicFish":5,"PreservedInsect":5,"Smiling Mask":0,"Burning Blood":0},{"CeramicFish":22,"PreservedInsect":22,"Smiling Mask":0,"Burning Blood":0}],"Burning Blood":29},"card_choices":[{"not_picked":["Cleave","Intimidate","Twin Strike"],"picked":"SKIP","floor":1.0},{"not_picked":["Iron Wave","Pommel Strike","Wild Strike"],"picked":"SKIP","floor":2.0},{"not_picked":["Clash","Havoc","Twin Strike"],"picked":"SKIP","floor":3.0},{"not_picked":["Berserk","Thunderclap"],"picked":"Heavy Blade","floor":5.0},{"not_picked":["Cleave","Havoc"],"picked":"Sword Boomerang","floor":7.0},{"not_picked":["Clothesline","Searing Blow","Body Slam"],"picked":"SKIP","floor":11.0}],"player_experience":327294,"relics_obtained":[{"floor":7.0,"key":"PreservedInsect"},{"floor":9.0,"key":"CeramicFish"}],"event_choices":[{"damage_healed":0.0,"max_hp_gain":0.0,"max_hp_loss":0.0,"gold_gain":0.0,"event_name":"NoteForYourself","player_choice":"Ignored","floor":4.0,"gold_loss":0.0,"damage_taken":0.0}],"is_beta":false,"boss_relics":[],"items_purged_floors":[10],"is_endless":false,"potions_floor_spawned":[3,5,11],"killed_by":"Lagavulin","ascension_level":1}}