{"host":"362zhnvmfmhc3u7b","time":1613365205,"event":{"mods":["BaseMod","Colored Powertips","Minty Spire (QoL Compilation)","Quick Restart","Rare Cards Sparkle","StSLib"],"gold_per_floor":[117,117,117,127,44,75,75,106,161,161,171,187,205,33,33,109,109,125,136,61,61,80,80,107,107,107,107,107,125,125,138,138,215,215,225,241,23,34,88,88,98,98,178,189,189,0,325,335,335,335,335],"floor_reached":50,"language":"ENG","playtime":4412,"items_purged":[],"score":994,"play_id":"65a74c47-5a72-4cee-8a75-a6cb4395a8f0","local_time":"20210215000005","is_ascension_mode":true,"campfire_choices":[{"data":"Creative AI","floor":7.0,"key":"SMITH"},{"data":"Undo","floor":15.0,"key":"SMITH"},{"data":"Hologram","floor":23.0,"key":"SMITH"},{"data":"Defragment","floor":25.0,"key":"SMITH"},{"data":"Seek","floor":27.0,"key":"SMITH"},{"floor":32.0,"key":"REST"},{"floor":40,"key":"REST"},{"data":"Buffer","floor":42,"key":"SMITH"},{"data":"Fission","floor":45,"key":"SMITH"},{"floor":49,"key":"REST"}],"circlet_count":0,"master_deck":["AscendersBane","Defend_B","Defend_B+1","Dualcast+1","Chill","Ball Lightning","Seek+1","Creative AI+1","Go for the Eyes","Conserve Battery","Undo+1","Conserve Battery","Amplify","Stack+1","Rainbow+1","Ball Lightning+1","Defragment+1","Coolheaded","Hologram+1","Turbo+1","Sweeping Beam+1","Consume","Buffer+1","Hologram","Seek+1","Fission+1","Recycle+1","Hologram","Steam Power"],"relics":["NeowsBlessing","War Paint","Blood Vial","Orichalcum","Nunchaku","OrangePellets","Astrolabe","Regal Pillow","Symbiotic Virus","Nloth\u0027s Gift","Inserter","DollysMirror","Vajra","Red Mask","Old Coin"],"acts_visited":["Exordium","TheCity","TheBeyond"],"potions_floor_usage":[36,38,47,50],"damage_taken":[{"damage":0.0,"enemies":"Jaw Worm","floor":1.0,"turns":1.0},{"damage":0.0,"enemies":"2 Louse","floor":4.0,"turns":1.0},{"damage":0.0,"enemies":"3 Sentries","floor":6.0,"turns":1.0},{"damage":8.0,"enemies":"Lagavulin","floor":8.0,"turns":6.0},{"damage":1.0,"enemies":"Cultist","floor":11.0,"turns":4.0},{"damage":3.0,"enemies":"Red Slaver","floor":12.0,"turns":2.0},{"damage":6.0,"enemies":"Looter","floor":13.0,"turns":3.0},{"damage":20.0,"enemies":"Slime Boss","floor":16.0,"turns":4.0},{"damage":7.0,"enemies":"Shell Parasite","floor":18.0,"turns":5.0},{"damage":9.0,"enemies":"Spheric Guardian","floor":19.0,"turns":6.0},{"damage":0.0,"enemies":"Snecko","floor":22.0,"turns":7.0},{"damage":13.0,"enemies":"Book of Stabbing","floor":24.0,"turns":6.0},{"damage":16.0,"enemies":"Centurion and Healer","floor":29.0,"turns":9.0},{"damage":5.0,"enemies":"Sentry and Sphere","floor":31.0,"turns":8.0},{"damage":10.0,"enemies":"Collector","floor":33.0,"turns":11.0},{"damage":0.0,"enemies":"3 Shapes","floor":35.0,"turns":10.0},{"damage":6,"enemies":"3 Darklings","floor":36,"turns":9},{"damage":34,"enemies":"4 Shapes","floor":38,"turns":7},{"damage":30,"enemies":"Transient","floor":41,"turns":6},{"damage":9,"enemies":"3 Darklings","floor":44,"turns":9},{"damage":0,"enemies":"Mind Bloom Boss Battle","floor":47,"turns":10},{"damage":0,"enemies":"4 Shapes","floor":48,"turns":7},{"damage":72,"enemies":"Donu and Deca","floor":50,"turns":9}],"seed_played":"1435605507073060360","potions_obtained":[{"floor":1.0,"key":"Explosive Potion"},{"floor":11.0,"key":"FairyPotion"},{"floor":12.0,"key":"GamblersBrew"},{"floor":18.0,"key":"CultistPotion"},{"floor":31.0,"key":"ColorlessPotion"},{"floor":35.0,"key":"AttackPotion"},{"floor":44,"key":"ColorlessPotion"},{"floor":47,"key":"Weak Potion"}],"is_trial":false,"path_per_floor":["M","?","?","M","$","E","R","E","T","?","M","M","M","$","R","B",null,"M","M","?","?","M","R","E","R","T","R","?","M","?","M","R","B",null,"M","M","$","M","T","R","M","R","T","M","R","?","?","M","R","B"],"character_chosen":"DEFECT","items_purchased":["Seek","OrangePellets","DollysMirror","PowerPotion"],"campfire_rested":3,"item_purchase_floors":[5,14,37,37],"current_hp_per_floor":[64,57,46,46,46,46,46,40,40,71,70,68,64,64,64,46,65,60,53,53,53,55,55,44,44,44,44,44,30,30,27,63,55,67,69,65,65,33,33,69,41,41,41,34,34,34,36,38,71,0,0],"gold":335,"neow_bonus":"THREE_ENEMY_KILL","is_daily":false,"chose_seed":false,"campfire_upgraded":7,"win_rate":0.0,"timestamp":1613365205,"path_taken":["M","?","?","M","$","E","R","E","T","?","?","M","M","?","R","BOSS","M","M","?","?","?","R","E","R","T","R","?","?","?","M","R","BOSS","M","M","?","?","?","R","M","R","T","?","R","?","?","M","R","BOSS"],"items_purchased_type":["Card","Relic","Relic","Potion"],"build_version":"2020-12-22","purchased_purges":0,"victory":false,"max_hp_per_floor":[71,71,71,71,71,71,71,71,71,71,71,71,71,71,71,71,71,71,71,71,71,71,71,71,71,71,71,71,71,71,71,71,71,71,71,71,71,71,71,71,71,71,71,71,71,71,71,71,71,71,71],"card_choices":[{"not_picked":["Compile Driver","Gash"],"picked":"Chill","floor":1.0},{"not_picked":["Self Repair","Go for the Eyes"],"picked":"Ball Lightning","floor":4.0},{"not_picked":["Darkness","Force Field"],"picked":"Creative AI","floor":6.0},{"not_picked":["Ball Lightning","Compile Driver"],"picked":"Go for the Eyes","floor":8.0},{"not_picked":["Turbo","Reinforced Body"],"picked":"Conserve Battery","floor":11.0},{"not_picked":["Melter","Stack"],"picked":"Undo","floor":12.0},{"not_picked":["Reprogram","Go for the Eyes"],"picked":"Conserve Battery","floor":13.0},{"not_picked":["Rainbow","Echo Form"],"picked":"Amplify","floor":16.0},{"not_picked":["Streamline","Force Field"],"picked":"Defragment","floor":18.0},{"not_picked":["Tempest+1","Conserve Battery"],"picked":"Coolheaded","floor":19.0},{"not_picked":["Chill+1","Rip and Tear"],"picked":"Hologram","floor":22.0},{"not_picked":["Rip and Tear","Undo"],"picked":"Turbo+1","floor":24.0},{"not_picked":["Doom and Gloom","Steam"],"picked":"Sweeping Beam+1","floor":29.0},{"not_picked":["Coolheaded","Stack"],"picked":"Consume","floor":31.0},{"not_picked":["Thunder Strike","Seek"],"picked":"Buffer","floor":33.0},{"not_picked":["Coolheaded","Turbo","Static Discharge+1"],"picked":"SKIP","floor":35.0},{"not_picked":["Fusion","Compile Driver"],"picked":"Hologram","floor":36},{"not_picked":["Streamline+1","Compile Driver"],"picked":"Fission","floor":38},{"not_picked":["Steam Power","Aggregate"],"picked":"Recycle+1","floor":41},{"not_picked":["Beam Cell","Tempest"],"picked":"Hologram","floor":44},{"not_picked":["Chill","Cold Snap"],"picked":"Steam Power","floor":47},{"not_picked":["Redo","Auto Shields","Go for the Eyes"],"picked":"SKIP","floor":48}],"player_experience":1612533,"relics_obtained":[{"floor":6.0,"key":"Blood Vial"},{"floor":8.0,"key":"Orichalcum"},{"floor":9.0,"key":"Nunchaku"},{"floor":24.0,"key":"Regal Pillow"},{"floor":26.0,"key":"Symbiotic Virus"},{"floor":39,"key":"Vajra"},{"floor":47,"key":"Old Coin"}],"event_choices":[{"cards_removed":["Strike_B"],"damage_healed":0.0,"max_hp_gain":0.0,"max_hp_loss":0.0,"gold_gain":0.0,"event_name":"Golden Wing","player_choice":"Card Removal","floor":2.0,"gold_loss":0.0,"damage_taken":7.0},{"damage_healed":0.0,"max_hp_gain":0.0,"max_hp_loss":0.0,"gold_gain":0.0,"event_name":"Scrap Ooze","player_choice":"Success","floor":3.0,"gold_loss":0.0,"damage_taken":11.0,"relics_obtained":["War Paint"]},{"damage_healed":31.0,"max_hp_gain":0.0,"max_hp_loss":0.0,"gold_gain":0.0,"event_name":"Wheel of Change","player_choice":"Full Heal","floor":10.0,"gold_loss":0.0,"damage_taken":0.0},{"cards_removed":["Strike_B"],"damage_healed":0.0,"max_hp_gain":0.0,"max_hp_loss":0.0,"gold_gain":0.0,"event_name":"Beggar","player_choice":"Gave Gold","floor":20.0,"gold_loss":75.0,"damage_taken":0.0},{"cards_removed":["Zap"],"damage_healed":0.0,"max_hp_gain":0.0,"max_hp_loss":0.0,"gold_gain":0.0,"event_name":"Purifier","player_choice":"Purged","floor":21.0,"gold_loss":0.0,"damage_taken":0.0},{"damage_healed":0.0,"max_hp_gain":0.0,"max_hp_loss":0.0,"gold_gain":0.0,"event_name":"N\u0027loth","player_choice":"Traded Relic","floor":28.0,"relics_lost":["Cracked Core"],"gold_loss":0.0,"damage_taken":0.0,"relics_obtained":["Nloth\u0027s Gift"]},{"cards_removed":["Defend_B"],"damage_healed":0.0,"max_hp_gain":0.0,"max_hp_loss":0.0,"gold_gain":0.0,"event_name":"Bonfire Elementals","player_choice":"Offered Basic","floor":30.0,"gold_loss":0.0,"damage_taken":0.0},{"damage_healed":0,"gold_gain":0,"player_choice":"Paid","damage_taken":0,"relics_obtained":["Red Mask"],"max_hp_gain":0,"max_hp_loss":0,"event_name":"Tomb of Lord Red Mask","floor":46,"gold_loss":189},{"damage_healed":0,"gold_gain":0,"player_choice":"Fight","damage_taken":0,"max_hp_gain":0,"max_hp_loss":0,"event_name":"MindBloom","floor":47,"gold_loss":0}],"is_beta":false,"boss_relics":[{"not_picked":["SlaversCollar","SacredBark"],"picked":"Astrolabe"},{"not_picked":["Pandora\u0027s Box","Nuclear Battery"],"picked":"Inserter"}],"items_purged_floors":[],"is_endless":false,"potions_floor_spawned":[1,11,12,18,31,35,44,47],"killed_by":"Donu and Deca","ascension_level":18}}