{"host":"fxrgx7wt2cpkbhka","time":1613362594,"event":{"mods":["AchievementEnabler","BaseMod","Colored Powertips","Dark Map","Minty Spire (QoL Compilation)","Permanent Neow","Quick Restart","Slay-I","StSLib","Waifu the Spire"],"gold_per_floor":[115,134,134,134,147,147,180,80,80,80,80,80,80,119,119,193,193,221,234,252,270,280,280,280,280],"floor_reached":24,"language":"ENG","playtime":601,"items_purged":[],"score":361,"play_id":"b3152da6-d0c7-408d-99ba-34e865d64206","local_time":"20210214201634","is_ascension_mode":true,"campfire_choices":[{"data":"Perfected Strike","floor":6,"key":"SMITH"},{"data":"Inflame","floor":11,"key":"SMITH"},{"data":"Flex","floor":13,"key":"SMITH"},{"data":"Flex","floor":15,"key":"SMITH"},{"data":"Bash","floor":23,"key":"SMITH"}],"circlet_count":0,"master_deck":["AscendersBane","Strike_R","Strike_R+1","Strike_R","Strike_R","Strike_R","Defend_R+1","Defend_R+1","Defend_R","Bash+1","Perfected Strike+1","Clash+1","Inflame+1","Flex+1","Flex+1","Iron Wave+1"],"relics":["Burning Blood","NeowsBlessing","Meat on the Bone","CeramicFish","Whetstone","Nunchaku","SacredBark"],"acts_visited":["TheCity"],"potions_floor_usage":[16,22,24],"damage_taken":[{"damage":0,"enemies":"Cultist","floor":1,"turns":1},{"damage":0,"enemies":"Jaw Worm","floor":2,"turns":1},{"damage":0,"enemies":"2 Louse","floor":5,"turns":2},{"damage":32,"enemies":"Gremlin Nob","floor":7,"turns":5},{"damage":32,"enemies":"Lagavulin","floor":14,"turns":5},{"damage":20,"enemies":"Hexaghost","floor":16,"turns":8},{"damage":28,"enemies":"Shell Parasite","floor":18,"turns":5},{"damage":18,"enemies":"2 Thieves","floor":19,"turns":3},{"damage":38,"enemies":"Chosen and Byrds","floor":20,"turns":6},{"damage":22,"enemies":"Cultist and Chosen","floor":21,"turns":5},{"damage":26,"enemies":"Centurion and Healer","floor":22,"turns":7},{"damage":56,"enemies":"Sentry and Sphere","floor":24,"turns":5}],"seed_played":"-6004149193935202063","potions_obtained":[{"floor":14,"key":"Weak Potion"},{"floor":16,"key":"Regen Potion"},{"floor":21,"key":"ElixirPotion"}],"is_trial":false,"path_per_floor":["M","M","?","?","M","R","E","$","T","?","R","?","R","E","R","B",null,"M","M","M","M","M","R","M"],"character_chosen":"IRONCLAD","items_purchased":["Inflame","Flex"],"campfire_rested":0,"item_purchase_floors":[8,8],"current_hp_per_floor":[74,75,52,52,58,58,44,44,44,49,49,49,49,35,35,33,68,58,58,38,34,53,53,0,0],"gold":280,"neow_bonus":"THREE_ENEMY_KILL","is_daily":false,"chose_seed":false,"campfire_upgraded":5,"win_rate":0.0,"timestamp":1613362594,"path_taken":["M","?","?","?","?","R","E","?","T","?","R","?","R","E","R","BOSS","M","M","?","M","M","R","?"],"items_purchased_type":["Card","Card"],"build_version":"2020-12-22","purchased_purges":0,"victory":false,"max_hp_per_floor":[75,75,75,75,75,75,75,75,75,80,80,80,80,80,80,80,80,80,80,80,80,80,80,80,80],"card_choices":[{"not_picked":["Searing Blow","Intimidate"],"picked":"Perfected Strike","floor":1},{"not_picked":["Iron Wave","Reckless Charge"],"picked":"Clash","floor":2},{"not_picked":["Exhume","Intimidate","Anger"],"picked":"SKIP","floor":5},{"not_picked":["Heavy Blade","Flex","Anger"],"picked":"SKIP","floor":7},{"not_picked":["Bloodletting","Blood for Blood"],"picked":"Flex","floor":14},{"not_picked":["Twin Strike","Dropkick"],"picked":"Iron Wave+1","floor":18},{"not_picked":["Pommel Strike","Body Slam","Cleave"],"picked":"SKIP","floor":19},{"not_picked":["True Grit","Anger","Wild Strike"],"picked":"SKIP","floor":20},{"not_picked":["Havoc","Bloodletting","Twin Strike+1"],"picked":"SKIP","floor":21},{"not_picked":["Iron Wave","Pommel Strike","Berserk"],"picked":"SKIP","floor":22}],"player_experience":782788,"relics_obtained":[{"floor":4,"key":"Meat on the Bone"},{"floor":7,"key":"CeramicFish"},{"floor":9,"key":"Whetstone"},{"floor":14,"key":"Nunchaku"}],"event_choices":[{"damage_healed":0,"gold_gain":0,"player_choice":"Entered Light","damage_taken":23,"max_hp_gain":0,"max_hp_loss":0,"event_name":"Shining Light","floor":3,"gold_loss":0,"cards_upgraded":["Defend_R","Defend_R"]},{"damage_healed":0,"gold_gain":0,"player_choice":"Relic","damage_taken":0,"max_hp_gain":0,"max_hp_loss":0,"event_name":"Wheel of Change","floor":4,"gold_loss":0},{"damage_healed":0,"gold_gain":0,"player_choice":"Donut","damage_taken":0,"max_hp_gain":5,"max_hp_loss":0,"event_name":"Big Fish","floor":10,"gold_loss":0},{"cards_removed":["Defend_R"],"damage_healed":0,"gold_gain":0,"player_choice":"Purged","damage_taken":0,"max_hp_gain":0,"max_hp_loss":0,"event_name":"Purifier","floor":12,"gold_loss":0}],"is_beta":false,"boss_relics":[{"not_picked":["Empty Cage","Pandora\u0027s Box"],"picked":"SacredBark"}],"items_purged_floors":[],"is_endless":false,"potions_floor_spawned":[5,14,16,21],"killed_by":"Sentry and Sphere","ascension_level":15}}