{"host":"bz6w3lfmpwgz81o3","time":1613406166,"event":{"mods":["BaseMod","Downfall","Hermit","Minty Spire (QoL Compilation)","StSLib"],"gold_per_floor":[119,119,138,153,153,153,179,191,261,287,297,313,313,238,238,341,341,358,375,375,275,295,326,326,326,352,367,367,381,406,421,421,519,519,533,482,497,510,526,526,526],"floor_reached":40,"language":"ENG","playtime":1532,"items_purged":["Strike_B","Strike_B"],"score":462,"play_id":"13d2129a-1d8b-4c9f-9e3e-63a00d45b017","local_time":"20210215172246","is_ascension_mode":false,"campfire_choices":[{"data":"Zap","floor":6,"key":"SMITH"},{"data":"Darkness","floor":13,"key":"SMITH"},{"data":"Self Repair","floor":15,"key":"SMITH"},{"data":"Double Energy","floor":24,"key":"SMITH"},{"data":"Multi-Cast","floor":28,"key":"SMITH"},{"floor":32,"key":"REST"}],"circlet_count":0,"master_deck":["Defend_B","Defend_B","Defend_B","Defend_B","Zap+1","Dualcast","Ball Lightning","Rip and Tear","Glacier","Self Repair+1","Ball Lightning","Darkness+1","Multi-Cast+1","Barrage+1","Doom and Gloom+1","Coolheaded+1","Double Energy+1","Reinforced Body+1","Amplify","Coolheaded+1","Self Repair+1"],"relics":["Cracked Core","NeowsBlessing","Peace Pipe","InkBottle","Happy Flower","bronze:MakeshiftBattery","CaptainsWheel","Nunchaku","Ancient Tea Set","Inserter"],"acts_visited":["Exordium","TheCity","TheBeyond"],"potions_floor_usage":[16,16,23,25,30,33,38,40],"damage_taken":[{"damage":0,"enemies":"Small Slimes","floor":1,"turns":1},{"damage":0,"enemies":"Jaw Worm","floor":3,"turns":1},{"damage":0,"enemies":"2 Louse","floor":4,"turns":1},{"damage":14,"enemies":"Gremlin Nob","floor":7,"turns":3},{"damage":0,"enemies":"Blue Slaver","floor":8,"turns":3},{"damage":15,"enemies":"Lagavulin","floor":10,"turns":4},{"damage":5,"enemies":"Large Slime","floor":11,"turns":4},{"damage":13,"enemies":"Red Slaver","floor":12,"turns":2},{"damage":14,"enemies":"Hexaghost","floor":16,"turns":7},{"damage":6,"enemies":"2 Thieves","floor":18,"turns":4},{"damage":10,"enemies":"Chosen","floor":19,"turns":3},{"damage":8,"enemies":"Snake Plant","floor":22,"turns":3},{"damage":20,"enemies":"Gremlin Leader","floor":23,"turns":6},{"damage":9,"enemies":"Book of Stabbing","floor":25,"turns":4},{"damage":24,"enemies":"Centurion and Healer","floor":27,"turns":4},{"damage":4,"enemies":"Cultist and Chosen","floor":29,"turns":5},{"damage":17,"enemies":"Gremlin Leader","floor":30,"turns":7},{"damage":0,"enemies":"Snecko","floor":31,"turns":4},{"damage":61,"enemies":"Champ","floor":33,"turns":10},{"damage":0,"enemies":"3 Shapes","floor":35,"turns":3},{"damage":1,"enemies":"Orb Walker","floor":37,"turns":3},{"damage":23,"enemies":"Sphere and 2 Shapes","floor":38,"turns":4},{"damage":12,"enemies":"Transient","floor":39,"turns":5},{"damage":74,"enemies":"Giant Head","floor":40,"turns":7}],"seed_played":"-5339009749168396897","potions_obtained":[{"floor":8,"key":"SmokeBomb"},{"floor":11,"key":"Swift Potion"},{"floor":12,"key":"AttackPotion"},{"floor":22,"key":"PowerPotion"},{"floor":23,"key":"sneckomod:MuddlingPotion"},{"floor":27,"key":"CultistPotion"},{"floor":29,"key":"Block Potion"},{"floor":31,"key":"AttackPotion"},{"floor":39,"key":"Fruit Juice"}],"is_trial":false,"path_per_floor":["M","?","M","M","?","R","E","M","T","E","M","M","R","$","R","B",null,"M","M","?","$","M","E","R","E","T","M","R","M","E","M","R","B",null,"M","$","M","M","M","E"],"character_chosen":"DEFECT","items_purchased":["PowerPotion"],"campfire_rested":1,"item_purchase_floors":[36],"current_hp_per_floor":[75,75,75,75,68,68,54,61,61,53,55,42,42,42,42,28,75,69,69,69,69,71,61,61,62,62,48,48,54,47,57,75,24,75,75,75,74,61,59,0,0],"gold":526,"neow_bonus":"THREE_ENEMY_KILL","is_daily":false,"chose_seed":false,"campfire_upgraded":5,"win_rate":0.0,"timestamp":1613406166,"path_taken":["M","?","M","M","?","R","E","M","T","E","M","M","R","?","R","BOSS","M","M","?","$","M","E","R","E","T","M","R","M","E","M","R","BOSS","M","$","M","M","M","E"],"items_purchased_type":["Potion"],"build_version":"2020-12-22","purchased_purges":2,"victory":false,"max_hp_per_floor":[75,75,75,75,75,75,75,75,75,75,75,75,75,75,75,75,75,75,75,75,75,75,75,75,75,75,75,75,75,75,75,75,75,75,75,75,75,75,75,80,80],"card_choices":[{"not_picked":["Compile Driver","Chaos"],"picked":"Ball Lightning","floor":1},{"not_picked":["Compile Driver","Stack"],"picked":"Rip and Tear","floor":3},{"not_picked":["Beam Cell","Chill"],"picked":"Glacier","floor":4},{"not_picked":["Streamline","Gash"],"picked":"Self Repair","floor":7},{"not_picked":["Cold Snap","Beam Cell"],"picked":"Ball Lightning","floor":8},{"not_picked":["Machine Learning","Sweeping Beam"],"picked":"Darkness","floor":10},{"not_picked":["Beam Cell","Sweeping Beam","Gash"],"picked":"SKIP","floor":11},{"not_picked":["Reinforced Body","Beam Cell","Darkness"],"picked":"SKIP","floor":12},{"not_picked":["Buffer","All For One"],"picked":"Multi-Cast","floor":16},{"not_picked":["Reprogram","Conserve Battery+1"],"picked":"Barrage+1","floor":18},{"not_picked":["Conserve Battery+1","Stack"],"picked":"Doom and Gloom+1","floor":19},{"not_picked":["Sweeping Beam","Leap"],"picked":"Coolheaded+1","floor":22},{"not_picked":["White Noise+1","BootSequence+1"],"picked":"Double Energy","floor":23},{"not_picked":["Genetic Algorithm","Tempest","Multi-Cast"],"picked":"SKIP","floor":27},{"not_picked":["Redo","Conserve Battery","Cold Snap+1"],"picked":"SKIP","floor":29},{"not_picked":["Multi-Cast","Storm"],"picked":"Reinforced Body+1","floor":30},{"not_picked":["Leap","Steam","Go for the Eyes+1"],"picked":"SKIP","floor":31},{"not_picked":["Fission","Biased Cognition"],"picked":"Amplify","floor":33},{"not_picked":["Stack","Aggregate"],"picked":"Coolheaded+1","floor":35},{"not_picked":["Ball Lightning+1","Coolheaded","Leap+1"],"picked":"SKIP","floor":37},{"not_picked":["Force Field+1","Ball Lightning"],"picked":"Self Repair+1","floor":38},{"not_picked":["Sweeping Beam+1","Loop","Steam+1"],"picked":"SKIP","floor":39}],"player_experience":47782,"relics_obtained":[{"floor":7,"key":"Peace Pipe"},{"floor":9,"key":"InkBottle"},{"floor":10,"key":"Happy Flower"},{"floor":23,"key":"CaptainsWheel"},{"floor":26,"key":"Nunchaku"},{"floor":30,"key":"Ancient Tea Set"}],"event_choices":[{"damage_healed":0,"gold_gain":0,"player_choice":"Ignored","damage_taken":0,"max_hp_gain":0,"max_hp_loss":0,"event_name":"Liars Game","floor":2,"gold_loss":0},{"cards_removed":["Strike_B"],"damage_healed":0,"gold_gain":0,"player_choice":"Card Removal","damage_taken":7,"max_hp_gain":0,"max_hp_loss":0,"event_name":"Golden Wing","floor":5,"gold_loss":0},{"cards_removed":["Strike_B"],"damage_healed":0,"gold_gain":0,"player_choice":"Elegance","damage_taken":0,"max_hp_gain":0,"max_hp_loss":0,"event_name":"Back to Basics","floor":20,"gold_loss":0}],"is_beta":false,"boss_relics":[{"not_picked":["Ectoplasm","Runic Dome"],"picked":"bronze:MakeshiftBattery"},{"not_picked":["Philosopher\u0027s Stone","FrozenCore"],"picked":"Inserter"}],"items_purged_floors":[14,21],"is_endless":false,"potions_floor_spawned":[8,11,12,22,23,27,29,31,39],"killed_by":"Giant Head","ascension_level":0}}