{"host":"pj7egx7jkoz18hom","time":1613392943,"event":{"mods":["AchievementEnabler","BaseMod","Keyboard Shortcuts","Minty Spire (QoL Compilation)","SuperFastMode"],"gold_per_floor":[114,130,145,145,165,200,42,56,80,80,3,3,30,30,30,126,126,126,126],"floor_reached":18,"language":"KOR","playtime":656,"items_purged":["Strike_R"],"score":324,"play_id":"ef5c5621-e0d4-4325-99b5-e6ec7ead0a87","local_time":"20210215214223","is_ascension_mode":true,"campfire_choices":[{"data":"Reaper","floor":10,"key":"SMITH"},{"data":"Armaments","floor":12,"key":"SMITH"},{"data":"Exhume","floor":15,"key":"SMITH"}],"circlet_count":0,"master_deck":["Strike_R","Strike_R","Strike_R+1","Strike_R+1","Defend_R","Defend_R","Defend_R","Defend_R","Bash","Exhume+1","Pommel Strike","Ghostly Armor","Thunderclap","Limit Break","Reaper+1","Iron Wave","Armaments+1","Spot Weakness","Regret"],"relics":["Burning Blood","Oddly Smooth Stone","Smiling Mask","Regal Pillow","Potion Belt","SlaversCollar"],"acts_visited":["Exordium","TheCity"],"potions_floor_usage":[6,13,16,16],"damage_taken":[{"damage":12,"enemies":"Jaw Worm","floor":1,"turns":2},{"damage":5,"enemies":"Small Slimes","floor":2,"turns":3},{"damage":3,"enemies":"2 Louse","floor":3,"turns":3},{"damage":16,"enemies":"Blue Slaver","floor":5,"turns":3},{"damage":46,"enemies":"Lagavulin","floor":6,"turns":8},{"damage":9,"enemies":"Exordium Wildlife","floor":8,"turns":5},{"damage":19,"enemies":"3 Sentries","floor":13,"turns":9},{"damage":51,"enemies":"Hexaghost","floor":16,"turns":10},{"damage":99,"enemies":"Chosen","floor":18,"turns":6}],"seed_played":"-1189229771884921004","potions_obtained":[{"floor":1,"key":"LiquidBronze"},{"floor":3,"key":"BloodPotion"},{"floor":6,"key":"SneckoOil"},{"floor":13,"key":"BloodPotion"}],"is_trial":false,"path_per_floor":["M","M","M","?","M","E","$","M","T","R","$","R","E","?","R","B",null,"M"],"character_chosen":"IRONCLAD","items_purchased":["Reaper","Armaments"],"campfire_rested":0,"item_purchase_floors":[7,11],"current_hp_per_floor":[74,75,78,62,52,28,28,33,33,33,33,33,35,35,35,19,80,0,0],"gold":126,"neow_bonus":"ONE_RANDOM_RARE_CARD","is_daily":false,"chose_seed":false,"campfire_upgraded":3,"win_rate":0.0,"timestamp":1613392943,"path_taken":["M","M","M","?","M","E","$","M","T","R","$","R","E","?","R","BOSS","M"],"items_purchased_type":["Card","Card"],"build_version":"2020-12-22","purchased_purges":1,"victory":false,"max_hp_per_floor":[80,80,80,80,80,80,80,80,80,80,80,80,80,80,80,80,80,80,80],"card_choices":[{"not_picked":["Uppercut","True Grit"],"picked":"Pommel Strike","floor":1},{"not_picked":["True Grit","Twin Strike"],"picked":"Ghostly Armor","floor":2},{"not_picked":["Infernal Blade","Warcry"],"picked":"Thunderclap","floor":3},{"not_picked":["Body Slam","Thunderclap"],"picked":"Limit Break","floor":5},{"not_picked":["Rampage","Wild Strike","Clash"],"picked":"SKIP","floor":6},{"not_picked":["Rage","Warcry"],"picked":"Iron Wave","floor":8},{"not_picked":["Thunderclap","Pommel Strike"],"picked":"Spot Weakness","floor":13}],"player_experience":74123,"relics_obtained":[{"floor":6,"key":"Oddly Smooth Stone"},{"floor":9,"key":"Smiling Mask"},{"floor":13,"key":"Regal Pillow"}],"event_choices":[{"damage_healed":0,"gold_gain":0,"player_choice":"Entered Light","damage_taken":16,"max_hp_gain":0,"max_hp_loss":0,"event_name":"Shining Light","floor":4,"gold_loss":0,"cards_upgraded":["Strike_R","Strike_R"]},{"damage_healed":0,"gold_gain":0,"player_choice":"Box","damage_taken":0,"relics_obtained":["Potion Belt"],"max_hp_gain":0,"max_hp_loss":0,"event_name":"Big Fish","floor":14,"gold_loss":0,"cards_obtained":["Regret"]}],"is_beta":false,"boss_relics":[{"not_picked":["Runic Cube","Runic Dome"],"picked":"SlaversCollar"}],"items_purged_floors":[11],"is_endless":false,"potions_floor_spawned":[1,3,6,13],"killed_by":"Chosen","ascension_level":4}}