{"host":"tf5skwcwe0vlu2md","time":1613390796,"event":{"mods":["BaseMod","Downfall","Highlight Path","Minty Spire (QoL Compilation)","Quick Restart","StSLib","The Hierophant"],"gold_per_floor":[119,137,154,154,1,1,26,45,69,87,112,126,126,160,160,259,259,278,292,312,329,345,345,345],"floor_reached":23,"playtime":1552,"items_purged":[],"score":250,"play_id":"8dfdccaa-0f76-4c8e-9d5c-f0f693f6d627","local_time":"20210215230636","is_ascension_mode":true,"campfire_choices":[{"data":"Zap","floor":6,"key":"SMITH"},{"data":"Dualcast","floor":13,"key":"SMITH"},{"data":"Seek","floor":15,"key":"SMITH"}],"circlet_count":0,"master_deck":["Strike_B","Strike_B+1","Strike_B","Strike_B","Defend_B","Defend_B","Defend_B","Zap+1","Dualcast+1","Leap","Conserve Battery","Lockon+1","Lockon","Thunder Strike","Melter","Seek+1","Buffer","Loop","Hologram+1","Leap","Biased Cognition","Double Energy"],"relics":["Cracked Core","DataDisk","Akabeko","Whetstone","Orichalcum","Nuclear Battery"],"acts_visited":["Exordium","TheCity"],"potions_floor_usage":[16,16,21,23],"damage_taken":[{"damage":6,"enemies":"Small Slimes","floor":1,"turns":4},{"damage":1,"enemies":"Cultist","floor":2,"turns":3},{"damage":4,"enemies":"2 Louse","floor":3,"turns":3},{"damage":12,"enemies":"Gremlin Nob","floor":7,"turns":3},{"damage":1,"enemies":"2 Fungi Beasts","floor":8,"turns":3},{"damage":1,"enemies":"Gremlin Gang","floor":10,"turns":4},{"damage":18,"enemies":"3 Sentries","floor":11,"turns":7},{"damage":0,"enemies":"Red Slaver","floor":12,"turns":2},{"damage":14,"enemies":"Lagavulin","floor":14,"turns":4},{"damage":2,"enemies":"Slime Boss","floor":16,"turns":5},{"damage":11,"enemies":"2 Thieves","floor":18,"turns":3},{"damage":7,"enemies":"Chosen","floor":19,"turns":4},{"damage":8,"enemies":"3 Cultists","floor":20,"turns":5},{"damage":7,"enemies":"Snake Plant","floor":21,"turns":2},{"damage":24,"enemies":"Centurion and Healer","floor":22,"turns":8},{"damage":34,"enemies":"Slavers","floor":23,"turns":3}],"seed_played":"2079154876256494614","potions_obtained":[{"floor":3,"key":"BlessingOfTheForge"},{"floor":8,"key":"hexamod:EctoCoolerPotion"},{"floor":10,"key":"SteroidPotion"},{"floor":12,"key":"FearPotion"},{"floor":20,"key":"Block Potion"}],"is_trial":false,"path_per_floor":["M","M","M","?","$","R","E","M","T","M","E","M","R","E","R","B",null,"M","M","M","M","M","E"],"character_chosen":"DEFECT","items_purchased":["DataDisk"],"campfire_rested":0,"item_purchase_floors":[5],"current_hp_per_floor":[76,75,71,71,71,71,59,58,58,57,39,39,39,25,25,23,82,71,64,56,49,25,0,0],"gold":345,"neow_bonus":"TEN_PERCENT_HP_BONUS","is_daily":false,"chose_seed":false,"campfire_upgraded":3,"win_rate":0.0,"timestamp":1613390796,"path_taken":["M","M","M","?","$","R","E","M","T","M","E","M","R","E","R","BOSS","M","M","M","M","?","E"],"items_purchased_type":["Relic"],"build_version":"2020-12-13","purchased_purges":0,"victory":false,"max_hp_per_floor":[82,82,82,82,82,82,82,82,82,82,82,82,82,82,82,82,82,82,82,82,82,82,82,82],"card_choices":[{"not_picked":["Chill","Cold Snap"],"picked":"Leap","floor":1},{"not_picked":["Chaos","Cold Snap"],"picked":"Conserve Battery","floor":2},{"not_picked":["Coolheaded","Reprogram"],"picked":"Lockon","floor":3},{"not_picked":["Redo","Chill","Barrage"],"picked":"SKIP","floor":7},{"not_picked":["Gash","Blizzard","Beam Cell"],"picked":"SKIP","floor":8},{"not_picked":["Blizzard","Glacier"],"picked":"Lockon","floor":10},{"not_picked":["Hello World","Sweeping Beam"],"picked":"Thunder Strike","floor":11},{"not_picked":["Stack","Reprogram"],"picked":"Melter","floor":12},{"not_picked":["Consume","Darkness"],"picked":"Seek","floor":14},{"not_picked":["Multi-Cast","Reboot"],"picked":"Buffer","floor":16},{"not_picked":["Coolheaded","Conserve Battery+1"],"picked":"Loop","floor":18},{"not_picked":["Sweeping Beam+1","Undo"],"picked":"Hologram+1","floor":19},{"not_picked":["Turbo","Cold Snap"],"picked":"Leap","floor":20},{"not_picked":["Rip and Tear","Genetic Algorithm"],"picked":"Biased Cognition","floor":21},{"not_picked":["Coolheaded","Leap"],"picked":"Double Energy","floor":22}],"player_experience":248035,"relics_obtained":[{"floor":7,"key":"Akabeko"},{"floor":11,"key":"Whetstone"},{"floor":14,"key":"Orichalcum"}],"event_choices":[{"cards_removed":["Defend_B"],"damage_healed":0,"gold_gain":0,"player_choice":"Purged","damage_taken":0,"max_hp_gain":0,"max_hp_loss":0,"event_name":"Purifier","floor":4,"gold_loss":0}],"is_beta":false,"boss_relics":[{"not_picked":["Runic Pyramid","SlaversCollar"],"picked":"Nuclear Battery"}],"items_purged_floors":[],"is_endless":false,"potions_floor_spawned":[3,8,10,12,20],"killed_by":"Slavers","ascension_level":3}}