{"host":"dm3der2z84gf27js","time":1613433082,"event":{"mods":["AchievementEnabler","BaseMod","Bestiary","Better Note","Better Third Choice","Colored Map","Colored Powertips","Marisa????????","Minty Spire (QoL Compilation)","Onozuka Komachi Mod","StSLib","The Marked","The Servant 0.9.4"],"gold_per_floor":[112,112,129,142,158,189,189,209,233,233,104,0,33,75,75,187,187,205,219,233,250,264,264,264],"floor_reached":23,"language":"ENG","playtime":1449,"items_purged":[],"score":217,"play_id":"4cb83f4e-42ec-4f88-988b-bb61b044f0fe","local_time":"20210215185122","is_ascension_mode":true,"campfire_choices":[{"floor":7,"key":"RECALL"},{"floor":10,"key":"REST"},{"floor":15,"key":"REST"}],"circlet_count":0,"master_deck":["Strike_MRS","Strike_MRS","Strike_MRS","Defend_MRS","Defend_MRS","Defend_MRS","MasterSpark","UpSweep","GrandCross","OortCloud","SporeBomb","Singularity","SuperPerseids","PropBag","OortCloud","Bandage Up","WitchOfGreed","Enlightenment","PowerUp","IllusionStar","BlazingStar","PropBag+1","MagicAbsorber+1","DoubleSpark","GrandCross+1","AlicesGift+1"],"relics":["BewitchedHakkero","Shuriken","Ancient Tea Set","Mercury Hourglass"],"acts_visited":["Exordium","TheCity"],"potions_floor_usage":[6,6,16,20,20],"damage_taken":[{"damage":0,"enemies":"2 Louse","floor":1,"turns":2},{"damage":0,"enemies":"Cultist","floor":3,"turns":2},{"damage":0,"enemies":"Small Slimes","floor":4,"turns":3},{"damage":1,"enemies":"2 Fungi Beasts","floor":5,"turns":3},{"damage":16,"enemies":"3 Sentries","floor":6,"turns":6},{"damage":20,"enemies":"Exordium Thugs","floor":8,"turns":5},{"damage":18,"enemies":"Lots of Slimes","floor":13,"turns":5},{"damage":8,"enemies":"Gremlin Nob","floor":14,"turns":4},{"damage":23,"enemies":"The Guardian","floor":16,"turns":8},{"damage":36,"enemies":"2 Thieves","floor":18,"turns":4},{"damage":0,"enemies":"Chosen","floor":19,"turns":3},{"damage":22,"enemies":"Centurion and Healer","floor":20,"turns":7},{"damage":18,"enemies":"Sentry and Sphere","floor":21,"turns":4},{"damage":8,"enemies":"Cultist and Chosen","floor":22,"turns":6},{"damage":0,"enemies":"Gremlin Leader","floor":23,"turns":1}],"seed_played":"2000636339821671846","potions_obtained":[{"floor":1,"key":"Swift Potion"},{"floor":5,"key":"BottledSpark"},{"floor":13,"key":"Ancient Potion"},{"floor":13,"key":"SteroidPotion"},{"floor":14,"key":"SmokeBomb"},{"floor":14,"key":"SkillPotion"},{"floor":16,"key":"FearPotion"},{"floor":18,"key":"Dexterity Potion"},{"floor":22,"key":"BottledSpark"}],"is_trial":false,"path_per_floor":["M","?","M","M","M","E","R","M","T","R","$","?","M","E","R","B",null,"M","M","M","M","M","E"],"character_chosen":"MARISA","items_purchased":["Bandage Up","WitchOfGreed"],"campfire_rested":2,"item_purchase_floors":[11,11],"current_hp_per_floor":[75,75,75,75,74,58,58,38,38,60,60,66,52,48,72,53,81,45,49,31,13,9,9,9],"gold":264,"neow_bonus":"TRANSFORM_CARD","is_daily":false,"chose_seed":false,"campfire_upgraded":0,"win_rate":0.0,"timestamp":1613433082,"path_taken":["M","?","M","M","?","E","R","M","T","R","$","?","M","E","R","BOSS","M","M","M","M","M","E"],"items_purchased_type":["Card","Card"],"build_version":"2020-12-22","purchased_purges":0,"victory":false,"max_hp_per_floor":[75,75,75,75,75,75,75,75,75,75,75,81,81,81,81,81,81,81,81,81,81,81,81,81],"card_choices":[{"not_picked":["WitchOfGreed","DoubleSpark"],"picked":"OortCloud","floor":1},{"not_picked":["UnstableBomb","Occultation"],"picked":"SporeBomb","floor":3},{"not_picked":["BlazeAway","SporeBomb"],"picked":"Singularity","floor":4},{"not_picked":["DoubleSpark","EnergyRecoil"],"picked":"SuperPerseids","floor":5},{"not_picked":["DoubleSpark","SporeBomb"],"picked":"PropBag","floor":6},{"not_picked":["GrandCross","MachineGunSpark"],"picked":"OortCloud","floor":8},{"not_picked":["MachineGunSpark","SprinkleStarSeal"],"picked":"PowerUp","floor":13},{"not_picked":["WitchOfGreed","AsteroidBelt"],"picked":"IllusionStar","floor":14},{"not_picked":["SuperNova","AbsoluteMagnitude"],"picked":"BlazingStar","floor":16},{"not_picked":["MeteoricShower","SporeBomb+1"],"picked":"PropBag+1","floor":18},{"not_picked":["WitchOfGreed","DarkSpark"],"picked":"MagicAbsorber+1","floor":19},{"not_picked":["GalacticHalo","Acceleration+1"],"picked":"DoubleSpark","floor":20},{"not_picked":["GasGiant","DoubleSpark"],"picked":"GrandCross+1","floor":21},{"not_picked":["LuminesStrike","DarkSpark"],"picked":"AlicesGift+1","floor":22}],"player_experience":226106,"relics_obtained":[{"floor":6,"key":"Shuriken"},{"floor":14,"key":"Ancient Tea Set"}],"event_choices":[{"cards_removed":["Strike_MRS"],"damage_healed":0,"gold_gain":0,"player_choice":"Offered Basic","damage_taken":0,"max_hp_gain":0,"max_hp_loss":0,"event_name":"Bonfire Elementals","floor":2,"gold_loss":0},{"damage_healed":0,"gold_gain":0,"player_choice":"RENOUNCE","damage_taken":104,"max_hp_gain":0,"max_hp_loss":0,"event_name":"betterThird:BetterSerpent","floor":12,"gold_loss":104,"cards_obtained":["Enlightenment"]}],"is_beta":false,"boss_relics":[{"not_picked":["Busted Crown","Snecko Eye"],"picked":"BewitchedHakkero"}],"items_purged_floors":[],"is_endless":false,"potions_floor_spawned":[1,5,13,14,18,22],"killed_by":"Gremlin Leader","ascension_level":1}}