{"host":"hqvh779b89tfrjxy","time":1613353299,"event":{"mods":["Act Like it!","BaseMod","Better Third Choice","Downfall","Elementarium","GifTheSpireLib","Minty Spire (QoL Compilation)","Replay The Spire","Spicy Shops","StSLib"],"gold_per_floor":[114,114,125,141,141,141,170,15,42,86,116,167,167,183,183,294,294,320,320,347,377,377,411,411],"floor_reached":23,"language":"ENG","playtime":1145,"items_purged":[],"score":327,"play_id":"a6903c67-8880-4b61-b667-7037c66f11df","local_time":"20210215024139","is_ascension_mode":true,"campfire_choices":[{"data":"Bash","floor":6,"key":"SMITH"},{"floor":13,"key":"REST"},{"data":"ReplayTheSpireMod:Limb From Limb","floor":15,"key":"SMITH"}],"circlet_count":0,"master_deck":["AscendersBane","Strike_R","Strike_R","Strike_R","Defend_R","Defend_R","Defend_R","Defend_R","Bash+1","Pommel Strike","ReplayTheSpireMod:Limb From Limb+1","Hemokinesis","Sword Boomerang","Headbutt","Fiend Fire","Shockwave","Armaments","Immolate","Limit Break","Mayhem","Inflame","Elementarium:StickyTar"],"relics":["Burning Blood","NeowsBlessing","Dream Catcher","Bronze Scales","Replay:Bandana","ReplayTheSpireMod:Ninjato","Iron Hammer","Sozu","Omamori"],"acts_visited":["Exordium","Elementarium:Elementarium"],"potions_floor_usage":[12,23],"damage_taken":[{"damage":0,"enemies":"2 Louse","floor":1,"turns":1},{"damage":0,"enemies":"Cultist","floor":3,"turns":1},{"damage":0,"enemies":"Jaw Worm","floor":4,"turns":1},{"damage":34,"enemies":"3 Sentries","floor":7,"turns":8},{"damage":27,"enemies":"Replay:BlueRogue","floor":10,"turns":6},{"damage":9,"enemies":"Exordium Wildlife","floor":11,"turns":3},{"damage":11,"enemies":"3 Sentries","floor":12,"turns":8},{"damage":3,"enemies":"Looter","floor":14,"turns":3},{"damage":40,"enemies":"The Guardian","floor":16,"turns":7},{"damage":14,"enemies":"Elementarium:VoidCorruption","floor":18,"turns":4},{"damage":11,"enemies":"Elementarium:2_ELEMENTALS","floor":20,"turns":3},{"damage":38,"enemies":"Elementarium:Hydrostalker","floor":21,"turns":3},{"damage":24,"enemies":"Elementarium:FIRE_NOBILITY","floor":23,"turns":3}],"seed_played":"-5002199780314573967","potions_obtained":[{"floor":7,"key":"Strength Potion"},{"floor":10,"key":"BlessingOfTheForge"},{"floor":12,"key":"DistilledChaos"}],"is_trial":false,"path_per_floor":["M","?","M","M","?","R","E","$","T","E","M","E","R","M","R","B",null,"M","?","M","M","?","E"],"character_chosen":"IRONCLAD","items_purchased":["Bronze Scales"],"campfire_rested":1,"item_purchase_floors":[8],"current_hp_per_floor":[78,78,80,80,80,80,52,52,52,31,28,23,47,50,50,16,64,56,56,51,19,19,0,0],"gold":411,"neow_bonus":"THREE_ENEMY_KILL","is_daily":false,"chose_seed":false,"campfire_upgraded":2,"win_rate":0.0,"timestamp":1613353299,"path_taken":["M","?","M","?","?","R","E","?","T","E","M","E","R","M","R","BOSS","M","?","?","M","?","E"],"items_purchased_type":["Relic"],"build_version":"2020-12-22","purchased_purges":0,"victory":false,"max_hp_per_floor":[80,80,80,80,80,80,80,80,80,80,80,80,80,80,80,80,80,80,80,80,80,80,80,80],"card_choices":[{"not_picked":["Shrug It Off","Perfected Strike"],"picked":"Pommel Strike","floor":1},{"not_picked":["Cleave","Rage"],"picked":"Hemokinesis","floor":3},{"not_picked":["Iron Wave","Thunderclap"],"picked":"Sword Boomerang","floor":4},{"not_picked":["ReplayReversal","Flex"],"picked":"Fiend Fire","floor":7},{"not_picked":["Clash","Sword Boomerang"],"picked":"Shockwave","floor":10},{"not_picked":["Sword Boomerang","Clash"],"picked":"Armaments","floor":11},{"not_picked":["ReplayTheSpireMod:Strike From Hell","Iron Wave","Thunderclap"],"picked":"SKIP","floor":12},{"not_picked":["Dark Embrace","ReplayTheSpireMod:Strike From Hell"],"picked":"Immolate","floor":13},{"not_picked":["Anger","Replay:Undeath\u0027s Touch","Headbutt"],"picked":"SKIP","floor":14},{"not_picked":["Barricade","Eclipse"],"picked":"Limit Break","floor":16},{"not_picked":["Replay:Undeath\u0027s Touch","Pommel Strike","Flex"],"picked":"SKIP","floor":18},{"not_picked":["Trip","Replay:Sssssssssstrike"],"picked":"Mayhem","floor":19},{"not_picked":["Body Slam","Clothesline"],"picked":"Inflame","floor":20},{"not_picked":["Heavy Blade+1","Sword Boomerang+1","Replay:Undeath\u0027s Touch+1"],"picked":"SKIP","floor":21}],"player_experience":231325,"relics_obtained":[{"floor":7,"key":"Dream Catcher"},{"floor":9,"key":"Replay:Bandana"},{"floor":10,"key":"ReplayTheSpireMod:Ninjato"},{"floor":12,"key":"Iron Hammer"}],"event_choices":[{"damage_healed":0,"gold_gain":0,"cards_transformed":["Strike_R"],"player_choice":"Transformed","damage_taken":0,"max_hp_gain":0,"max_hp_loss":0,"event_name":"Transmorgrifier","floor":2,"gold_loss":0,"cards_obtained":["ReplayTheSpireMod:Limb From Limb"]},{"damage_healed":0,"gold_gain":0,"cards_transformed":["Strike_R"],"player_choice":"Change","damage_taken":0,"max_hp_gain":0,"max_hp_loss":0,"event_name":"Living Wall","floor":5,"gold_loss":0,"cards_obtained":["Headbutt"]},{"damage_healed":0,"gold_gain":0,"player_choice":"Machinery","damage_taken":0,"max_hp_gain":0,"max_hp_loss":0,"event_name":"Elementarium:IncubationChamber","floor":19,"gold_loss":0},{"damage_healed":0,"gold_gain":0,"player_choice":"Open","damage_taken":0,"relics_obtained":["Omamori"],"max_hp_gain":0,"max_hp_loss":0,"event_name":"Elementarium:TarCoveredCasket","floor":22,"gold_loss":0,"cards_obtained":["Elementarium:StickyTar"]}],"is_beta":false,"boss_relics":[{"not_picked":["ChewingGum","Pandora\u0027s Box"],"picked":"Sozu"}],"items_purged_floors":[],"is_endless":false,"potions_floor_spawned":[7,10,11,12,20],"killed_by":"Elementarium:FIRE_NOBILITY","ascension_level":11}}