{"host":"5wwct7e0z3l0f094","time":1613425489,"event":{"mods":["AchievementEnabler","BaseMod","Downfall","Highlight Path","Minty Spire (QoL Compilation)","StSLib","SuperFastMode"],"gold_per_floor":[349,364,364,274,294,294,294,179,212,312,382,432,462,472,483,579,579,579,629,639,706,557,584,584,584,618,668,668,718,718,735,751,854,854,854,874,412,425,475,173,173,201,211,11,43,43,59,72,90,90],"floor_reached":51,"language":"ENG","playtime":2717,"items_purged":["Decay","downfall:Malfunctioning"],"score":890,"play_id":"6e89e430-bfb3-4b4c-be58-9ccec43db2dc","local_time":"20210215164449","is_ascension_mode":true,"campfire_choices":[{"data":"bronze:Goto","floor":1,"key":"SMITH"},{"floor":6,"key":"REST"},{"data":"bronze:Virus","floor":18,"key":"SMITH"},{"floor":25,"key":"REST"},{"floor":28,"key":"REST"},{"floor":30,"key":"REST"},{"floor":35,"key":"RECALL"},{"data":"bronze:RecursiveStrike","floor":44,"key":"SMITH"},{"data":"bronze:ThunderWave","floor":46,"key":"SMITH"}],"circlet_count":0,"master_deck":["bronze:Strike","bronze:Strike+1","bronze:Strike","bronze:Strike","bronze:Defend+1","bronze:Defend+1","bronze:Defend","bronze:Defend+1","bronze:Replicate","bronze:Goto+1","bronze:FollowUp","bronze:WhirlingStrike+1","bronze:ThunderWave+1","bronze:Virus+1","bronze:FineTuning","bronze:Repair+1","bronze:Virus","bronze:Terminator+1","bronze:RecursiveStrike+1"],"relics":["bronze:BronzeCore","Eternal Feather","Pen Nib","downfall:CloakOfManyFaces","CultistMask","FaceOfCleric","NlothsMask","GremlinMask","SsserpentHead","Pantograph","Runic Pyramid","Singing Bowl","Whetstone","Toxic Egg 2","Meat on the Bone","downfall:RedIOU","Cursed Key","Turnip","Sling","Membership Card","Omamori","Centennial Puzzle","bronze:CableSpool","downfall:HeartBlessingRed","downfall:HeartBlessingBlue","MealTicket"],"acts_visited":["Exordium","TheCity","TheBeyond"],"potions_floor_usage":[13,16,16,22,33,38,50,50],"damage_taken":[{"damage":6,"enemies":"2 Louse","floor":2,"turns":3},{"damage":14,"enemies":"downfall:FleeingMerchant","floor":4,"turns":4},{"damage":3,"enemies":"Jaw Worm","floor":5,"turns":3},{"damage":0,"enemies":"downfall:FleeingMerchant","floor":8,"turns":4},{"damage":12,"enemies":"Gremlin Nob","floor":9,"turns":5},{"damage":17,"enemies":"downfall:FaceTrader","floor":10,"turns":10},{"damage":0,"enemies":"Cultist","floor":11,"turns":3},{"damage":11,"enemies":"Lagavulin","floor":13,"turns":6},{"damage":2,"enemies":"downfall:LooterAlt","floor":14,"turns":2},{"damage":0,"enemies":"2 Fungi Beasts","floor":15,"turns":2},{"damage":12,"enemies":"WA_ARCHETYPE_RETAIN","floor":16,"turns":9},{"damage":0,"enemies":"Spheric Guardian","floor":20,"turns":2},{"damage":4,"enemies":"Shell Parasite","floor":21,"turns":5},{"damage":20,"enemies":"downfall:FleeingMerchant","floor":22,"turns":4},{"damage":30,"enemies":"Book of Stabbing","floor":23,"turns":6},{"damage":33,"enemies":"Slavers","floor":26,"turns":4},{"damage":11,"enemies":"Chosen and Byrds","floor":31,"turns":5},{"damage":18,"enemies":"Snake Plant","floor":32,"turns":5},{"damage":80,"enemies":"SI_MIRROR_ARCHETYPE","floor":33,"turns":11},{"damage":5,"enemies":"Orb Walker","floor":36,"turns":3},{"damage":28,"enemies":"3 Darklings","floor":38,"turns":4},{"damage":6,"enemies":"Nemesis","floor":42,"turns":5},{"damage":1,"enemies":"Transient","floor":43,"turns":5},{"damage":6,"enemies":"Reptomancer","floor":45,"turns":4},{"damage":7,"enemies":"4 Shapes","floor":47,"turns":2},{"damage":5,"enemies":"Maw","floor":48,"turns":5},{"damage":0,"enemies":"3 Darklings","floor":49,"turns":2},{"damage":110,"enemies":"IC_BLOCK_ARCHETYPE","floor":50,"turns":9}],"seed_played":"-2119076499101355819","potions_obtained":[{"floor":9,"key":"SteroidPotion"},{"floor":10,"key":"DuplicationPotion"},{"floor":13,"key":"SkillPotion"},{"floor":14,"key":"Dexterity Potion"},{"floor":16,"key":"hexamod:SoulburnPotion"},{"floor":21,"key":"bronze:FreeFunctionsPotion"},{"floor":26,"key":"DistilledChaos"},{"floor":36,"key":"Swift Potion"},{"floor":38,"key":"Strength Potion"},{"floor":48,"key":"PowerPotion"}],"is_trial":false,"path_per_floor":["R","M","?","$","M","R","T","$","E","?","M","?","E","M","M","B",null,"R","?","M","M","$","E","T","R","E","$","R","?","R","M","M","B",null,"R","M","$","M","?","$","T","E","M","R","E","R","M","M","M","B",null],"character_chosen":"THE_AUTOMATON","items_purchased":["Singing Bowl","Whetstone","bronze:Optimize","Turnip","Sling","Membership Card","Omamori","Centennial Puzzle"],"campfire_rested":4,"item_purchase_floors":[22,22,22,37,37,40,40,40],"current_hp_per_floor":[70,64,64,50,47,68,68,68,56,39,40,28,18,17,18,32,75,75,53,54,51,32,5,5,40,8,8,44,44,78,80,74,35,93,93,94,94,79,79,79,79,84,96,111,108,114,110,116,119,26],"gold":90,"neow_bonus":"TWO_FIFTY_GOLD","is_daily":false,"chose_seed":false,"campfire_upgraded":4,"win_rate":0.0,"timestamp":1613425489,"path_taken":["R","M","?","$","M","R","T","$","E","?","?","?","E","M","M","BOSS","R","?","M","?","$","E","T","R","E","?","R","?","R","M","M","BOSS","R","M","$","M","?","$","T","E","M","R","E","R","M","M","M","BOSS"],"items_purchased_type":["Relic","Relic","Card","Relic","Relic","Relic","Relic","Relic"],"build_version":"2020-12-22","purchased_purges":2,"victory":true,"max_hp_per_floor":[70,70,70,70,70,70,70,70,70,70,71,71,72,73,74,75,75,75,75,76,77,78,81,81,83,84,84,86,86,86,89,92,93,93,93,94,94,97,97,97,97,98,101,111,114,114,117,120,123,124],"card_choices":[{"not_picked":["bronze:Branch","bronze:DelayedGuard","bronze:ForLoop"],"picked":"SKIP","floor":2},{"not_picked":["bronze:Turbo","bronze:Invalidate","bronze:Shell"],"picked":"SKIP","floor":4},{"not_picked":["bronze:Overheat","bronze:Constructor"],"picked":"bronze:FollowUp","floor":5},{"not_picked":["bronze:Branch","bronze:BuggyMess","bronze:BurnOut"],"picked":"SKIP","floor":8},{"not_picked":["bronze:Iterate","bronze:Constructor","bronze:Safeguard"],"picked":"SKIP","floor":9},{"not_picked":["bronze:Constructor","bronze:BitShift"],"picked":"bronze:WhirlingStrike","floor":10},{"not_picked":["bronze:ForceShield","bronze:Turbo","bronze:DigitalCarnage"],"picked":"SKIP","floor":11},{"not_picked":["bronze:Repulsor","bronze:Frontload","bronze:WhirlingStrike"],"picked":"SKIP","floor":13},{"not_picked":["bronze:Constructor","bronze:Frontload","bronze:DelayedGuard"],"picked":"SKIP","floor":14},{"not_picked":["bronze:DelayedGuard","bronze:CutThrough"],"picked":"bronze:ThunderWave","floor":15},{"not_picked":["bronze:HardenedForm","bronze:Format"],"picked":"bronze:Virus","floor":16},{"not_picked":["bronze:OilSpill","bronze:DarkDash","bronze:Overload+1"],"picked":"SKIP","floor":20},{"not_picked":["bronze:Backtrace","bronze:BitShift+1","bronze:Deprecate"],"picked":"SKIP","floor":21},{"not_picked":["bronze:Turbo","bronze:DelayedGuard"],"picked":"bronze:FineTuning","floor":22},{"not_picked":["bronze:ItsAFeature","bronze:OilSpill+1","bronze:Branch+1"],"picked":"Singing Bowl","floor":23},{"not_picked":["bronze:Verify","bronze:Shield+1","bronze:ForceShield+1"],"picked":"Singing Bowl","floor":25},{"not_picked":["bronze:DigitalCarnage","bronze:BitShift+1"],"picked":"bronze:Repair+1","floor":26},{"not_picked":["bronze:Backtrace","bronze:Shell+1","bronze:CutThrough+1"],"picked":"Singing Bowl","floor":28},{"not_picked":["bronze:BronzeArmor+1","bronze:Constructor+1","bronze:MaxOutput"],"picked":"Singing Bowl","floor":31},{"not_picked":["bronze:Shield+1","bronze:Allocate+1","bronze:Return+1"],"picked":"Singing Bowl","floor":32},{"not_picked":["bronze:Verify","bronze:CleanCode"],"picked":"bronze:Virus","floor":33},{"not_picked":["bronze:BitShift+1","bronze:WhirlingStrike"],"picked":"bronze:Terminator+1","floor":36},{"not_picked":["bronze:WhirlingStrike+1","bronze:BitShift+1","bronze:BronzeArmor+1"],"picked":"Singing Bowl","floor":38},{"not_picked":["bronze:Invalidate+1","bronze:Optimize+1"],"picked":"bronze:RecursiveStrike","floor":42},{"not_picked":["bronze:Overheat+1","bronze:Shield+1","bronze:ForceShield+1"],"picked":"Singing Bowl","floor":43},{"not_picked":["bronze:MaxOutput","bronze:ChosenStrike","bronze:BitShift+1"],"picked":"Singing Bowl","floor":45},{"not_picked":["bronze:WildBeam","bronze:FineTuning+1","bronze:CutThrough+1"],"picked":"Singing Bowl","floor":47},{"not_picked":["bronze:ItsAFeature","bronze:Iterate+1","bronze:BuggyMess+1"],"picked":"Singing Bowl","floor":48},{"not_picked":["bronze:WhirlingStrike","bronze:BitShift+1","bronze:Iterate"],"picked":"Singing Bowl","floor":49}],"player_experience":327336,"relics_obtained":[{"floor":7,"key":"Eternal Feather"},{"floor":9,"key":"Pen Nib"},{"floor":10,"key":"downfall:CloakOfManyFaces"},{"floor":13,"key":"Dream Catcher"},{"floor":23,"key":"Toxic Egg 2"},{"floor":26,"key":"Meat on the Bone"},{"floor":42,"key":"bronze:CableSpool"},{"floor":45,"key":"MealTicket"}],"event_choices":[{"damage_healed":0,"gold_gain":0,"player_choice":"Success","damage_taken":12,"relics_obtained":["Pantograph"],"max_hp_gain":0,"max_hp_loss":0,"event_name":"Scrap Ooze","floor":12,"gold_loss":0},{"cards_removed":["bronze:Optimize"],"damage_healed":0,"gold_gain":0,"player_choice":"Removed Power","damage_taken":0,"max_hp_gain":0,"max_hp_loss":0,"event_name":"Falling","floor":39,"gold_loss":0}],"is_beta":false,"boss_relics":[{"not_picked":["Tiny House","Pandora\u0027s Box"],"picked":"Runic Pyramid"},{"not_picked":["SlaversCollar","Snecko Eye"],"picked":"Cursed Key"}],"items_purged_floors":[4,8],"is_endless":false,"potions_floor_spawned":[9,10,13,14,16,21,26,36,38,43,48],"ascension_level":1}}