{"host":"7sni158j623xchr2","time":1613367776,"event":{"mods":["BaseMod","Colored Map","Highlight Path","Minty Spire (QoL Compilation)","Permanent Neow","Potion Indicator Mod","Rare Cards Sparkle","Relic Sorter","Relic Stats","StSLib","everything is the same but u backflip on backflip"],"gold_per_floor":[15,15,31,48,58,58,91,105,105,105,134,134,134,160,160,264,264,280,280,298,77,91,124,124,124,202,220,236,268,368,400,400,496,496,508,265,265,318,331,360,360,372,372,119,134,163,163,197,197,197,197],"floor_reached":50,"language":"ENG","playtime":1771,"items_purged":["Defend_G","Bite"],"score":806,"play_id":"9c52e2bb-13e2-4835-8808-c1628353ad71","local_time":"20210214234256","is_ascension_mode":true,"campfire_choices":[{"data":"Neutralize","floor":6,"key":"SMITH"},{"data":"Dash","floor":13,"key":"SMITH"},{"data":"Terror","floor":15,"key":"SMITH"},{"floor":24,"key":"RECALL"},{"floor":32,"key":"REST"},{"data":"Defend_G","floor":47,"key":"PURGE"},{"data":"Bite","floor":49,"key":"PURGE"}],"circlet_count":0,"master_deck":["Defend_G","Defend_G","Defend_G","Survivor","Neutralize+1","Apotheosis+1","Flying Knee","Dagger Throw","PiercingWail","Dagger Spray","Dash+1","PiercingWail","Terror+1","Die Die Die","Backflip","Bite","Bite+1","Bite+1","Caltrops","Catalyst","After Image","Die Die Die","Cloak And Dagger+1","Catalyst","Deadly Poison","Deadly Poison+1","Wraith Form v2"],"relics":["Ring of the Snake","Unceasing Top","Gremlin Horn","Akabeko","GremlinMask","Juzu Bracelet","Fusion Hammer","Lee\u0027s Waffle","Pantograph","InkBottle","Mercury Hourglass","Sundial","Du-Vu Doll","Pear","Potion Belt","Coffee Dripper","DollysMirror","Tough Bandages","Centennial Puzzle","White Beast Statue","Snake Skull","Peace Pipe","Whetstone"],"acts_visited":["Exordium","TheCity","TheBeyond"],"potions_floor_usage":[14,20,30,38,50],"damage_taken":[{"damage":1,"enemies":"Jaw Worm","floor":1,"turns":3},{"damage":0,"enemies":"2 Louse","floor":3,"turns":3},{"damage":0,"enemies":"Cultist","floor":4,"turns":2},{"damage":2,"enemies":"Exordium Thugs","floor":5,"turns":5},{"damage":1,"enemies":"Gremlin Nob","floor":7,"turns":4},{"damage":1,"enemies":"Blue Slaver","floor":8,"turns":4},{"damage":3,"enemies":"Lagavulin","floor":11,"turns":8},{"damage":1,"enemies":"Gremlin Nob","floor":14,"turns":4},{"damage":10,"enemies":"Hexaghost","floor":16,"turns":11},{"damage":0,"enemies":"3 Byrds","floor":18,"turns":3},{"damage":0,"enemies":"Shell Parasite","floor":20,"turns":2},{"damage":1,"enemies":"Cultist and Chosen","floor":22,"turns":5},{"damage":0,"enemies":"Book of Stabbing","floor":23,"turns":4},{"damage":0,"enemies":"Snecko","floor":27,"turns":4},{"damage":2,"enemies":"Centurion and Healer","floor":28,"turns":6},{"damage":0,"enemies":"Gremlin Leader","floor":29,"turns":3},{"damage":4,"enemies":"Colosseum Slavers","floor":30,"turns":5},{"damage":8,"enemies":"Colosseum Nobs","floor":30,"turns":4},{"damage":18,"enemies":"Book of Stabbing","floor":31,"turns":4},{"damage":41,"enemies":"Collector","floor":33,"turns":13},{"damage":3,"enemies":"3 Shapes","floor":35,"turns":4},{"damage":13,"enemies":"2 Orb Walkers","floor":38,"turns":4},{"damage":0,"enemies":"Orb Walker","floor":39,"turns":3},{"damage":0,"enemies":"Reptomancer","floor":40,"turns":5},{"damage":14,"enemies":"Maw","floor":42,"turns":8},{"damage":14,"enemies":"Sphere and 2 Shapes","floor":45,"turns":4},{"damage":0,"enemies":"Giant Head","floor":46,"turns":6},{"damage":2,"enemies":"Reptomancer","floor":48,"turns":3},{"damage":82,"enemies":"Time Eater","floor":50,"turns":9}],"seed_played":"2599481270316380992","potions_obtained":[{"floor":7,"key":"LiquidMemories"},{"floor":8,"key":"SpeedPotion"},{"floor":14,"key":"Explosive Potion"},{"floor":16,"key":"SkillPotion"},{"floor":18,"key":"SkillPotion"},{"floor":23,"key":"Regen Potion"},{"floor":30,"key":"BlessingOfTheForge"},{"floor":33,"key":"Block Potion"},{"floor":40,"key":"Block Potion"},{"floor":42,"key":"Dexterity Potion"},{"floor":45,"key":"Poison Potion"}],"is_trial":false,"path_per_floor":["M","?","M","M","M","R","E","M","T","?","E","?","R","E","R","B",null,"M","?","M","$","M","E","R","?","T","M","M","E","?","E","R","B",null,"M","$","?","?","M","E","R","M","T","$","M","E","R","E","R","B"],"character_chosen":"THE_SILENT","items_purchased":["Lee\u0027s Waffle","DollysMirror","GhostInAJar","Snake Skull"],"campfire_rested":1,"item_purchase_floors":[21,36,44,44],"current_hp_per_floor":[69,69,69,69,67,67,66,65,65,47,44,44,44,43,43,33,70,70,49,49,56,56,56,56,56,56,56,56,56,61,52,66,58,66,66,66,63,58,63,63,63,59,59,59,58,63,63,61,61,0,0],"gold":197,"neow_bonus":"RANDOM_COLORLESS_2","is_daily":false,"chose_seed":false,"campfire_upgraded":3,"win_rate":0.0,"timestamp":1613367776,"path_taken":["M","?","M","M","M","R","E","M","T","?","E","?","R","E","R","BOSS","M","?","M","?","M","E","R","?","T","M","M","E","?","E","R","BOSS","M","$","?","?","M","E","R","M","T","?","M","E","R","E","R","BOSS"],"items_purchased_type":["Relic","Relic","Potion","Relic"],"build_version":"2020-12-22","purchased_purges":2,"victory":false,"max_hp_per_floor":[70,70,70,70,70,70,70,70,70,70,70,70,70,70,70,70,70,70,49,49,56,56,56,56,56,56,56,56,56,66,66,66,66,66,66,66,63,63,63,63,63,63,63,63,63,63,63,63,63,63,63],"relic_stats":{"Lee\u0027s Waffle":7,"Gremlin Horn":[25,25],"counters":[29,142],"Snake Skull":[15],"Juzu Bracelet":1,"Whetstone":["Bite","Bite"],"Mercury Hourglass":[355],"Peace Pipe":2,"Tough Bandages":[36],"Centennial Puzzle":[12],"Sundial":[10],"Pantograph":2,"obtain_stats":[{"Potion Belt":31,"Lee\u0027s Waffle":21,"Pear":30,"Gremlin Horn":10,"GremlinMask":12,"Snake Skull":44,"Juzu Bracelet":14,"Whetstone":48,"Akabeko":11,"White Beast Statue":43,"Mercury Hourglass":26,"Du-Vu Doll":30,"Peace Pipe":46,"Tough Bandages":38,"Centennial Puzzle":40,"Sundial":29,"DollysMirror":36,"Pantograph":23,"Fusion Hammer":17,"Coffee Dripper":34,"Unceasing Top":7,"InkBottle":25,"Ring of the Snake":0},{"Potion Belt":19,"Lee\u0027s Waffle":11,"Pear":18,"Gremlin Horn":6,"GremlinMask":7,"Snake Skull":25,"Juzu Bracelet":8,"Whetstone":28,"Akabeko":7,"White Beast Statue":25,"Mercury Hourglass":13,"Du-Vu Doll":18,"Peace Pipe":27,"Tough Bandages":22,"Centennial Puzzle":24,"Sundial":16,"DollysMirror":21,"Pantograph":13,"Fusion Hammer":9,"Coffee Dripper":20,"Unceasing Top":5,"InkBottle":13,"Ring of the Snake":0},{"Potion Belt":83,"Lee\u0027s Waffle":49,"Pear":79,"Gremlin Horn":21,"GremlinMask":29,"Snake Skull":120,"Juzu Bracelet":33,"Whetstone":133,"Akabeko":29,"White Beast Statue":120,"Mercury Hourglass":58,"Du-Vu Doll":79,"Peace Pipe":130,"Tough Bandages":104,"Centennial Puzzle":112,"Sundial":71,"DollysMirror":100,"Pantograph":58,"Fusion Hammer":44,"Coffee Dripper":96,"Unceasing Top":17,"InkBottle":58,"Ring of the Snake":0}],"Unceasing Top":[20],"InkBottle":[36],"Ring of the Snake":[58]},"card_choices":[{"not_picked":["Transmutation","Mayhem"],"picked":"Apotheosis","floor":0},{"not_picked":["Deadly Poison","Dodge and Roll"],"picked":"Flying Knee","floor":1},{"not_picked":["Distraction","Prepared"],"picked":"Dagger Throw","floor":3},{"not_picked":["Underhanded Strike","Escape Plan"],"picked":"PiercingWail","floor":4},{"not_picked":["Blade Dance","Setup","Tactician"],"picked":"SKIP","floor":5},{"not_picked":["Outmaneuver","Setup"],"picked":"Dagger Spray","floor":7},{"not_picked":["Cloak And Dagger","Deadly Poison"],"picked":"Dash","floor":8},{"not_picked":["Envenom","Prepared"],"picked":"PiercingWail","floor":11},{"not_picked":["Concentrate","Poisoned Stab"],"picked":"Terror","floor":14},{"not_picked":["After Image","Adrenaline"],"picked":"Die Die Die","floor":16},{"not_picked":["Accuracy+1","Flechettes"],"picked":"Backflip","floor":18},{"not_picked":["Underhanded Strike","Outmaneuver+1","Slice"],"picked":"SKIP","floor":20},{"not_picked":["Well Laid Plans","Poisoned Stab","Dagger Spray+1"],"picked":"SKIP","floor":22},{"not_picked":["Prepared","Cloak And Dagger","Endless Agony"],"picked":"SKIP","floor":23},{"not_picked":["Dagger Spray","Cloak And Dagger"],"picked":"Caltrops","floor":27},{"not_picked":["Blade Dance","All Out Attack","Dagger Spray"],"picked":"SKIP","floor":28},{"not_picked":["Deadly Poison+1","Cloak And Dagger"],"picked":"Catalyst","floor":29},{"not_picked":["Flechettes","Caltrops"],"picked":"After Image","floor":30},{"not_picked":["Eviscerate","Noxious Fumes","Blade Dance"],"picked":"SKIP","floor":31},{"not_picked":["Grand Finale","A Thousand Cuts"],"picked":"Die Die Die","floor":33},{"not_picked":["Finisher+1","Tactician"],"picked":"Cloak And Dagger+1","floor":35},{"not_picked":["Caltrops","Bane","Backstab+1"],"picked":"SKIP","floor":39},{"not_picked":["Concentrate","Dagger Spray+1","Catalyst"],"picked":"SKIP","floor":40},{"not_picked":["Cloak And Dagger+1","Eviscerate"],"picked":"Deadly Poison","floor":42},{"not_picked":["Underhanded Strike","Quick Slash"],"picked":"Deadly Poison+1","floor":45},{"not_picked":["Outmaneuver","Flechettes+1","Noxious Fumes+1"],"picked":"SKIP","floor":46},{"not_picked":["Tactician+1","Underhanded Strike"],"picked":"Wraith Form v2","floor":48}],"player_experience":1797697,"relics_obtained":[{"floor":7,"key":"Unceasing Top"},{"floor":11,"key":"Akabeko"},{"floor":14,"key":"Juzu Bracelet"},{"floor":23,"key":"Pantograph"},{"floor":26,"key":"Mercury Hourglass"},{"floor":29,"key":"Sundial"},{"floor":30,"key":"Du-Vu Doll"},{"floor":30,"key":"Pear"},{"floor":31,"key":"Potion Belt"},{"floor":38,"key":"Tough Bandages"},{"floor":40,"key":"Centennial Puzzle"},{"floor":43,"key":"White Beast Statue"},{"floor":46,"key":"Peace Pipe"},{"floor":48,"key":"Whetstone"}],"event_choices":[{"damage_healed":0,"gold_gain":0,"player_choice":"Grow","damage_taken":0,"max_hp_gain":0,"max_hp_loss":0,"event_name":"Living Wall","floor":2,"gold_loss":0,"cards_upgraded":["Apotheosis"]},{"damage_healed":0,"gold_gain":0,"player_choice":"Success","damage_taken":18,"relics_obtained":["Gremlin Horn"],"max_hp_gain":0,"max_hp_loss":0,"event_name":"Scrap Ooze","floor":10,"gold_loss":0},{"damage_healed":0,"gold_gain":0,"player_choice":"Trade","damage_taken":0,"relics_obtained":["GremlinMask"],"max_hp_gain":0,"max_hp_loss":0,"event_name":"FaceTrader","floor":12,"gold_loss":0},{"damage_healed":0,"gold_gain":0,"player_choice":"Became a vampire","damage_taken":0,"max_hp_gain":0,"max_hp_loss":21,"event_name":"Vampires","floor":19,"gold_loss":0,"cards_obtained":["Bite","Bite","Bite","Bite","Bite"]},{"damage_healed":0,"gold_gain":0,"player_choice":"Gave Potion","damage_taken":0,"relics_obtained":["InkBottle"],"max_hp_gain":0,"max_hp_loss":0,"event_name":"WeMeetAgain","floor":25,"gold_loss":0},{"damage_healed":0,"gold_gain":0,"player_choice":"Fight","damage_taken":0,"max_hp_gain":0,"max_hp_loss":0,"event_name":"Colosseum","floor":30,"gold_loss":0},{"damage_healed":0,"gold_gain":0,"player_choice":"Fought Nobs","damage_taken":0,"max_hp_gain":0,"max_hp_loss":0,"event_name":"Colosseum","floor":30,"gold_loss":0},{"damage_healed":0,"gold_gain":0,"player_choice":"Max HP","damage_taken":0,"max_hp_gain":0,"max_hp_loss":3,"event_name":"Winding Halls","floor":37,"gold_loss":0},{"damage_healed":0,"gold_gain":0,"player_choice":"Fight","damage_taken":0,"max_hp_gain":0,"max_hp_loss":0,"event_name":"Mysterious Sphere","floor":38,"gold_loss":0}],"is_beta":false,"boss_relics":[{"not_picked":["Runic Dome","Pandora\u0027s Box"],"picked":"Fusion Hammer"},{"not_picked":["Runic Pyramid","Sozu"],"picked":"Coffee Dripper"}],"items_purged_floors":[21,36],"is_endless":false,"potions_floor_spawned":[7,8,14,16,18,23,30,30,33,40,42,45,46,48],"killed_by":"Time Eater","ascension_level":2}}