{"host":"9jojwlkiolcvds8e","time":1613362442,"event":{"mods":["ATMod(°¢èªMod)","Act Like it!","Arknights","BaseMod","Better Vampires","Colored Powertips","Gensokyo","Hallownest","Jedi Mod","Lobotomy","Minty Spire (QoL Compilation)","MostiFishMod","Pale of the Ancients","Prisma Mod","Quick Restart","Railgun Mod","Replay The Spire","Shop Mod","StSLib","TestMod","Waifu the Spire","WarShipGirlsR/Õ½½¢ÉÙÅ®R mod","Yakumo Yukari mod","Youmu£¨»êÆÇÑýÃÎ£©","¡¾ÒÅÎï¿¨ÅÆ¡¿REMEMod","óô»ðÖ¸ÄÏ"],"gold_per_floor":[140,140,153,170,182,217,217,217,267,279,301,313,377,409,421,538,550,580,608,620,644,681,681],"floor_reached":22,"language":"ZHS","playtime":1820,"items_purged":[],"score":200,"play_id":"a4233fcf-92f8-47a1-a095-82ea1915805d","local_time":"20210215121402","is_ascension_mode":false,"campfire_choices":[{"data":"LoveAcrossDimensions_purple","floor":8.0,"key":"SMITH"},{"data":"Mirror_Drifter_purple","floor":10.0,"key":"SMITH"},{"data":"Mirror_FormAndEmptin_purple","floor":12.0,"key":"SMITH"},{"data":"RuleDissolution_purple","floor":15,"key":"SMITH"}],"circlet_count":0,"master_deck":["Defend_purpleEX","Defend_purpleEX","Observe_purple_1","Observe_purple_2","AT_EmpoweredMortalDraw","MostiFishMod:RacingGame+1","Worldmountain_purple","DimensionStaggered_purple","RuleDissolution_purple+1","Mirror_Drifter_purple+1","LoveAcrossDimensions_purple+1","Mirror_FormAndEmptin_purple+1","MeetDecomposer_purple","GluttonyofRealm_purpleEX","Bait_Toxicbait_purple+1","SharpContractionReality_purple+1","Fantasy_PerpetualMotionMachine_purple"],"relics":["Boundary_crack","Memoryfragments_purpleEX","testmod-TestBox","DaveBox","AT_ATBox","REME_ComplimentaryCards","testmod-SaigiyounoYou","ArrowTower","SynthV:TestCard","Eternal Feather","WarpedTongs","MawBank","Pen Nib","testmod-KeyOfTheVoid","jedi:maincommand"],"acts_visited":["Exordium","Hallownest:CityofTears"],"potions_floor_usage":[21,21],"damage_taken":[{"damage":0.0,"enemies":"Small Slimes","floor":1.0,"turns":1.0},{"damage":0.0,"enemies":"Cultist","floor":3.0,"turns":3.0},{"damage":0.0,"enemies":"ats:Genji","floor":4.0,"turns":1.0},{"damage":0.0,"enemies":"Gremlin Gang","floor":5.0,"turns":1.0},{"damage":24.0,"enemies":"Lagavulin","floor":6.0,"turns":5.0},{"damage":0.0,"enemies":"Looter","floor":11.0,"turns":4.0},{"damage":39,"enemies":"3 Sentries","floor":13,"turns":5},{"damage":11,"enemies":"Exordium Thugs","floor":14,"turns":3},{"damage":23,"enemies":"Hexaghost","floor":16,"turns":5},{"damage":5,"enemies":"Hallownest:Guard_and_Sentry","floor":18,"turns":5},{"damage":9,"enemies":"Hallownest:Flukemon_and_Top","floor":19,"turns":4},{"damage":10,"enemies":"Hallownest:2_Husk_Sentries","floor":21,"turns":3},{"damage":30,"enemies":"Hallownest:Master_and_Novice","floor":22,"turns":4}],"seed_played":"5093919391471727864","potions_obtained":[{"floor":1.0,"key":"EntropicBrew"},{"floor":2.0,"key":"CultistPotion"},{"floor":2.0,"key":"FairyPotion"}],"is_trial":false,"path_per_floor":["M","?","M","M","M","E","?","R","T","R","M","R","E","M","R","B",null,"M","M","?","M","M"],"character_chosen":"Youkari","items_purchased":[],"campfire_rested":0,"item_purchase_floors":[],"current_hp_per_floor":[70,70,70,70,70,54,54,63,63,70,70,70,36,34,46,37,70,73,72,23,26,5,5],"gold":681,"neow_bonus":"UPGRADE_CARD","is_daily":false,"chose_seed":false,"campfire_upgraded":4,"win_rate":0.0,"timestamp":1613362442,"path_taken":["M","?","M","M","?","E","?","R","T","R","M","R","E","M","R","BOSS","M","?","?","?","M"],"items_purchased_type":[],"build_version":"2020-12-22","purchased_purges":0,"victory":false,"max_hp_per_floor":[70,70,70,70,70,70,70,70,70,70,70,70,70,70,70,70,70,73,77,77,81,81,81],"card_choices":[{"not_picked":["ButterflyHabitatTemple_purple","SfantasyHide_purple"],"picked":"Worldmountain_purple","floor":1.0},{"not_picked":["ExistenceContinue_purple","Nest_LightFlightworm_purple","Photoelasticity_Doppler_Effect_purple","RuleDissolution_purple"],"picked":"DimensionStaggered_purple","floor":3.0},{"not_picked":["Bait_Toxicbait_purple","StretchesForeverDream_purple","StateDuplicate_purple","DimensionStaggered_purple"],"picked":"RuleDissolution_purple","floor":4.0},{"not_picked":["Umbrella_purple","MonsterNeedle_purple","OmniscientAndOmnipotent_Monster_purple","SharpContractionReality_purple"],"picked":"Mirror_Drifter_purple","floor":5.0},{"not_picked":["Mirror_FourBoundary_purple","SharpContractionReality_purple","StateDuplicate_purple","PurpleNeedle_purple"],"picked":"LoveAcrossDimensions_purple","floor":6.0},{"not_picked":["AdvanceAttack_purple","Extrememeaning_purpleEX","WingOfChimera_purple","ExistenceContinue_purple"],"picked":"Mirror_FormAndEmptin_purple","floor":11.0},{"not_picked":["Nest_LightFlightworm_purple","DimensionStaggered_purple","SharpContractionReality_purple","AdvanceAttack_purple"],"picked":"MeetDecomposer_purple","floor":13},{"not_picked":["Mirror_FourBoundary_purple","Nest_LightFlightworm_purple","WeekHit_purple","Boundary_DreamRealityDamnation_purple"],"picked":"ProofOfUnderstanding_purple","floor":14},{"not_picked":["UniverseChoice_purple","Know_ledgeAbilityRealm_purple","WangLiang_OokamiKakushi_purple","ContainerChange_purple"],"picked":"GluttonyofRealm_purpleEX","floor":16},{"not_picked":["Umbrella_purple","StateErode_purple","DimensionStaggered_purple","MetroBOOM_purple"],"picked":"Bait_Toxicbait_purple+1","floor":18},{"not_picked":["Line_surface_state_purple","Bait_Toxicbait_purple","Realm_recovery_purpleEX","Worldmountain_purple"],"picked":"SharpContractionReality_purple+1","floor":19},{"not_picked":["Umbrella_purple","Charmbait_purple","DarkRealmRedLine_purple+1","RuleDissolution_purple"],"picked":"Fantasy_PerpetualMotionMachine_purple","floor":21}],"player_experience":206238,"relics_obtained":[{"floor":1.0,"key":"SynthV:TestCard"},{"floor":6.0,"key":"Eternal Feather"},{"floor":9.0,"key":"MawBank"},{"floor":13,"key":"Pen Nib"}],"event_choices":[{"damage_healed":0.0,"max_hp_gain":0.0,"max_hp_loss":0.0,"gold_gain":0.0,"event_name":"Lab","player_choice":"Got Potions","floor":2.0,"gold_loss":0.0,"damage_taken":0.0},{"damage_healed":0.0,"max_hp_gain":0.0,"max_hp_loss":0.0,"gold_gain":0.0,"event_name":"Accursed Blacksmith","player_choice":"Rummage","floor":7.0,"gold_loss":0.0,"damage_taken":0.0,"relics_obtained":["WarpedTongs"],"cards_obtained":["Pain"]}],"is_beta":false,"boss_relics":[{"not_picked":["REME_ChargedStone","Empty Cage"],"picked":"testmod-KeyOfTheVoid"}],"items_purged_floors":[],"is_endless":false,"potions_floor_spawned":[1,5,11,13,16,18,19],"killed_by":"Hallownest:Master_and_Novice","ascension_level":0}}