{"host":"mvk4cyf8p31hksyn","time":1613419819,"event":{"mods":["BaseMod","Block Reminder","Colored Map","Highlight Path","Minty Spire (QoL Compilation)","Relic Sorter"],"gold_per_floor":[114,114,114,114,114,144,144,144,169,211,223,265,277,304,316,428,440,467,494,421,433,370,412,424,436,523,565,275,275,275,305,305,405,405,420,456,456,506,36,66,66,66,66,66,96,0,0,30,30,30],"floor_reached":51,"language":"ENG","playtime":1925,"items_purged":["Strike_R"],"score":870,"play_id":"56382b57-0db4-4201-bcce-3f85de54f8ec","local_time":"20210215211019","daily_mods":["Heirloom","Flight","Night Terrors"],"is_ascension_mode":false,"campfire_choices":[{"data":"Combust","floor":7,"key":"SMITH"},{"data":"Bash","floor":8,"key":"SMITH"},{"data":"Defend_R","floor":11,"key":"SMITH"},{"data":"Strike_R","floor":13,"key":"SMITH"},{"data":"True Grit","floor":15,"key":"SMITH"},{"data":"Rupture","floor":24,"key":"SMITH"},{"data":"Rupture","floor":29,"key":"SMITH"},{"data":"Barricade","floor":30,"key":"SMITH"},{"data":"Sword Boomerang","floor":32,"key":"SMITH"},{"data":"Apotheosis","floor":41,"key":"SMITH"},{"data":"Battle Trance","floor":42,"key":"SMITH"},{"data":"Disarm","floor":47,"key":"SMITH"},{"data":"Madness","floor":49,"key":"SMITH"}],"circlet_count":0,"master_deck":["Strike_R+1","Defend_R+1","Defend_R+1","Defend_R+1","Bash+1","Combust+1","Shrug It Off+1","True Grit+1","Barricade+1","Blood for Blood+1","Rupture+1","Sword Boomerang+1","Disarm+1","Reaper+1","Madness+1","Rupture+1","Battle Trance+1","Heavy Blade+1","Burning Pact+1","Sword Boomerang+1","Apotheosis+1"],"relics":["Burning Blood","Torii","Anchor","Orichalcum","MawBank","Lantern","Letter Opener","Coffee Dripper","Smiling Mask","War Paint","Self Forming Clay","The Courier","Juzu Bracelet","Runic Cube","Unceasing Top","CaptainsWheel","Orrery","Matryoshka","White Beast Statue","Omamori","Whetstone","Champion Belt","Red Mask","StoneCalendar"],"acts_visited":["Exordium","TheCity","TheBeyond"],"potions_floor_usage":[12,16,27,27,36,50],"damage_taken":[{"damage":7,"enemies":"2 Louse","floor":1,"turns":3},{"damage":34,"enemies":"Lagavulin","floor":6,"turns":7},{"damage":6,"enemies":"3 Sentries","floor":10,"turns":6},{"damage":27,"enemies":"Lagavulin","floor":12,"turns":6},{"damage":0,"enemies":"Jaw Worm","floor":14,"turns":2},{"damage":16,"enemies":"Hexaghost","floor":16,"turns":10},{"damage":3,"enemies":"2 Thieves","floor":18,"turns":3},{"damage":4,"enemies":"Spheric Guardian","floor":19,"turns":5},{"damage":29,"enemies":"Book of Stabbing","floor":23,"turns":6},{"damage":4,"enemies":"Slavers","floor":27,"turns":4},{"damage":5,"enemies":"Book of Stabbing","floor":31,"turns":5},{"damage":23,"enemies":"Champ","floor":33,"turns":7},{"damage":9,"enemies":"Orb Walker","floor":35,"turns":4},{"damage":40,"enemies":"2 Orb Walkers","floor":36,"turns":5},{"damage":3,"enemies":"Mind Bloom Boss Battle","floor":38,"turns":5},{"damage":19,"enemies":"Nemesis","floor":40,"turns":5},{"damage":44,"enemies":"Reptomancer","floor":45,"turns":5},{"damage":5,"enemies":"Nemesis","floor":48,"turns":5},{"damage":12,"enemies":"Time Eater","floor":50,"turns":8}],"seed_played":"5535013652570512859","potions_obtained":[{"floor":1,"key":"SpeedPotion"},{"floor":10,"key":"Regen Potion"},{"floor":14,"key":"HeartOfIron"},{"floor":18,"key":"EntropicBrew"},{"floor":23,"key":"AttackPotion"},{"floor":31,"key":"GamblersBrew"},{"floor":40,"key":"SteroidPotion"},{"floor":44,"key":"DuplicationPotion"},{"floor":44,"key":"Explosive Potion"}],"is_trial":false,"path_per_floor":["M","?","$","?","T","E","R","R","T","E","R","E","R","M","R","B",null,"M","M","?","?","?","E","R","?","T","E","$","R","R","E","R","B",null,"M","?","?","?","$","E","R","R","T","?","E","?","R","E","R","B",null],"character_chosen":"IRONCLAD","items_purchased":["Reaper","Madness","Rupture","Orrery","Matryoshka","Apotheosis"],"campfire_rested":0,"item_purchase_floors":[28,28,28,39,39,39],"current_hp_per_floor":[79,63,63,56,56,28,28,28,28,28,28,22,22,28,28,18,80,80,80,80,80,80,57,57,57,57,59,59,59,59,75,75,78,80,77,58,58,61,61,48,48,48,48,48,26,26,26,27,27,21],"gold":30,"neow_bonus":"","is_daily":true,"chose_seed":false,"campfire_upgraded":13,"win_rate":0.0,"timestamp":1613419819,"path_taken":["M","?","?","?","?","E","R","R","T","E","R","E","R","?","R","BOSS","M","?","?","?","?","E","R","?","T","E","?","R","R","E","R","BOSS","M","?","?","?","$","E","R","R","T","?","E","?","R","E","R","BOSS"],"items_purchased_type":["Card","Card","Card","Relic","Relic","Card"],"build_version":"2020-12-22","purchased_purges":1,"victory":true,"max_hp_per_floor":[80,80,80,80,80,80,80,80,80,80,80,80,80,80,80,80,80,80,80,80,80,80,80,80,80,80,80,80,80,80,80,80,80,80,80,80,80,80,80,80,80,80,80,80,80,80,80,80,80,80],"card_choices":[{"not_picked":["Dark Embrace","Body Slam"],"picked":"Combust","floor":1},{"not_picked":["Sword Boomerang","Heavy Blade"],"picked":"Shrug It Off","floor":6},{"not_picked":["Anger","Wild Strike","Flex"],"picked":"SKIP","floor":10},{"not_picked":["Clash","Sentinel","Pommel Strike"],"picked":"SKIP","floor":12},{"not_picked":["Armaments","Dark Embrace"],"picked":"True Grit","floor":14},{"not_picked":["Brutality","Bludgeon"],"picked":"Barricade","floor":16},{"not_picked":["Sword Boomerang","Warcry"],"picked":"Blood for Blood+1","floor":18},{"not_picked":["Havoc","Perfected Strike+1"],"picked":"Rupture","floor":19},{"not_picked":["Blood for Blood","Carnage"],"picked":"Sword Boomerang","floor":23},{"not_picked":["Sword Boomerang","Rage"],"picked":"Disarm","floor":27},{"not_picked":["Clash","Sentinel"],"picked":"Battle Trance","floor":31},{"not_picked":["Metallicize+1","Havoc+1"],"picked":"Heavy Blade+1","floor":35},{"not_picked":["True Grit","Rampage+1"],"picked":"Burning Pact+1","floor":38},{"not_picked":["Havoc+1","Rage"],"picked":"Sword Boomerang+1","floor":39},{"not_picked":["Metallicize+1","Seeing Red","Flex+1"],"picked":"SKIP","floor":40},{"not_picked":["Bloodletting","Twin Strike+1","Perfected Strike+1"],"picked":"SKIP","floor":45},{"not_picked":["Headbutt+1","Juggernaut","Thunderclap"],"picked":"SKIP","floor":48}],"player_experience":856291,"relics_obtained":[{"floor":5,"key":"Anchor"},{"floor":6,"key":"Orichalcum"},{"floor":9,"key":"MawBank"},{"floor":10,"key":"Lantern"},{"floor":12,"key":"Letter Opener"},{"floor":23,"key":"War Paint"},{"floor":26,"key":"Self Forming Clay"},{"floor":27,"key":"The Courier"},{"floor":31,"key":"Juzu Bracelet"},{"floor":36,"key":"Unceasing Top"},{"floor":38,"key":"CaptainsWheel"},{"floor":40,"key":"White Beast Statue"},{"floor":43,"key":"Omamori"},{"floor":43,"key":"Whetstone"},{"floor":45,"key":"Champion Belt"},{"floor":48,"key":"StoneCalendar"}],"event_choices":[{"damage_healed":0,"gold_gain":0,"player_choice":"Entered Light","damage_taken":16,"max_hp_gain":0,"max_hp_loss":0,"event_name":"Shining Light","floor":2,"gold_loss":0,"cards_upgraded":["Strike_R","Defend_R"]},{"cards_removed":["Strike_R"],"damage_healed":0,"gold_gain":0,"player_choice":"Card Removal","damage_taken":7,"max_hp_gain":0,"max_hp_loss":0,"event_name":"Golden Wing","floor":4,"gold_loss":0},{"damage_healed":0,"gold_gain":0,"player_choice":"Obtained Relic","damage_taken":0,"relics_obtained":["Smiling Mask"],"max_hp_gain":0,"max_hp_loss":0,"event_name":"Addict","floor":20,"gold_loss":85},{"cards_removed":["Strike_R"],"damage_healed":0,"gold_gain":0,"player_choice":"Elegance","damage_taken":0,"max_hp_gain":0,"max_hp_loss":0,"event_name":"Back to Basics","floor":21,"gold_loss":0},{"cards_removed":["Defend_R"],"damage_healed":0,"gold_gain":0,"player_choice":"Gave Gold","damage_taken":0,"max_hp_gain":0,"max_hp_loss":0,"event_name":"Beggar","floor":22,"gold_loss":75},{"damage_healed":0,"gold_gain":0,"player_choice":"Ignored","damage_taken":0,"max_hp_gain":0,"max_hp_loss":0,"event_name":"Ghosts","floor":25,"gold_loss":0},{"damage_healed":0,"gold_gain":0,"player_choice":"Fight","damage_taken":0,"max_hp_gain":0,"max_hp_loss":0,"event_name":"Mysterious Sphere","floor":36,"gold_loss":0},{"cards_removed":["Strike_R"],"damage_healed":0,"gold_gain":0,"player_choice":"Purged","damage_taken":0,"max_hp_gain":0,"max_hp_loss":0,"event_name":"Purifier","floor":37,"gold_loss":0},{"damage_healed":0,"gold_gain":0,"player_choice":"Fight","damage_taken":0,"max_hp_gain":0,"max_hp_loss":0,"event_name":"MindBloom","floor":38,"gold_loss":0},{"damage_healed":0,"gold_gain":0,"player_choice":"Got Potions","damage_taken":0,"max_hp_gain":0,"max_hp_loss":0,"event_name":"Lab","floor":44,"gold_loss":0},{"damage_healed":0,"gold_gain":0,"player_choice":"Paid","damage_taken":0,"relics_obtained":["Red Mask"],"max_hp_gain":0,"max_hp_loss":0,"event_name":"Tomb of Lord Red Mask","floor":46,"gold_loss":96}],"is_beta":false,"boss_relics":[{"not_picked":["Snecko Eye","Empty Cage"],"picked":"Coffee Dripper"},{"not_picked":["Black Blood","Velvet Choker"],"picked":"Runic Cube"}],"items_purged_floors":[28],"is_endless":false,"potions_floor_spawned":[1,10,14,18,23,31,40,45,48],"ascension_level":0}}