{"host":"Kdaddybrian","time":1613422575,"event":{"mods":["AchievementEnabler","BaseMod","Bestiary","Colored Map","Colored Powertips","Minty Spire (QoL Compilation)","Potion Indicator Mod","Quick Restart","Rare Cards Sparkle","Relic Stats","StSLib","Uncapped","Weighted Paths"],"gold_per_floor":[15,35,35,55,72,72,72],"floor_reached":6,"language":"ENG","playtime":331,"items_purged":[],"score":59,"play_id":"b6c65cc3-7eb6-436d-a583-475d72668e08","local_time":"20210215155615","is_ascension_mode":true,"campfire_choices":[],"circlet_count":0,"master_deck":["AscendersBane","Strike_P","Strike_P","Strike_P+1","Strike_P","Defend_P","Defend_P+1","Defend_P","Defend_P","Eruption","Vigilance","WheelKick","Wallop","EmptyBody","FlurryOfBlows"],"relics":["PureWater","Girya"],"acts_visited":["Exordium"],"potions_floor_usage":[],"damage_taken":[{"damage":0.0,"enemies":"2 Louse","floor":1.0,"turns":3.0},{"damage":0.0,"enemies":"Small Slimes","floor":2.0,"turns":2.0},{"damage":0.0,"enemies":"Jaw Worm","floor":4.0,"turns":2.0},{"damage":28.0,"enemies":"Gremlin Gang","floor":5.0,"turns":7.0},{"damage":30,"enemies":"Lagavulin","floor":6,"turns":7}],"seed_played":"2358874645646782339","potions_obtained":[{"floor":4.0,"key":"Swift Potion"}],"is_trial":false,"path_per_floor":["M","M","?","M","M","E"],"character_chosen":"WATCHER","items_purchased":[],"campfire_rested":0,"item_purchase_floors":[],"current_hp_per_floor":[65,65,51,51,23,0,0],"gold":72,"neow_bonus":"ONE_RARE_RELIC","is_daily":false,"chose_seed":false,"campfire_upgraded":0,"win_rate":0.0,"timestamp":1613422575,"path_taken":["M","M","?","M","M","E"],"items_purchased_type":[],"build_version":"2020-12-18","purchased_purges":0,"victory":false,"max_hp_per_floor":[72,72,72,72,72,72,72],"relic_stats":{"counters":[5,21],"obtain_stats":[{"Girya":0,"PureWater":0},{"Girya":0,"PureWater":0},{"Girya":0,"PureWater":0}]},"card_choices":[{"not_picked":["Halt","BattleHymn"],"picked":"WheelKick","floor":1.0},{"not_picked":["Evaluate","Wireheading"],"picked":"Wallop","floor":2.0},{"not_picked":["Worship","Swivel"],"picked":"EmptyBody","floor":4.0},{"not_picked":["WheelKick","Sanctity"],"picked":"FlurryOfBlows","floor":5.0}],"player_experience":3043355,"relics_obtained":[],"event_choices":[{"damage_healed":0.0,"max_hp_gain":0.0,"max_hp_loss":0.0,"gold_gain":0.0,"event_name":"Shining Light","player_choice":"Entered Light","floor":3.0,"gold_loss":0.0,"damage_taken":14.0,"cards_upgraded":["Defend_P","Strike_P"]}],"is_beta":true,"boss_relics":[],"items_purged_floors":[],"is_endless":false,"potions_floor_spawned":[4],"killed_by":"Lagavulin","ascension_level":11}}