{"host":"6q94iy5iz6612v89","time":1613349984,"event":{"mods":["2.2 Compatiblity","AchievementEnabler","BaseMod","Colored Map","DeckTracker","Keyboard Shortcuts","Minty Spire (QoL Compilation)","Permanent Neow","StSLib","SuperFastMode"],"gold_per_floor":[111,121,141,158,158,158,178,193,193,193,227,67,137,171,171,261,261,277,277,296,310,310,310],"floor_reached":22,"language":"KOR","playtime":663,"items_purged":[],"score":396,"play_id":"0d9538c3-cf2f-4218-bee9-14602d2453bb","local_time":"20210215094624","is_ascension_mode":true,"campfire_choices":[{"data":"Deadly Poison","floor":6.0,"key":"SMITH"},{"data":"Leg Sweep","floor":15,"key":"SMITH"}],"circlet_count":0,"master_deck":["AscendersBane","Strike_G","Strike_G","Strike_G","Defend_G","Defend_G","Defend_G","Defend_G","Survivor","Neutralize","Finisher","Expertise","Deadly Poison+1","PiercingWail","Deadly Poison","Leg Sweep+1","Corpse Explosion","Backflip","Adrenaline","Reflex","Prepared","Blur","Acrobatics"],"relics":["Ring of the Snake","Golden Idol","The Specimen","Ancient Tea Set","Lee\u0027s Waffle","Darkstone Periapt","Prayer Wheel","Sozu"],"acts_visited":["Exordium","TheCity"],"potions_floor_usage":[11,11,11,11,14,18,21],"damage_taken":[{"damage":5.0,"enemies":"Small Slimes","floor":1.0,"turns":8.0},{"damage":0.0,"enemies":"2 Louse","floor":2.0,"turns":4.0},{"damage":4.0,"enemies":"Jaw Worm","floor":3.0,"turns":7.0},{"damage":2.0,"enemies":"Exordium Wildlife","floor":4.0,"turns":4.0},{"damage":15.0,"enemies":"Large Slime","floor":7.0,"turns":6.0},{"damage":6.0,"enemies":"3 Louse","floor":8.0,"turns":5.0},{"damage":3,"enemies":"3 Sentries","floor":11,"turns":6},{"damage":17,"enemies":"3 Sentries","floor":13,"turns":4},{"damage":5,"enemies":"Lagavulin","floor":14,"turns":5},{"damage":9,"enemies":"The Guardian","floor":16,"turns":9},{"damage":0,"enemies":"3 Byrds","floor":18,"turns":2},{"damage":2,"enemies":"Shell Parasite","floor":20,"turns":4},{"damage":22,"enemies":"3 Cultists","floor":21,"turns":4},{"damage":18,"enemies":"Shelled Parasite and Fungi","floor":22,"turns":4}],"seed_played":"423792373091968516","potions_obtained":[{"floor":1.0,"key":"EntropicBrew"},{"floor":2.0,"key":"EntropicBrew"},{"floor":11,"key":"LiquidMemories"},{"floor":14,"key":"Strength Potion"},{"floor":16,"key":"LiquidBronze"}],"is_trial":false,"path_per_floor":["M","M","M","M","?","R","M","M","T","?","E","$","?","E","R","B",null,"M","?","M","M","M"],"character_chosen":"THE_SILENT","items_purchased":["Lee\u0027s Waffle"],"campfire_rested":0,"item_purchase_floors":[12],"current_hp_per_floor":[39,39,35,33,33,33,18,12,12,5,2,67,50,45,45,36,59,59,59,57,35,17,17],"gold":310,"neow_bonus":"TRANSFORM_TWO_CARDS","is_daily":false,"chose_seed":false,"campfire_upgraded":2,"win_rate":0.0,"timestamp":1613349984,"path_taken":["M","M","M","M","?","R","M","M","T","?","E","$","?","E","R","BOSS","M","?","M","M","M"],"items_purchased_type":["Relic"],"build_version":"2020-12-22","purchased_purges":0,"victory":false,"max_hp_per_floor":[66,66,66,66,60,60,60,60,60,60,60,67,67,67,67,67,67,67,67,67,67,67,67],"card_choices":[{"not_picked":["Skewer","Escape Plan"],"picked":"Deadly Poison","floor":1.0},{"not_picked":["Finisher","Underhanded Strike"],"picked":"PiercingWail","floor":2.0},{"not_picked":["Dodge and Roll","Setup"],"picked":"Deadly Poison","floor":3.0},{"not_picked":["Poisoned Stab","Bane"],"picked":"Leg Sweep","floor":4.0},{"not_picked":["Quick Slash","Envenom","Dagger Throw"],"picked":"SKIP","floor":7.0},{"not_picked":["Quick Slash","Envenom","Dagger Throw"],"picked":"SKIP","floor":7.0},{"not_picked":["Prepared","Underhanded Strike","Riddle With Holes"],"picked":"SKIP","floor":8.0},{"not_picked":["Predator","Riddle With Holes"],"picked":"Corpse Explosion","floor":11},{"not_picked":["Deflect","Dodge and Roll"],"picked":"Backflip","floor":13},{"not_picked":["Dagger Spray","Endless Agony"],"picked":"Adrenaline","floor":14},{"not_picked":["Sucker Punch","Quick Slash"],"picked":"Reflex","floor":18},{"not_picked":["Prepared","Deflect","Outmaneuver"],"picked":"SKIP","floor":18},{"not_picked":["Deflect","Outmaneuver"],"picked":"Prepared","floor":18},{"not_picked":["Sucker Punch+1","Deflect"],"picked":"Blur","floor":20},{"not_picked":["Cloak And Dagger","Reflex"],"picked":"Acrobatics","floor":20},{"not_picked":["Dagger Spray","Finisher","Terror"],"picked":"SKIP","floor":21},{"not_picked":["Skewer","Endless Agony","Accuracy"],"picked":"SKIP","floor":21}],"player_experience":1486645,"relics_obtained":[{"floor":9.0,"key":"The Specimen"},{"floor":11,"key":"Ancient Tea Set"},{"floor":13,"key":"Darkstone Periapt"},{"floor":14,"key":"Prayer Wheel"}],"event_choices":[{"damage_healed":0.0,"max_hp_gain":0.0,"max_hp_loss":6.0,"gold_gain":0.0,"event_name":"Golden Idol","player_choice":"Lose Max HP","floor":5.0,"gold_loss":0.0,"damage_taken":0.0,"relics_obtained":["Golden Idol"]},{"cards_removed":["Strike_G"],"damage_healed":0.0,"max_hp_gain":0.0,"max_hp_loss":0.0,"gold_gain":0.0,"event_name":"Golden Wing","player_choice":"Card Removal","floor":10.0,"gold_loss":0.0,"damage_taken":7.0},{"damage_healed":0,"gold_gain":30,"player_choice":"Searched \u00273\u0027 times","damage_taken":0,"max_hp_gain":0,"max_hp_loss":0,"event_name":"Dead Adventurer","floor":13,"gold_loss":0},{"damage_healed":0,"gold_gain":0,"player_choice":"Ignored","damage_taken":0,"max_hp_gain":0,"max_hp_loss":0,"event_name":"The Mausoleum","floor":19,"gold_loss":0}],"is_beta":false,"boss_relics":[{"not_picked":["Runic Pyramid","SlaversCollar"],"picked":"Sozu"}],"items_purged_floors":[],"is_endless":false,"potions_floor_spawned":[1,2,11,14,16,18,20,21],"killed_by":"Shelled Parasite and Fungi","ascension_level":20}}