{"host":"syfsfjmzue8y1a6l","time":1613397656,"event":{"mods":["AchievementEnabler","BaseMod","Colored Map","DeckTracker","Minty Spire (QoL Compilation)","SuperFastMode"],"gold_per_floor":[109,123,138,153,76,102,102,128,153,167,242,242,252,270,270,366,416,427,352,352,352,368,386,418,418,441,441,456,456,456,456,456],"floor_reached":31,"language":"KOR","playtime":2006,"items_purged":[],"score":269,"play_id":"7e5a797b-4a49-4c7a-8474-0a8158d7855f","local_time":"20210215230056","is_ascension_mode":false,"campfire_choices":[{"data":"Coolheaded","floor":7,"key":"SMITH"},{"floor":12,"key":"REST"},{"data":"Hologram","floor":15,"key":"SMITH"},{"floor":25,"key":"REST"},{"data":"White Noise","floor":27,"key":"SMITH"},{"data":"Beam Cell","floor":29,"key":"SMITH"}],"circlet_count":0,"master_deck":["Strike_B","Strike_B","Strike_B","Defend_B","Defend_B","Defend_B","Defend_B","Zap","Dualcast","Beam Cell+1","Gash+1","White Noise+1","FTL","Coolheaded+1","FTL","Hologram+1","Aggregate","Storm+1","Go for the Eyes+1"],"relics":["Cracked Core","Thread and Needle","Gambling Chip","Strawberry","Happy Flower","Tiny House","Anchor","Bag of Marbles"],"acts_visited":["Exordium","TheCity"],"potions_floor_usage":[16,20,24,31],"damage_taken":[{"damage":0,"enemies":"2 Louse","floor":1,"turns":3},{"damage":0,"enemies":"Jaw Worm","floor":2,"turns":3},{"damage":0,"enemies":"Cultist","floor":3,"turns":2},{"damage":0,"enemies":"3 Louse","floor":4,"turns":3},{"damage":16,"enemies":"Gremlin Nob","floor":6,"turns":4},{"damage":12,"enemies":"Lagavulin","floor":8,"turns":6},{"damage":16,"enemies":"Exordium Wildlife","floor":10,"turns":5},{"damage":0,"enemies":"Looter","floor":13,"turns":3},{"damage":4,"enemies":"Red Slaver","floor":14,"turns":3},{"damage":7,"enemies":"Slime Boss","floor":16,"turns":11},{"damage":1,"enemies":"Spheric Guardian","floor":18,"turns":3},{"damage":0,"enemies":"3 Byrds","floor":20,"turns":1},{"damage":22,"enemies":"Centurion and Healer","floor":22,"turns":11},{"damage":25,"enemies":"Shelled Parasite and Fungi","floor":23,"turns":7},{"damage":14,"enemies":"Book of Stabbing","floor":24,"turns":5},{"damage":9,"enemies":"Snake Plant","floor":28,"turns":5},{"damage":34,"enemies":"Slavers","floor":31,"turns":3}],"seed_played":"-7918825732928868175","potions_obtained":[{"floor":1,"key":"SteroidPotion"},{"floor":10,"key":"Swift Potion"},{"floor":13,"key":"SmokeBomb"},{"floor":16,"key":"SteroidPotion"},{"floor":17,"key":"Strength Potion"},{"floor":23,"key":"LiquidBronze"},{"floor":28,"key":"ColorlessPotion"}],"is_trial":false,"path_per_floor":["M","M","M","M","$","E","R","E","T","M","?","R","M","M","R","B",null,"M","?","M","?","M","M","E","R","T","R","M","R","?","E"],"character_chosen":"DEFECT","items_purchased":["FTL"],"campfire_rested":2,"item_purchase_floors":[5],"current_hp_per_floor":[68,68,68,68,68,52,52,47,47,31,20,42,42,38,38,31,80,79,79,79,79,57,32,18,42,42,42,33,33,33,0,0],"gold":456,"neow_bonus":"ONE_RARE_RELIC","is_daily":false,"chose_seed":false,"campfire_upgraded":4,"win_rate":0.0,"timestamp":1613397656,"path_taken":["M","M","M","M","$","E","R","E","T","M","?","R","M","M","R","BOSS","M","?","M","?","M","M","E","R","T","R","M","R","?","E"],"items_purchased_type":["Card"],"build_version":"2020-12-22","purchased_purges":0,"victory":false,"max_hp_per_floor":[68,68,68,68,68,68,68,75,75,75,75,75,75,75,75,75,80,80,80,80,80,80,80,80,80,80,80,80,80,80,80,80],"card_choices":[{"not_picked":["Rebound","Streamline"],"picked":"Beam Cell","floor":1},{"not_picked":["Streamline","Leap"],"picked":"Redo","floor":2},{"not_picked":["All For One","Streamline"],"picked":"Gash","floor":3},{"not_picked":["Ball Lightning","Capacitor"],"picked":"White Noise","floor":4},{"not_picked":["Conserve Battery","Turbo"],"picked":"Coolheaded","floor":6},{"not_picked":["Go for the Eyes","Reprogram"],"picked":"FTL","floor":8},{"not_picked":["Auto Shields","Rip and Tear","Redo"],"picked":"SKIP","floor":10},{"not_picked":["Chaos","Go for the Eyes"],"picked":"Hologram","floor":13},{"not_picked":["Hello World","Barrage","Turbo"],"picked":"SKIP","floor":14},{"not_picked":["Recycle","Cold Snap"],"picked":"Aggregate","floor":17},{"not_picked":["Barrage","Stack+1"],"picked":"Storm+1","floor":18},{"not_picked":["Rip and Tear+1","Consume+1"],"picked":"Go for the Eyes+1","floor":22},{"not_picked":["Rebound","Beam Cell","Redo"],"picked":"SKIP","floor":23},{"not_picked":["Meteor Strike","Compile Driver","Darkness"],"picked":"SKIP","floor":24},{"not_picked":["Stack+1","Skim","Leap"],"picked":"SKIP","floor":28}],"player_experience":65197,"relics_obtained":[{"floor":6,"key":"Gambling Chip"},{"floor":8,"key":"Strawberry"},{"floor":9,"key":"Happy Flower"},{"floor":24,"key":"Anchor"},{"floor":26,"key":"Bag of Marbles"}],"event_choices":[{"damage_healed":0,"gold_gain":75,"player_choice":"Gather Gold","damage_taken":11,"max_hp_gain":0,"max_hp_loss":0,"event_name":"World of Goop","floor":11,"gold_loss":0},{"cards_removed":["Strike_B"],"damage_healed":0,"gold_gain":0,"player_choice":"Gave Gold","damage_taken":0,"max_hp_gain":0,"max_hp_loss":0,"event_name":"Beggar","floor":19,"gold_loss":75},{"cards_removed":["Redo"],"damage_healed":0,"gold_gain":0,"player_choice":"Elegance","damage_taken":0,"max_hp_gain":0,"max_hp_loss":0,"event_name":"Back to Basics","floor":21,"gold_loss":0},{"damage_healed":0,"gold_gain":0,"player_choice":"Ignored","damage_taken":0,"max_hp_gain":0,"max_hp_loss":0,"event_name":"NoteForYourself","floor":30,"gold_loss":0}],"is_beta":false,"boss_relics":[{"not_picked":["Snecko Eye","Ectoplasm"],"picked":"Tiny House"}],"items_purged_floors":[],"is_endless":false,"potions_floor_spawned":[1,10,13,14,16,18,23,28],"killed_by":"Slavers","ascension_level":0}}