{"host":"ydg0vn0pu4pubmdt","time":1613383232,"event":{"mods":["AchievementEnabler","BaseMod","Colored Map","Gold Saver","Minty Spire (QoL Compilation)","Quick Restart","SuperFastMode"],"gold_per_floor":[407,22,40,40,40,40,69,88,114,127,161,8,25,57,57,135,135,152,166,126,138,138,138,13,24,73,88,88,88,88,102,102,179,179,199,199,199,32,50,50,68,68,68,85,116,116,128,478,478,478,478,478,478,132,164,164,164],"floor_reached":56,"language":"KOR","playtime":3994,"items_purged":["Strike_G","Strike_G","Defend_G","Strike_G"],"score":2194,"play_id":"710aeb95-28ce-4c72-9979-c50a6499bb88","local_time":"20210215190032","is_ascension_mode":true,"campfire_choices":[{"data":"Neutralize","floor":6.0,"key":"SMITH"},{"floor":15.0,"key":"REST"},{"data":"Calculated Gamble","floor":23.0,"key":"SMITH"},{"data":"Concentrate","floor":28.0,"key":"SMITH"},{"data":"Well Laid Plans","floor":30.0,"key":"SMITH"},{"floor":32.0,"key":"REST"},{"data":"Adrenaline","floor":40.0,"key":"SMITH"},{"data":"Tactician","floor":42.0,"key":"SMITH"},{"floor":46.0,"key":"REST"},{"floor":49.0,"key":"RECALL"},{"data":"Footwork","floor":53.0,"key":"SMITH"}],"circlet_count":0,"master_deck":["AscendersBane","Strike_G","Strike_G","Defend_G","Defend_G","Defend_G","Defend_G","Survivor","Neutralize+1","Secret Technique","Escape Plan","Grand Finale","Acrobatics+1","Finesse","Escape Plan","Quick Slash","Calculated Gamble+1","Prepared","Footwork+1","Adrenaline+1","Tactician+1","Acrobatics","Acrobatics","Well Laid Plans+1","Concentrate+1","Deflect","Adrenaline","Flash of Steel","After Image","Backflip+1","After Image","Eviscerate+1"],"relics":["Ring of the Snake","Orichalcum","Art of War","StoneCalendar","Prayer Wheel","HoveringKite","Oddly Smooth Stone","WristBlade","Membership Card","Pen Nib","Old Coin","DollysMirror","Bag of Marbles","Blood Vial","Incense Burner"],"acts_visited":["Exordium","TheCity","TheBeyond","TheEnding"],"potions_floor_usage":[56,56],"damage_taken":[{"damage":8.0,"enemies":"2 Louse","floor":1.0,"turns":4.0},{"damage":3.0,"enemies":"Cultist","floor":3.0,"turns":6.0},{"damage":0.0,"enemies":"Lagavulin","floor":7.0,"turns":4.0},{"damage":0.0,"enemies":"Jaw Worm","floor":8.0,"turns":3.0},{"damage":0.0,"enemies":"2 Fungi Beasts","floor":10.0,"turns":5.0},{"damage":22.0,"enemies":"3 Sentries","floor":11.0,"turns":5.0},{"damage":0.0,"enemies":"Lots of Slimes","floor":13.0,"turns":2.0},{"damage":0.0,"enemies":"Gremlin Nob","floor":14.0,"turns":3.0},{"damage":17.0,"enemies":"The Guardian","floor":16.0,"turns":10.0},{"damage":0.0,"enemies":"3 Byrds","floor":18.0,"turns":2.0},{"damage":0.0,"enemies":"Chosen","floor":19.0,"turns":4.0},{"damage":0.0,"enemies":"3 Cultists","floor":21.0,"turns":4.0},{"damage":6.0,"enemies":"Sentry and Sphere","floor":25.0,"turns":5.0},{"damage":4.0,"enemies":"Chosen and Byrds","floor":27.0,"turns":5.0},{"damage":0.0,"enemies":"Snake Plant","floor":31.0,"turns":2.0},{"damage":0.0,"enemies":"Automaton","floor":33.0,"turns":5.0},{"damage":0.0,"enemies":"3 Darklings","floor":35.0,"turns":2.0},{"damage":7.0,"enemies":"Orb Walker","floor":39.0,"turns":3.0},{"damage":0.0,"enemies":"Writhing Mass","floor":41.0,"turns":5.0},{"damage":30.0,"enemies":"Transient","floor":44.0,"turns":6.0},{"damage":0.0,"enemies":"Giant Head","floor":45.0,"turns":5.0},{"damage":3.0,"enemies":"4 Shapes","floor":47.0,"turns":2.0},{"damage":0.0,"enemies":"2 Orb Walkers","floor":48.0,"turns":1.0},{"damage":0.0,"enemies":"Awakened One","floor":50.0,"turns":7.0},{"damage":22.0,"enemies":"Donu and Deca","floor":51.0,"turns":6.0},{"damage":22.0,"enemies":"Shield and Spear","floor":55.0,"turns":18.0},{"damage":44,"enemies":"The Heart","floor":56,"turns":3}],"seed_played":"-2463252125842599245","potions_obtained":[{"floor":1.0,"key":"LiquidMemories"},{"floor":3.0,"key":"BlessingOfTheForge"},{"floor":8.0,"key":"SpeedPotion"},{"floor":25.0,"key":"AttackPotion"},{"floor":27.0,"key":"CultistPotion"}],"is_trial":false,"path_per_floor":["M","$","M","?","$","R","E","M","T","M","E","$","M","E","R","B",null,"M","M","?","M","?","R","$","M","T","M","R","?","R","M","R","B",null,"M","?","?","$","M","R","M","R","T","M","E","R","M","?","R","B","B",null,"R","$","E","B"],"character_chosen":"THE_SILENT","items_purchased":["Grand Finale","Acrobatics","Finesse","Prepared","Membership Card","DollysMirror","Dexterity Potion","Bag of Marbles","Blood Vial"],"campfire_rested":3,"item_purchase_floors":[2,2,2,12,38,54,54,54,54],"current_hp_per_floor":[51,51,48,48,48,48,48,48,48,48,26,26,26,26,44,27,52,52,52,52,52,36,36,36,30,30,26,26,26,26,26,45,45,60,60,50,50,50,43,43,43,43,43,13,13,32,29,29,29,29,7,51,51,51,31,0,0],"gold":164,"neow_bonus":"RANDOM_COLORLESS_2","is_daily":false,"chose_seed":false,"campfire_upgraded":7,"win_rate":0.0,"timestamp":1613383232,"path_taken":["M","$","M","?","?","R","E","M","T","M","E","?","M","E","R","BOSS","M","M","?","?","?","R","$","M","T","M","R","?","R","M","R","BOSS","M","?","?","$","M","R","M","R","T","M","E","R","M","?","R","BOSS","BOSS","R","$","E","BOSS"],"items_purchased_type":["Card","Card","Card","Card","Relic","Relic","Potion","Relic","Relic"],"build_version":"2020-12-22","purchased_purges":4,"victory":false,"max_hp_per_floor":[60,60,60,60,60,60,60,60,60,60,60,60,60,60,60,60,60,60,60,60,60,65,65,65,65,65,65,65,65,65,65,65,65,65,65,65,65,65,65,65,65,65,65,65,65,65,65,65,65,65,65,65,65,65,65,65,65],"card_choices":[{"not_picked":["Chrysalis","Mayhem"],"picked":"Secret Technique","floor":0.0},{"not_picked":["Dagger Spray","Dagger Throw"],"picked":"Escape Plan","floor":1.0},{"not_picked":["Deadly Poison","Expertise"],"picked":"Backflip","floor":3.0},{"not_picked":["Backstab","Glass Knife"],"picked":"Escape Plan","floor":7.0},{"not_picked":["Poisoned Stab","Riddle With Holes"],"picked":"Quick Slash","floor":8.0},{"not_picked":["Bane","Deflect"],"picked":"Calculated Gamble","floor":10.0},{"not_picked":["Flying Knee","Calculated Gamble","Dash"],"picked":"SKIP","floor":11.0},{"not_picked":["Flying Knee","Sucker Punch","Prepared"],"picked":"SKIP","floor":13.0},{"not_picked":["Deflect","Blade Dance"],"picked":"Footwork","floor":14.0},{"not_picked":["Corpse Explosion","Doppelganger"],"picked":"Adrenaline","floor":16.0},{"not_picked":["Noxious Fumes","Flying Knee"],"picked":"Tactician","floor":18.0},{"not_picked":["Poisoned Stab","Bouncing Flask","Riddle With Holes"],"picked":"SKIP","floor":18.0},{"not_picked":["Backflip","Backstab+1"],"picked":"Acrobatics","floor":19.0},{"not_picked":["PiercingWail","Crippling Poison","Flying Knee"],"picked":"SKIP","floor":19.0},{"not_picked":["Terror","Bullet Time","Outmaneuver"],"picked":"SKIP","floor":21.0},{"not_picked":["Outmaneuver","Setup","Quick Slash+1"],"picked":"SKIP","floor":21.0},{"not_picked":["Deflect","Blade Dance"],"picked":"Acrobatics","floor":25.0},{"not_picked":["Cloak And Dagger+1","Prepared"],"picked":"Well Laid Plans","floor":25.0},{"not_picked":["Bane","Sucker Punch"],"picked":"Concentrate","floor":27.0},{"not_picked":["Leg Sweep","Acrobatics","Crippling Poison+1"],"picked":"SKIP","floor":27.0},{"not_picked":["Dash","Catalyst"],"picked":"Deflect","floor":31.0},{"not_picked":["Heel Hook","Backflip"],"picked":"Adrenaline","floor":31.0},{"not_picked":["Expertise","Flying Knee+1","Choke"],"picked":"SKIP","floor":35.0},{"not_picked":["Dagger Throw","Acrobatics","Setup"],"picked":"SKIP","floor":35.0},{"not_picked":["Trip","Impatience"],"picked":"Flash of Steel","floor":36.0},{"not_picked":["Quick Slash","Dagger Throw","Accuracy"],"picked":"SKIP","floor":39.0},{"not_picked":["Sucker Punch","PiercingWail","Dagger Spray+1"],"picked":"SKIP","floor":39.0},{"not_picked":["Quick Slash","Dagger Throw","Accuracy"],"picked":"SKIP","floor":39.0},{"not_picked":["Sucker Punch","PiercingWail","Dagger Spray+1"],"picked":"SKIP","floor":39.0},{"not_picked":["Cloak And Dagger","Predator"],"picked":"After Image","floor":41.0},{"not_picked":["PiercingWail+1","Outmaneuver","Well Laid Plans"],"picked":"SKIP","floor":41.0},{"not_picked":["Dodge and Roll","Dash"],"picked":"Backflip+1","floor":44.0},{"not_picked":["PiercingWail","Outmaneuver+1","Setup"],"picked":"SKIP","floor":44.0},{"not_picked":["Backflip","Setup","Bane"],"picked":"SKIP","floor":45.0},{"not_picked":["Deadly Poison","Endless Agony","Acrobatics"],"picked":"SKIP","floor":47.0},{"not_picked":["Deflect","Deadly Poison","Glass Knife"],"picked":"SKIP","floor":47.0},{"not_picked":["Glass Knife","Caltrops"],"picked":"Eviscerate+1","floor":55.0}],"player_experience":562471,"relics_obtained":[{"floor":7.0,"key":"Orichalcum"},{"floor":9.0,"key":"Art of War"},{"floor":11.0,"key":"StoneCalendar"},{"floor":14.0,"key":"Prayer Wheel"},{"floor":26.0,"key":"Oddly Smooth Stone"},{"floor":45.0,"key":"Pen Nib"},{"floor":48.0,"key":"Old Coin"},{"floor":55.0,"key":"Incense Burner"}],"event_choices":[{"damage_healed":0.0,"max_hp_gain":0.0,"max_hp_loss":0.0,"gold_gain":0.0,"event_name":"Upgrade Shrine","player_choice":"Upgraded","floor":4.0,"gold_loss":0.0,"damage_taken":0.0,"cards_upgraded":["Acrobatics"]},{"damage_healed":0.0,"max_hp_gain":0.0,"max_hp_loss":0.0,"gold_gain":0.0,"event_name":"The Woman in Blue","player_choice":"Bought 3 Potions","floor":20.0,"gold_loss":0.0,"damage_taken":0.0},{"damage_healed":0.0,"max_hp_gain":5.0,"max_hp_loss":0.0,"gold_gain":0.0,"event_name":"Forgotten Altar","player_choice":"Shed Blood","floor":22.0,"gold_loss":0.0,"damage_taken":21.0},{"damage_healed":0.0,"max_hp_gain":0.0,"max_hp_loss":0.0,"gold_gain":0.0,"event_name":"Cursed Tome","player_choice":"Ignored","floor":29.0,"gold_loss":0.0,"damage_taken":0.0},{"damage_healed":0.0,"max_hp_gain":0.0,"max_hp_loss":0.0,"gold_gain":0.0,"event_name":"SensoryStone","player_choice":"Memory 3","floor":36.0,"gold_loss":0.0,"damage_taken":10.0},{"cards_removed":["Backflip"],"damage_healed":0.0,"max_hp_gain":0.0,"max_hp_loss":0.0,"gold_gain":0.0,"event_name":"Falling","player_choice":"Removed Skill","floor":37.0,"gold_loss":0.0,"damage_taken":0.0},{"damage_healed":0.0,"max_hp_gain":0.0,"max_hp_loss":0.0,"gold_gain":0.0,"event_name":"Mysterious Sphere","player_choice":"Fight","floor":48.0,"gold_loss":0.0,"damage_taken":0.0}],"is_beta":false,"boss_relics":[{"not_picked":["SacredBark","Tiny House"],"picked":"HoveringKite"},{"not_picked":["Runic Dome","Sozu"],"picked":"WristBlade"}],"items_purged_floors":[2,12,24,54],"is_endless":false,"potions_floor_spawned":[1,3,8,10,18,25,27,39,41,44,55],"killed_by":"The Heart","ascension_level":20}}