{"host":"r4aerl4ckfvw1dw3","time":1613419360,"event":{"mods":["BaseMod","BetterRewards","Minty Spire (QoL Compilation)","Quick Restart","StSLib"],"gold_per_floor":[115,36,50,0,17,17,49,49,76,76,76,96,96,116,116,211,211,224,237,237,252,107,107,107],"floor_reached":23,"language":"ENG","playtime":974,"items_purged":["Strike_B"],"score":229,"play_id":"a7cc2add-208e-4c7d-aeff-4d27f42b95e0","local_time":"20210215120240","is_ascension_mode":true,"campfire_choices":[{"data":"Loop","floor":6,"key":"SMITH"},{"data":"Loop","floor":8,"key":"SMITH"},{"data":"Zap","floor":13,"key":"SMITH"},{"data":"Cold Snap","floor":15,"key":"SMITH"}],"circlet_count":0,"master_deck":["Strike_B","Strike_B","Defend_B","Defend_B","Defend_B","Defend_B","Zap+1","Dualcast","Coolheaded","Genetic Algorithm","Loop+1","Cold Snap+1","Cold Snap","Loop+1","Static Discharge","Echo Form","Sweeping Beam","Conserve Battery","Go for the Eyes","Defragment"],"relics":["Cracked Core","Art of War","Inserter"],"acts_visited":["Exordium","TheCity"],"potions_floor_usage":[7,16,19,21,23,23,23],"damage_taken":[{"damage":0,"enemies":"Cultist","floor":1,"turns":3},{"damage":6,"enemies":"2 Louse","floor":3,"turns":4},{"damage":0,"enemies":"Small Slimes","floor":5,"turns":3},{"damage":14,"enemies":"3 Sentries","floor":7,"turns":8},{"damage":12,"enemies":"3 Louse","floor":12,"turns":3},{"damage":2,"enemies":"Red Slaver","floor":14,"turns":3},{"damage":2,"enemies":"The Guardian","floor":16,"turns":12},{"damage":5,"enemies":"Spheric Guardian","floor":18,"turns":6},{"damage":23,"enemies":"3 Byrds","floor":19,"turns":3},{"damage":19,"enemies":"Sentry and Sphere","floor":21,"turns":6},{"damage":37,"enemies":"Slavers","floor":23,"turns":3}],"seed_played":"7418454927421204798","potions_obtained":[{"floor":3,"key":"FocusPotion"},{"floor":7,"key":"PotionOfCapacity"},{"floor":16,"key":"Dexterity Potion"},{"floor":18,"key":"Explosive Potion"},{"floor":20,"key":"FocusPotion"},{"floor":20,"key":"BlessingOfTheForge"},{"floor":21,"key":"GamblersBrew"}],"is_trial":false,"path_per_floor":["M","$","M","?","M","R","E","R","T","?","?","M","R","M","R","B",null,"M","M","?","M","$","E"],"character_chosen":"DEFECT","items_purchased":["Loop","Defragment"],"campfire_rested":0,"item_purchase_floors":[2,22],"current_hp_per_floor":[75,75,69,69,69,69,55,55,55,60,60,48,48,46,46,44,80,75,52,52,33,33,0,0],"gold":107,"neow_bonus":"THREE_CARDS","is_daily":false,"chose_seed":false,"campfire_upgraded":4,"win_rate":0.0,"timestamp":1613419360,"path_taken":["M","$","?","?","M","R","E","R","T","?","?","M","R","M","R","BOSS","M","M","?","M","$","E"],"items_purchased_type":["Card","Card"],"build_version":"2020-12-22","purchased_purges":1,"victory":false,"max_hp_per_floor":[75,75,75,75,75,75,75,75,75,80,80,80,80,80,80,80,80,80,80,80,80,80,80,80],"card_choices":[{"not_picked":["Tempest","Barrage"],"picked":"Coolheaded","floor":0},{"not_picked":["Hologram","Loop"],"picked":"Genetic Algorithm","floor":1},{"not_picked":["Compile Driver","White Noise"],"picked":"Cold Snap","floor":3},{"not_picked":["Self Repair","Auto Shields"],"picked":"Cold Snap","floor":5},{"not_picked":["Go for the Eyes","Steam"],"picked":"Loop","floor":7},{"not_picked":["Storm","Auto Shields","Glacier"],"picked":"SKIP","floor":12},{"not_picked":["Rebound","Biased Cognition"],"picked":"Static Discharge","floor":14},{"not_picked":["Multi-Cast","Meteor Strike"],"picked":"Echo Form","floor":16},{"not_picked":["Go for the Eyes","Leap+1"],"picked":"Sweeping Beam","floor":18},{"not_picked":["Steam","Hello World+1"],"picked":"Conserve Battery","floor":19},{"not_picked":["Hologram","Coolheaded"],"picked":"Go for the Eyes","floor":21}],"player_experience":597262,"relics_obtained":[{"floor":7,"key":"Art of War"}],"event_choices":[{"cards_removed":["Strike_B"],"damage_healed":0,"gold_gain":0,"player_choice":"Card Removal","damage_taken":0,"max_hp_gain":0,"max_hp_loss":0,"event_name":"The Cleric","floor":4,"gold_loss":50},{"damage_healed":0,"gold_gain":0,"player_choice":"Donut","damage_taken":0,"max_hp_gain":5,"max_hp_loss":0,"event_name":"Big Fish","floor":10,"gold_loss":0},{"damage_healed":0,"gold_gain":0,"player_choice":"Ignored","damage_taken":0,"max_hp_gain":0,"max_hp_loss":0,"event_name":"Liars Game","floor":11,"gold_loss":0},{"damage_healed":0,"gold_gain":0,"player_choice":"Got Potions","damage_taken":0,"max_hp_gain":0,"max_hp_loss":0,"event_name":"Lab","floor":20,"gold_loss":0}],"is_beta":false,"boss_relics":[{"not_picked":["Runic Dome","SlaversCollar"],"picked":"Inserter"}],"items_purged_floors":[22],"is_endless":false,"potions_floor_spawned":[3,7,16,18,21],"killed_by":"Slavers","ascension_level":4}}