{"host":"04x9isxu4s2lvye3","time":1613352043,"event":{"mods":["BaseMod","Colored Powertips","Highlight Path","Minty Spire (QoL Compilation)"],"gold_per_floor":[112,112,112,112,131,165,183,216,241,241,274,287,307,307,307,384,384,403,403,416,498,498,498,523,523,578,613,613,627,301,316,316,389,389,404,415,375,390,390,423,423,423,423,24,24,35,35,50,50,50],"floor_reached":51,"language":"ENG","playtime":3422,"items_purged":["Parasite"],"score":1279,"play_id":"68eab66a-bee3-4d2a-884a-d00b6a64f446","local_time":"20210214202043","is_ascension_mode":true,"campfire_choices":[{"data":"Skewer","floor":10.0,"key":"SMITH"},{"floor":15.0,"key":"REST"},{"floor":23.0,"key":"REST"},{"data":"Wraith Form v2","floor":25.0,"key":"SMITH"},{"data":"Dash","floor":28.0,"key":"SMITH"},{"data":"Prepared","floor":32.0,"key":"SMITH"},{"data":"Doppelganger","floor":42.0,"key":"SMITH"},{"data":"Footwork","floor":45.0,"key":"SMITH"},{"floor":49,"key":"REST"}],"circlet_count":0,"master_deck":["AscendersBane","Survivor","Neutralize","Concentrate","Outmaneuver","Escape Plan","Skewer+1","Quick Slash","Backflip","Flying Knee","Prepared+1","Acrobatics","Doppelganger+1","Dash+1","Underhanded Strike","Blur","Malaise+1","Dodge and Roll+1","Wraith Form v2+1","Terror","Well Laid Plans","Necronomicurse","Dagger Throw+1","Tools of the Trade","Adrenaline","The Bomb","Distraction+1","Venomology","Reflex","Sucker Punch+1","Dodge and Roll+1","Chrysalis","Escape Plan","Footwork+1","Tactician","Adrenaline"],"relics":["Pandora\u0027s Box","Lantern","Happy Flower","Potion Belt","HornCleat","SacredBark","Molten Egg 2","Necronomicon","Gambling Chip","Centennial Puzzle","Calipers","Black Star","Mercury Hourglass","Omamori","Pantograph","Orrery"],"acts_visited":["Exordium","TheCity","TheBeyond"],"potions_floor_usage":[50,50,50,50,50],"damage_taken":[{"damage":0.0,"enemies":"Cultist","floor":1.0,"turns":2.0},{"damage":0.0,"enemies":"2 Louse","floor":5.0,"turns":2.0},{"damage":7.0,"enemies":"Lagavulin","floor":6.0,"turns":6.0},{"damage":8.0,"enemies":"Small Slimes","floor":7.0,"turns":3.0},{"damage":8.0,"enemies":"Gremlin Nob","floor":8.0,"turns":3.0},{"damage":22.0,"enemies":"3 Sentries","floor":11.0,"turns":7.0},{"damage":6.0,"enemies":"Red Slaver","floor":12.0,"turns":2.0},{"damage":0.0,"enemies":"Looter","floor":13.0,"turns":2.0},{"damage":24.0,"enemies":"Hexaghost","floor":16.0,"turns":10.0},{"damage":8.0,"enemies":"2 Thieves","floor":18.0,"turns":4.0},{"damage":0.0,"enemies":"Chosen","floor":20.0,"turns":6.0},{"damage":7.0,"enemies":"Book of Stabbing","floor":24.0,"turns":6.0},{"damage":0.0,"enemies":"Slavers","floor":27.0,"turns":5.0},{"damage":2.0,"enemies":"Snake Plant","floor":29.0,"turns":3.0},{"damage":0.0,"enemies":"Snecko","floor":31.0,"turns":4.0},{"damage":2.0,"enemies":"Automaton","floor":33.0,"turns":7.0},{"damage":0.0,"enemies":"3 Shapes","floor":35.0,"turns":3.0},{"damage":6.0,"enemies":"3 Darklings","floor":36.0,"turns":5.0},{"damage":0.0,"enemies":"Spire Growth","floor":38.0,"turns":4.0},{"damage":5.0,"enemies":"Reptomancer","floor":40.0,"turns":7.0},{"damage":9,"enemies":"4 Shapes","floor":46,"turns":5},{"damage":0,"enemies":"Maw","floor":48,"turns":6},{"damage":35,"enemies":"Donu and Deca","floor":50,"turns":6}],"seed_played":"-6145866185138380204","potions_obtained":[{"floor":1.0,"key":"Swift Potion"},{"floor":6.0,"key":"Block Potion"},{"floor":13.0,"key":"Regen Potion"},{"floor":16.0,"key":"CultistPotion"},{"floor":27.0,"key":"Energy Potion"},{"floor":29.0,"key":"Swift Potion"},{"floor":36.0,"key":"Explosive Potion"},{"floor":40.0,"key":"Strength Potion"}],"is_trial":false,"path_per_floor":["M","?","?","?","M","E","M","E","T","R","E","M","M","?","R","B",null,"M","?","M","T","?","R","E","R","T","E","R","M","$","M","R","B",null,"M","M","?","M","?","E","T","R","T","$","R","M","?","M","R","B",null],"character_chosen":"THE_SILENT","items_purchased":["Adrenaline","The Bomb","Chrysalis","Escape Plan","Orrery"],"campfire_rested":3,"item_purchase_floors":[30,30,44,44,44],"current_hp_per_floor":[59,59,59,64,64,57,49,41,41,41,19,13,13,29,48,24,56,48,48,48,48,32,51,44,44,44,44,44,42,42,42,42,63,63,63,57,57,57,57,52,52,52,52,52,52,43,43,43,61,28],"gold":50,"neow_bonus":"BOSS_RELIC","is_daily":false,"chose_seed":false,"campfire_upgraded":6,"win_rate":0.0,"timestamp":1613352043,"path_taken":["M","?","?","?","?","E","M","E","T","R","E","M","M","?","R","BOSS","M","?","M","?","?","R","E","R","T","E","R","M","$","?","R","BOSS","M","M","?","?","?","E","?","R","T","$","R","M","?","?","R","BOSS"],"items_purchased_type":["Card","Card","Card","Card","Relic"],"build_version":"2020-12-22","purchased_purges":1,"victory":true,"max_hp_per_floor":[66,66,66,66,66,66,66,66,66,66,66,66,66,66,66,66,66,66,66,66,66,66,66,66,66,66,66,66,66,63,63,63,63,63,63,63,63,63,63,63,63,63,63,63,63,63,63,63,63,63],"card_choices":[{"not_picked":["Endless Agony","Poisoned Stab"],"picked":"Infinite Blades","floor":1.0},{"not_picked":["Quick Slash","Concentrate","Outmaneuver"],"picked":"SKIP","floor":5.0},{"not_picked":["Bullet Time","Deflect"],"picked":"Prepared","floor":6.0},{"not_picked":["Cloak And Dagger","Deflect"],"picked":"Acrobatics","floor":7.0},{"not_picked":["Infinite Blades","Masterful Stab"],"picked":"Doppelganger","floor":8.0},{"not_picked":["Underhanded Strike","Outmaneuver"],"picked":"Dash","floor":11.0},{"not_picked":["Outmaneuver","Prepared"],"picked":"Underhanded Strike","floor":12.0},{"not_picked":["Underhanded Strike","Infinite Blades"],"picked":"Blur","floor":13.0},{"not_picked":["Burst","Tools of the Trade"],"picked":"Malaise","floor":16.0},{"not_picked":["PiercingWail","Leg Sweep"],"picked":"Dodge and Roll+1","floor":18.0},{"not_picked":["Bouncing Flask","Quick Slash"],"picked":"Well Laid Plans","floor":20.0},{"not_picked":["Finisher+1","Backflip","Poisoned Stab+1"],"picked":"SKIP","floor":24.0},{"not_picked":["Bane+1","Blade Dance+1"],"picked":"Dagger Throw+1","floor":27.0},{"not_picked":["Concentrate+1","Cloak And Dagger"],"picked":"Tools of the Trade","floor":29.0},{"not_picked":["Predator+1","Acrobatics"],"picked":"Distraction+1","floor":31.0},{"not_picked":["Night Terror","Storm of Steel"],"picked":"Venomology","floor":33.0},{"not_picked":["Flechettes+1","Blur"],"picked":"Reflex","floor":35.0},{"not_picked":["Backflip","Quick Slash+1","Catalyst"],"picked":"SKIP","floor":36.0},{"not_picked":["Concentrate","Backflip"],"picked":"Sucker Punch+1","floor":38.0},{"not_picked":["Backflip","Blur"],"picked":"Dodge and Roll+1","floor":40.0},{"not_picked":["Prepared+1","Reflex"],"picked":"Footwork","floor":44.0},{"not_picked":["Night Terror","Dagger Spray+1"],"picked":"Tactician","floor":44.0},{"not_picked":["Infinite Blades","Deflect","Endless Agony+1"],"picked":"SKIP","floor":46},{"not_picked":["Wraith Form v2","Poisoned Stab+1","Underhanded Strike+1"],"picked":"SKIP","floor":48}],"player_experience":291002,"relics_obtained":[{"floor":6.0,"key":"Lantern"},{"floor":8.0,"key":"Happy Flower"},{"floor":9.0,"key":"Potion Belt"},{"floor":11.0,"key":"HornCleat"},{"floor":21.0,"key":"Molten Egg 2"},{"floor":22.0,"key":"Necronomicon"},{"floor":24.0,"key":"Gambling Chip"},{"floor":26.0,"key":"Centennial Puzzle"},{"floor":27.0,"key":"Calipers"},{"floor":40.0,"key":"Mercury Hourglass"},{"floor":40.0,"key":"Omamori"},{"floor":41.0,"key":"Pantograph"}],"event_choices":[{"damage_healed":0.0,"max_hp_gain":0.0,"max_hp_loss":0.0,"gold_gain":0.0,"event_name":"Golden Wing","player_choice":"Ignored","floor":2.0,"gold_loss":0.0,"damage_taken":0.0},{"damage_healed":0.0,"max_hp_gain":0.0,"max_hp_loss":0.0,"gold_gain":0.0,"event_name":"Liars Game","player_choice":"Ignored","floor":3.0,"gold_loss":0.0,"damage_taken":0.0},{"cards_removed":["Flying Knee"],"damage_healed":5.0,"max_hp_gain":0.0,"max_hp_loss":0.0,"gold_gain":0.0,"event_name":"Bonfire Elementals","player_choice":"Offered Common","floor":4.0,"gold_loss":0.0,"damage_taken":0.0},{"cards_removed":["Flying Knee"],"damage_healed":5.0,"max_hp_gain":0.0,"max_hp_loss":0.0,"gold_gain":0.0,"event_name":"Bonfire Elementals","player_choice":"Offered Special","floor":4.0,"gold_loss":0.0,"damage_taken":0.0},{"damage_healed":16.0,"max_hp_gain":0.0,"max_hp_loss":0.0,"gold_gain":0.0,"event_name":"Mushrooms","player_choice":"Healed and dodged fight","floor":14.0,"gold_loss":0.0,"damage_taken":0.0,"cards_obtained":["Parasite"]},{"damage_healed":0.0,"max_hp_gain":0.0,"max_hp_loss":0.0,"gold_gain":0.0,"cards_transformed":["Infinite Blades","Accuracy"],"event_name":"Drug Dealer","player_choice":"Became Test Subject","floor":19.0,"gold_loss":0.0,"damage_taken":0.0,"cards_obtained":["Wraith Form v2","Terror"]},{"damage_healed":0.0,"max_hp_gain":0.0,"max_hp_loss":0.0,"gold_gain":0.0,"event_name":"Cursed Tome","player_choice":"Obtained Book","floor":22.0,"gold_loss":0.0,"damage_taken":16.0},{"damage_healed":0.0,"max_hp_gain":0.0,"max_hp_loss":0.0,"gold_gain":0.0,"event_name":"Designer","player_choice":"Upgrade","floor":37.0,"gold_loss":40.0,"damage_taken":0.0,"cards_upgraded":["Malaise"]},{"cards_removed":["Glass Knife"],"damage_healed":0.0,"max_hp_gain":0.0,"max_hp_loss":0.0,"gold_gain":0.0,"event_name":"Falling","player_choice":"Removed Attack","floor":39.0,"gold_loss":0.0,"damage_taken":0.0},{"damage_healed":0,"gold_gain":0,"player_choice":"Copied","damage_taken":0,"max_hp_gain":0,"max_hp_loss":0,"event_name":"Duplicator","floor":47,"gold_loss":0,"cards_obtained":["Adrenaline"]}],"is_beta":false,"boss_relics":[{"not_picked":["Sozu","Fusion Hammer"],"picked":"SacredBark"},{"not_picked":["Tiny House","WristBlade"],"picked":"Black Star"}],"items_purged_floors":[30],"is_endless":false,"potions_floor_spawned":[1,6,13,16,27,29,31,36,40,48],"ascension_level":14}}