{"host":"91blwi3hgehj6ch9","time":1613420228,"event":{"mods":["2.2 Compatiblity","AchievementEnabler","BaseMod","Colored Map","DeckTracker","Keyboard Shortcuts","Minty Spire (QoL Compilation)","Permanent Neow","StSLib","SuperFastMode","everything is the same but u backflip on backflip"],"gold_per_floor":[117,117,117,117,137,137,163,163,163,179,104,118,143,143,143,214,214,225,245,260,160,160,160],"floor_reached":22,"language":"KOR","playtime":502,"items_purged":["Defend_P","Strike_P"],"score":394,"play_id":"ec20af73-7037-4138-a0b7-b81d1f7a24d7","local_time":"20210216051708","is_ascension_mode":true,"campfire_choices":[{"data":"Adaptation","floor":6.0,"key":"SMITH"},{"data":"DeceiveReality","floor":8.0,"key":"SMITH"},{"data":"Vigilance","floor":15,"key":"SMITH"}],"circlet_count":0,"master_deck":["AscendersBane","Strike_P+1","Strike_P+1","Strike_P","Defend_P+1","Defend_P","Defend_P","Eruption+1","Vigilance+1","PathToVictory+1","Adaptation+1","DeceiveReality+1","InnerPeace","Wallop+1","LessonLearned+1","Adaptation"],"relics":["PureWater","NeowsBlessing","Art of War","Molten Egg 2","Nunchaku","Fusion Hammer"],"acts_visited":["Exordium","TheCity"],"potions_floor_usage":[12,13,16,18],"damage_taken":[{"damage":0.0,"enemies":"2 Louse","floor":1.0,"turns":1.0},{"damage":0.0,"enemies":"Small Slimes","floor":5.0,"turns":1.0},{"damage":0.0,"enemies":"Gremlin Nob","floor":7.0,"turns":1.0},{"damage":0.0,"enemies":"Cultist","floor":10.0,"turns":3.0},{"damage":0,"enemies":"Looter","floor":12,"turns":1},{"damage":10,"enemies":"3 Sentries","floor":13,"turns":3},{"damage":34,"enemies":"Hexaghost","floor":16,"turns":8},{"damage":34,"enemies":"2 Thieves","floor":18,"turns":4},{"damage":0,"enemies":"Spheric Guardian","floor":19,"turns":5},{"damage":25,"enemies":"Snake Plant","floor":20,"turns":5},{"damage":14,"enemies":"Shelled Parasite and Fungi","floor":22,"turns":1}],"seed_played":"-1118961492570078419","potions_obtained":[{"floor":5.0,"key":"ColorlessPotion"},{"floor":7.0,"key":"SteroidPotion"},{"floor":13,"key":"ColorlessPotion"},{"floor":16,"key":"Regen Potion"},{"floor":19,"key":"BlessingOfTheForge"},{"floor":20,"key":"Strength Potion"}],"is_trial":false,"path_per_floor":["M","?","?","?","M","R","E","R","T","M","$","M","E","?","R","B",null,"M","M","M","$","M"],"character_chosen":"WATCHER","items_purchased":[],"campfire_rested":0,"item_purchase_floors":[],"current_hp_per_floor":[61,61,66,66,66,66,66,66,66,66,66,66,56,56,56,22,60,35,35,10,10,0,0],"gold":160,"neow_bonus":"THREE_ENEMY_KILL","is_daily":false,"chose_seed":false,"campfire_upgraded":3,"win_rate":0.0,"timestamp":1613420228,"path_taken":["M","?","?","?","M","R","E","R","T","?","$","M","E","?","R","BOSS","M","?","?","$","M"],"items_purchased_type":[],"build_version":"2020-12-22","purchased_purges":2,"victory":false,"max_hp_per_floor":[68,68,73,73,73,73,73,73,73,73,73,73,73,73,73,73,73,73,73,73,73,73,73],"card_choices":[{"not_picked":["Swivel","CutThroughFate"],"picked":"PathToVictory","floor":1.0},{"not_picked":["EmptyMind","Vengeance"],"picked":"Adaptation","floor":5.0},{"not_picked":["ClearTheMind","FlurryOfBlows"],"picked":"DeceiveReality","floor":7.0},{"not_picked":["EmptyMind","CrushJoints+1"],"picked":"InnerPeace","floor":10.0},{"not_picked":["CrushJoints+1","FollowUp+1"],"picked":"Wallop+1","floor":12},{"not_picked":["Consecrate+1","Crescendo","MasterReality"],"picked":"SKIP","floor":13},{"not_picked":["Blasphemy","Wish"],"picked":"LessonLearned+1","floor":16},{"not_picked":["Prostrate","Halt"],"picked":"Adaptation","floor":18},{"not_picked":["PathToVictory","Meditate","Study+1"],"picked":"SKIP","floor":19},{"not_picked":["BattleHymn","CutThroughFate+1","Conclude+1"],"picked":"SKIP","floor":20}],"player_experience":270021,"relics_obtained":[{"floor":7.0,"key":"Art of War"},{"floor":9.0,"key":"Molten Egg 2"},{"floor":13,"key":"Nunchaku"}],"event_choices":[{"damage_healed":0.0,"max_hp_gain":0.0,"max_hp_loss":0.0,"gold_gain":0.0,"event_name":"Liars Game","player_choice":"Ignored","floor":2.0,"gold_loss":0.0,"damage_taken":0.0},{"damage_healed":0.0,"max_hp_gain":5.0,"max_hp_loss":0.0,"gold_gain":0.0,"event_name":"Big Fish","player_choice":"Donut","floor":3.0,"gold_loss":0.0,"damage_taken":0.0},{"damage_healed":0.0,"max_hp_gain":0.0,"max_hp_loss":0.0,"gold_gain":0.0,"event_name":"Upgrade Shrine","player_choice":"Upgraded","floor":4.0,"gold_loss":0.0,"damage_taken":0.0,"cards_upgraded":["Eruption"]},{"damage_healed":0,"gold_gain":0,"player_choice":"Forge","damage_taken":0,"max_hp_gain":0,"max_hp_loss":0,"event_name":"Accursed Blacksmith","floor":14,"gold_loss":0,"cards_upgraded":["PathToVictory"]}],"is_beta":false,"boss_relics":[{"not_picked":["Busted Crown","Velvet Choker"],"picked":"Fusion Hammer"}],"items_purged_floors":[11,21],"is_endless":false,"potions_floor_spawned":[5,7,10,13,16,19,20],"killed_by":"Shelled Parasite and Fungi","ascension_level":16}}