{"host":"6svvh3ubww6quchd","time":1613422724,"event":{"mods":["AchievementEnabler","BaseMod","Bestiary","Highlight Path","Minty Spire (QoL Compilation)","Rare Cards Sparkle","Relic Stats","StSLib"],"gold_per_floor":[137,312,356,35,2,37,37,66,142,162,162,182,7,24,24,128,128,173,20,20,48,147,147,79,105,154,154,184,224,262,59,59,160,160,231,231,281,311,311],"floor_reached":38,"language":"ENG","playtime":1619,"items_purged":["Doubt","Strike_P"],"score":693,"play_id":"4ae32f50-8509-48e1-9df1-b33dd6314017","local_time":"20210215155844","is_ascension_mode":true,"campfire_choices":[{"floor":7,"key":"REST"},{"floor":11,"key":"REST"},{"data":"Tantrum","floor":15,"key":"SMITH"},{"data":"TalkToTheHand","floor":27,"key":"SMITH"},{"data":"Wish","floor":32,"key":"SMITH"}],"circlet_count":0,"master_deck":["Strike_P","Strike_P","Strike_P","Defend_P","Defend_P","Defend_P","Defend_P","Eruption","Vigilance","Wish+1","FollowUp","SignatureMove","FlyingSleeves","FlurryOfBlows","CrushJoints","Halt","Tantrum+1","SpiritShield","Tantrum","CarveReality","Omniscience","ForeignInfluence+1","TalkToTheHand+1","Meditate","TalkToTheHand","Conclude","FearNoEvil","DevaForm"],"relics":["PureWater","PreservedInsect","Toy Ornithopter","Matryoshka","Regal Pillow","HornCleat","Snecko Eye","Red Mask","Unceasing Top","Centennial Puzzle","Vajra","Dream Catcher","Lee\u0027s Waffle","Busted Crown"],"acts_visited":["Exordium","TheCity","TheBeyond"],"potions_floor_usage":[21,25,33,38,38],"damage_taken":[{"damage":11,"enemies":"2 Louse","floor":1,"turns":5},{"damage":14,"enemies":"Small Slimes","floor":3,"turns":4},{"damage":13,"enemies":"Gremlin Nob","floor":6,"turns":3},{"damage":5,"enemies":"3 Sentries","floor":8,"turns":4},{"damage":0,"enemies":"Jaw Worm","floor":10,"turns":2},{"damage":17,"enemies":"Lots of Slimes","floor":12,"turns":3},{"damage":7,"enemies":"Exordium Wildlife","floor":14,"turns":2},{"damage":0,"enemies":"Slime Boss","floor":16,"turns":4},{"damage":16,"enemies":"Shell Parasite","floor":18,"turns":5},{"damage":0,"enemies":"Masked Bandits","floor":21,"turns":4},{"damage":0,"enemies":"Slavers","floor":25,"turns":2},{"damage":10,"enemies":"Book of Stabbing","floor":28,"turns":3},{"damage":0,"enemies":"Spheric Guardian","floor":29,"turns":2},{"damage":0,"enemies":"3 Cultists","floor":30,"turns":3},{"damage":11,"enemies":"Automaton","floor":33,"turns":5},{"damage":6,"enemies":"Orb Walker","floor":35,"turns":4},{"damage":38,"enemies":"3 Darklings","floor":37,"turns":5},{"damage":48,"enemies":"Jaw Worm Horde","floor":38,"turns":4}],"seed_played":"-7500255388760559366","potions_obtained":[{"floor":8,"key":"AttackPotion"},{"floor":12,"key":"Regen Potion"},{"floor":14,"key":"DistilledChaos"},{"floor":28,"key":"DistilledChaos"},{"floor":29,"key":"GamblersBrew"},{"floor":33,"key":"Swift Potion"}],"is_trial":false,"path_per_floor":["M","?","M","$","?","E","R","E","T","M","R","M","$","M","R","B",null,"M","$","?","?","?","?","$","E","T","R","E","M","M","$","R","B",null,"M","?","M","M"],"character_chosen":"WATCHER","items_purchased":["PreservedInsect","FlyingSleeves","FlurryOfBlows","Tantrum","TalkToTheHand","Meditate","Conclude","Lee\u0027s Waffle","PowerPotion"],"campfire_rested":2,"item_purchase_floors":[4,4,4,13,19,19,24,31,31],"current_hp_per_floor":[36,36,22,22,22,9,30,25,25,25,61,44,44,37,37,37,63,47,47,47,52,52,52,52,57,57,57,47,47,47,79,79,68,76,70,70,32,0,0],"gold":311,"neow_bonus":"THREE_RARE_CARDS","is_daily":false,"chose_seed":false,"campfire_upgraded":3,"win_rate":0.0,"timestamp":1613422724,"path_taken":["M","?","M","$","?","E","R","E","T","M","R","M","$","M","R","BOSS","M","$","?","?","?","?","?","E","T","R","E","M","M","$","R","BOSS","M","?","?","M"],"items_purchased_type":["Relic","Card","Card","Card","Card","Card","Card","Relic","Potion"],"build_version":"2020-12-22","purchased_purges":2,"victory":false,"max_hp_per_floor":[72,72,72,72,72,72,72,72,72,72,72,72,72,72,72,72,72,72,72,72,72,72,72,72,72,72,72,72,72,72,79,79,79,79,79,79,79,79,79],"relic_stats":{"Regal Pillow":15,"Centennial Puzzle":[15],"Dream Catcher":0,"Lee\u0027s Waffle":32,"Busted Crown":4,"counters":[18,64],"Snecko Eye":[63,63,77,63],"PreservedInsect":136,"obtain_stats":[{"Regal Pillow":9,"Lee\u0027s Waffle":31,"Vajra":26,"PreservedInsect":4,"Centennial Puzzle":26,"Dream Catcher":28,"Matryoshka":8,"HornCleat":9,"Busted Crown":34,"Snecko Eye":17,"Red Mask":21,"PureWater":0,"Toy Ornithopter":6,"Unceasing Top":25},{"Regal Pillow":4,"Lee\u0027s Waffle":14,"Vajra":11,"PreservedInsect":2,"Centennial Puzzle":11,"Dream Catcher":12,"Matryoshka":4,"HornCleat":4,"Busted Crown":15,"Snecko Eye":8,"Red Mask":10,"PureWater":0,"Toy Ornithopter":3,"Unceasing Top":11},{"Regal Pillow":16,"Lee\u0027s Waffle":46,"Vajra":38,"PreservedInsect":9,"Centennial Puzzle":38,"Dream Catcher":41,"Matryoshka":16,"HornCleat":16,"Busted Crown":51,"Snecko Eye":27,"Red Mask":36,"PureWater":0,"Toy Ornithopter":12,"Unceasing Top":38}],"Toy Ornithopter":20,"Unceasing Top":[2]},"card_choices":[{"not_picked":["ConjureBlade","Omniscience"],"picked":"Wish","floor":0},{"not_picked":["JustLucky","SashWhip"],"picked":"FollowUp","floor":1},{"not_picked":["SashWhip","BattleHymn"],"picked":"SignatureMove","floor":3},{"not_picked":["FlyingSleeves","Protect"],"picked":"CrushJoints","floor":6},{"not_picked":["FlurryOfBlows","EmptyBody"],"picked":"Halt","floor":8},{"not_picked":["ThirdEye","PathToVictory"],"picked":"Tantrum","floor":10},{"not_picked":["FollowUp","InnerPeace"],"picked":"SpiritShield","floor":12},{"not_picked":["Pray","Protect"],"picked":"CarveReality","floor":14},{"not_picked":["Alpha","Wish"],"picked":"Omniscience","floor":16},{"not_picked":["Fasting2+1","JustLucky"],"picked":"ForeignInfluence+1","floor":18},{"not_picked":["Protect","FlurryOfBlows"],"picked":"FearNoEvil","floor":25},{"not_picked":["ForeignInfluence","Crescendo","Scrawl"],"picked":"SKIP","floor":28},{"not_picked":["Perseverance","PathToVictory+1","Fasting2+1"],"picked":"SKIP","floor":29},{"not_picked":["SandsOfTime","ForeignInfluence","SashWhip"],"picked":"SKIP","floor":30},{"not_picked":["MasterReality","Judgement"],"picked":"DevaForm","floor":33},{"not_picked":["ThirdEye+1"],"picked":"SKIP","floor":35},{"not_picked":["WreathOfFlame+1"],"picked":"SKIP","floor":37}],"player_experience":155553,"relics_obtained":[{"floor":6,"key":"Toy Ornithopter"},{"floor":8,"key":"Matryoshka"},{"floor":9,"key":"Regal Pillow"},{"floor":9,"key":"HornCleat"},{"floor":21,"key":"Red Mask"},{"floor":25,"key":"Unceasing Top"},{"floor":26,"key":"Centennial Puzzle"},{"floor":26,"key":"Vajra"},{"floor":28,"key":"Dream Catcher"}],"event_choices":[{"damage_healed":0,"gold_gain":175,"player_choice":"AGREE","damage_taken":0,"max_hp_gain":0,"max_hp_loss":0,"event_name":"Liars Game","floor":2,"gold_loss":0,"cards_obtained":["Doubt"]},{"damage_healed":0,"gold_gain":0,"player_choice":"Left Gold","damage_taken":0,"max_hp_gain":0,"max_hp_loss":0,"event_name":"World of Goop","floor":5,"gold_loss":33},{"damage_healed":0,"gold_gain":0,"player_choice":"Read","damage_taken":0,"max_hp_gain":0,"max_hp_loss":0,"event_name":"The Library","floor":20,"gold_loss":0,"cards_obtained":["TalkToTheHand"]},{"damage_healed":0,"gold_gain":0,"player_choice":"Fought Bandits","damage_taken":0,"max_hp_gain":0,"max_hp_loss":0,"event_name":"Masked Bandits","floor":21,"gold_loss":0},{"damage_healed":0,"gold_gain":99,"player_choice":"Stole From Cult","damage_taken":0,"max_hp_gain":0,"max_hp_loss":0,"event_name":"Nest","floor":22,"gold_loss":0},{"damage_healed":0,"gold_gain":0,"player_choice":"Ignored","damage_taken":0,"max_hp_gain":0,"max_hp_loss":0,"event_name":"Vampires","floor":23,"gold_loss":0},{"damage_healed":0,"gold_gain":0,"player_choice":"Bought 0 Potions","damage_taken":0,"max_hp_gain":0,"max_hp_loss":0,"event_name":"The Woman in Blue","floor":36,"gold_loss":0}],"is_beta":false,"boss_relics":[{"not_picked":["Velvet Choker","SlaversCollar"],"picked":"Snecko Eye"},{"not_picked":["Calling Bell","Astrolabe"],"picked":"Busted Crown"}],"items_purged_floors":[4,13],"is_endless":false,"potions_floor_spawned":[8,12,14,16,28,29,33,35,37],"killed_by":"Jaw Worm Horde","ascension_level":7}}