{"host":"5m2js577gj4e7pak","time":1613392533,"event":{"mods":["AchievementEnabler","BaseMod","Better Match","Better Note","Better Third Choice","BetterRewards","Colored Map","Colored Powertips","Highlight Path","Lobotomy","LobotomyExtend","Minty Spire (QoL Compilation)","Quick Restart","Relic Filter","Relic Sorter","Remove Card Discount Mod","Shop Mod","Spicy Shops","StSLib"],"gold_per_floor":[118,118,118,137,155,155,155,155,155,168,168,12,38,58,58,158,158,177,23,41,55,55,87,87,119,195,195,195,210,202,220,220,321,321,336,350,360,378,154,154,179,191,215,225,250,300,313,345,345,345],"floor_reached":51,"language":"ENG","playtime":2013,"items_purged":["InformationCode","Corruption","Woodsman","Galaxy","Horn","BeautyBeast","BodiesMountain"],"score":1139,"play_id":"7ad25b47-7321-422d-b308-d8a171ae7398","local_time":"20210215133533","is_ascension_mode":true,"campfire_choices":[{"floor":40.0,"key":"RECALL"}],"circlet_count":0,"master_deck":["SpecialBullet","SpecialBullet","SpecialBullet","SpecialBullet","SpecialBullet","SpecialBullet","SpecialBullet","SpecialBullet","ControlCode","SecurityCode","TrainingCode","Lamp+10","OSAHOGD","GreenStem","Scrawl","InTheNameOfLoveAndHate","ShyLook","Beak","Ecstasy","TT2Protocol","GoldRush","SomewhereSpear","Wingbeat+1","LittleHelper","CENSORED_ego","Wingbeat","Moonlight","SummonCall","BigBird","GoldRush","SolemnVow","RecordCode"],"relics":["CogitoBucket","Mango","Nunchaku","Oddly Smooth Stone","OrangePellets","Toolbox","LetterFromLob","FossilizedHelix","Blood Vial","Sundial","Bag of Marbles","Sling","Orichalcum","AspirationHeart","Black Star","PreservedInsect","Logging_r","betterThird:NestCultRelic","Omamori","Regal Pillow","Shovel","Ancient Tea Set","Letter Opener","LuminousBracelet","Busted Crown","SkinProphecy","Strawberry","Pear","HornCleat","Pen Nib","Bronze Scales","Unceasing Top","InkBottle","Lantern"],"acts_visited":["Exordium","TheCity","TheBeyond"],"potions_floor_usage":[50,50],"damage_taken":[{"damage":0.0,"enemies":"2 Louse","floor":1.0,"turns":2.0},{"damage":0.0,"enemies":"Jaw Worm","floor":4.0,"turns":3.0},{"damage":0.0,"enemies":"Small Slimes","floor":5.0,"turns":3.0},{"damage":0.0,"enemies":"Blue Slaver","floor":10.0,"turns":2.0},{"damage":0.0,"enemies":"3 Sentries","floor":13.0,"turns":5.0},{"damage":0.0,"enemies":"Exordium Wildlife","floor":14.0,"turns":6.0},{"damage":40.0,"enemies":"Hexaghost","floor":16.0,"turns":7.0},{"damage":11.0,"enemies":"2 Thieves","floor":18.0,"turns":2.0},{"damage":27.0,"enemies":"3 Byrds","floor":20.0,"turns":4.0},{"damage":0.0,"enemies":"Centurion and Healer","floor":21.0,"turns":3.0},{"damage":18.0,"enemies":"Book of Stabbing","floor":23.0,"turns":4.0},{"damage":31.0,"enemies":"Slavers","floor":25.0,"turns":3.0},{"damage":38.0,"enemies":"Snecko","floor":29.0,"turns":5.0},{"damage":0.0,"enemies":"3 Cultists","floor":31.0,"turns":2.0},{"damage":40.0,"enemies":"Collector","floor":33.0,"turns":8.0},{"damage":12.0,"enemies":"3 Shapes","floor":35.0,"turns":2.0},{"damage":10.0,"enemies":"3 Darklings","floor":36.0,"turns":3.0},{"damage":68.0,"enemies":"Writhing Mass","floor":37.0,"turns":6.0},{"damage":0.0,"enemies":"Transient","floor":38.0,"turns":5.0},{"damage":0.0,"enemies":"Nemesis","floor":41.0,"turns":3.0},{"damage":0.0,"enemies":"Maw","floor":42.0,"turns":3.0},{"damage":0.0,"enemies":"4 Shapes","floor":44.0,"turns":2.0},{"damage":0.0,"enemies":"Mind Bloom Boss Battle","floor":46.0,"turns":2.0},{"damage":4.0,"enemies":"Spire Growth","floor":47.0,"turns":3.0},{"damage":0.0,"enemies":"Giant Head","floor":48.0,"turns":2.0},{"damage":11,"enemies":"FixerMidnight","floor":50,"turns":3},{"damage":25,"enemies":"Malkuth","floor":51,"turns":4},{"damage":22,"enemies":"Yesod","floor":51,"turns":5}],"seed_played":"1677347491724237803","potions_obtained":[{"floor":1.0,"key":"AttackPotion"},{"floor":13.0,"key":"AttackPotion"},{"floor":14.0,"key":"SpeedPotion"},{"floor":16.0,"key":"SkillPotion"},{"floor":18.0,"key":"Explosive Potion"},{"floor":29.0,"key":"Fire Potion"},{"floor":36.0,"key":"Energy Potion"},{"floor":38.0,"key":"GamblersBrew"},{"floor":46.0,"key":"DistilledChaos"}],"is_trial":false,"path_per_floor":["M","?","T","M","M","R","?","R","T","M","R","$","E","M","R","B",null,"M","$","M","M","?","E","R","E","T","?","R","M","$","M","R","B",null,"M","M","M","M","$","R","E","M","T","M","T","?","M","E","R","B",null],"character_chosen":"Angela","items_purchased":["Lamp","Nunchaku","Oddly Smooth Stone","OrangePellets","Toolbox","Sling","PreservedInsect","Strawberry","SolemnVow"],"campfire_rested":0,"item_purchase_floors":[0,0,0,0,0,12,19,39,39],"current_hp_per_floor":[60,60,60,68,79,79,66,66,66,82,82,82,84,94,94,68,94,94,94,81,94,94,94,94,94,94,94,94,109,109,109,109,109,109,109,109,94,101,108,108,120,122,122,124,124,116,118,120,120,122],"gold":345,"neow_bonus":"","is_daily":false,"chose_seed":false,"campfire_upgraded":0,"win_rate":0.0,"timestamp":1613392533,"path_taken":["M","?","?","M","M","R","?","R","T","M","R","$","E","M","R","BOSS","M","$","M","M","?","E","R","E","T","?","R","M","?","?","R","BOSS","M","?","M","M","$","R","E","M","T","M","?","?","M","E","R","BOSS"],"items_purchased_type":["Card","Relic","Relic","Relic","Relic","Relic","Relic","Relic","Card"],"build_version":"2020-12-22","purchased_purges":7,"victory":true,"max_hp_per_floor":[84,84,84,84,84,84,84,84,84,84,84,84,84,94,94,94,94,94,94,94,94,94,94,94,94,94,94,94,109,109,109,109,109,109,109,109,109,101,108,108,120,122,122,124,124,116,118,120,120,122],"card_choices":[{"not_picked":["Wellcheers","OldLady"],"picked":"OSAHOGD","floor":1.0},{"not_picked":["Horn"],"picked":"Galaxy","floor":1.0},{"not_picked":["Noise"],"picked":"GreenStem","floor":4.0},{"not_picked":["UniverseFragment","MeatLantern"],"picked":"BeautyBeast","floor":5.0},{"not_picked":["CrimsonScar"],"picked":"Horn","floor":5.0},{"not_picked":["Wingbeat"],"picked":"InTheNameOfLoveAndHate","floor":10.0},{"not_picked":["HappyTeddy","Variant"],"picked":"ShyLook","floor":13.0},{"not_picked":["BlackSwan_ego"],"picked":"Beak","floor":13.0},{"not_picked":["SolemnVow"],"picked":"Ecstasy","floor":14.0},{"not_picked":["Pinks"],"picked":"GoldRush","floor":16.0},{"not_picked":["PunishingBird","UniverseFragment"],"picked":"Woodsman","floor":18.0},{"not_picked":["Tough"],"picked":"SomewhereSpear","floor":18.0},{"not_picked":["Lantern","CherryBlossom"],"picked":"SKIP","floor":20.0},{"not_picked":["Horn"],"picked":"Wingbeat+1","floor":21.0},{"not_picked":["FairyFestival","Bloodbath"],"picked":"LittleHelper","floor":23.0},{"not_picked":["Spore"],"picked":"CENSORED_ego","floor":23.0},{"not_picked":["Loneliness"],"picked":"Wingbeat","floor":25.0},{"not_picked":["FeatherOfHonor","WristCuter"],"picked":"SKIP","floor":29.0},{"not_picked":["RapturousDream","FourthMatchFlame+1"],"picked":"SKIP","floor":31.0},{"not_picked":["Scorched","CherryBlossoms"],"picked":"BigBird","floor":33.0},{"not_picked":["Adoration"],"picked":"GoldRush","floor":33.0},{"not_picked":["SnowQueen","HappyTeddy"],"picked":"BodiesMountain","floor":37.0}],"player_experience":84482,"relics_obtained":[{"floor":1.0,"key":"LetterFromLob"},{"floor":3.0,"key":"FossilizedHelix"},{"floor":9.0,"key":"Bag of Marbles"},{"floor":13.0,"key":"Orichalcum"},{"floor":23.0,"key":"Omamori"},{"floor":23.0,"key":"Regal Pillow"},{"floor":25.0,"key":"Shovel"},{"floor":25.0,"key":"Ancient Tea Set"},{"floor":26.0,"key":"Letter Opener"},{"floor":41.0,"key":"Pear"},{"floor":41.0,"key":"HornCleat"},{"floor":43.0,"key":"Pen Nib"},{"floor":45.0,"key":"Bronze Scales"},{"floor":46.0,"key":"Unceasing Top"},{"floor":48.0,"key":"InkBottle"},{"floor":48.0,"key":"Lantern"}],"event_choices":[{"damage_healed":0.0,"max_hp_gain":0.0,"max_hp_loss":0.0,"gold_gain":0.0,"event_name":"betterThird:BetterNest","player_choice":"Madness","floor":22.0,"gold_loss":0.0,"damage_taken":0.0,"relics_obtained":["betterThird:NestCultRelic"]},{"damage_healed":0.0,"max_hp_gain":0.0,"max_hp_loss":0.0,"gold_gain":0.0,"event_name":"The Library","player_choice":"Read","floor":27.0,"gold_loss":0.0,"damage_taken":0.0,"cards_obtained":["Moonlight"]},{"damage_healed":0.0,"max_hp_gain":0.0,"max_hp_loss":0.0,"gold_gain":0.0,"event_name":"MindBloom","player_choice":"Fight","floor":46.0,"gold_loss":0.0,"damage_taken":0.0}],"is_beta":false,"boss_relics":[{"not_picked":["Runic Dome","Tiny House"],"picked":"Black Star"},{"not_picked":["Sozu","SacredBark"],"picked":"Busted Crown"}],"items_purged_floors":[12,12,30,30,30,30,39],"is_endless":false,"potions_floor_spawned":[1,13,14,16,18,25,29,36,38,46],"ascension_level":4}}