{"host":"crunchoberries","time":1613433196,"event":{"mods":["BaseMod","Better Third Choice","Colored Map","Downfall","Minty Spire (QoL Compilation)","Quick Restart","StSLib","SuperFastMode","The Jungle","everything is the same but u backflip on backflip","slay the spire mod where everything is the same but ironclad has a cowboy hat"],"gold_per_floor":[109,109,123,93,106,140,170,192,228,250,262,288,300,332,344,455,467,490,502,564,105,105,138,155,155,204,224,224,253,253,253,253,354,354,369,389,401,451,468,468,94,94,94,107,121,36,46,25,25,25],"floor_reached":51,"language":"ENG","playtime":1953,"items_purged":["Shame","Strike_G"],"score":1041,"play_id":"f6053c78-d2d0-4a74-88c2-3dcb999116db","local_time":"20210215185316","is_ascension_mode":false,"campfire_choices":[{"data":"Noxious Fumes","floor":11,"key":"SMITH"},{"data":"After Image","floor":13,"key":"SMITH"},{"data":"Infinite Blades","floor":15,"key":"SMITH"},{"data":"Envenom","floor":25,"key":"SMITH"},{"data":"Noxious Fumes","floor":28,"key":"SMITH"},{"data":"Noxious Fumes","floor":32,"key":"SMITH"},{"floor":40,"key":"REST"},{"floor":49,"key":"REST"}],"circlet_count":0,"master_deck":["Strike_G","Strike_G","Strike_G","Defend_G","Defend_G","Defend_G","Defend_G","Defend_G","Survivor","Neutralize","Blade Dance","Backflip","Infinite Blades+1","Slice","After Image+1","Backstab","Noxious Fumes+1","Blade Dance","Envenom+1","Slice","Slice","Swift Strike","Violence","Noxious Fumes+1","Noxious Fumes+1","Deflect+1","Slice","Finisher","Adrenaline","Prepared","Slice+1","Dodge and Roll+1","Burst","Infinite Blades+1","Master of Strategy","Calculated Gamble+1","Catalyst+1","Panache","Deflect+1","Terror"],"relics":["Ring of the Snake","Ginger","MawBank","Snake Skull","WristBlade","theJungle:SneckoAutograph","Membership Card","Question Card","Oddly Smooth Stone","Pen Nib","Bag of Preparation","Orichalcum","Kunai","Philosopher\u0027s Stone","Mango","Sling","Centennial Puzzle","Bronze Scales","Paper Crane"],"acts_visited":["Exordium","Exordium","TheBeyond"],"potions_floor_usage":[3,6,6,12,12,12,16,18,44,50,50],"damage_taken":[{"damage":6,"enemies":"2 Louse","floor":1,"turns":3},{"damage":1,"enemies":"Cultist","floor":3,"turns":3},{"damage":0,"enemies":"Small Slimes","floor":5,"turns":3},{"damage":16,"enemies":"3 Sentries","floor":6,"turns":6},{"damage":11,"enemies":"3 Louse","floor":7,"turns":3},{"damage":0,"enemies":"Large Slime","floor":8,"turns":6},{"damage":0,"enemies":"Blue Slaver","floor":10,"turns":4},{"damage":0,"enemies":"Exordium Wildlife","floor":12,"turns":4},{"damage":0,"enemies":"Exordium Thugs","floor":14,"turns":4},{"damage":20,"enemies":"Slime Boss","floor":16,"turns":7},{"damage":13,"enemies":"theJungle:Flameango_and_Byrd","floor":18,"turns":5},{"damage":4,"enemies":"theJungle:Cassacara","floor":23,"turns":4},{"damage":0,"enemies":"theJungle:GiantWrat","floor":24,"turns":4},{"damage":0,"enemies":"theJungle:2_Snecko_Cultists","floor":27,"turns":2},{"damage":0,"enemies":"theJungle:2_Phrogs","floor":29,"turns":5},{"damage":0,"enemies":"theJungle:QueenSpyder","floor":33,"turns":6},{"damage":0,"enemies":"Orb Walker","floor":35,"turns":3},{"damage":21,"enemies":"3 Darklings","floor":36,"turns":3},{"damage":0,"enemies":"Maw","floor":37,"turns":5},{"damage":10,"enemies":"Mind Bloom Boss Battle","floor":38,"turns":4},{"damage":6,"enemies":"Spire Growth","floor":39,"turns":5},{"damage":7,"enemies":"3 Darklings","floor":44,"turns":2},{"damage":5,"enemies":"Jaw Worm Horde","floor":45,"turns":2},{"damage":13,"enemies":"4 Shapes","floor":47,"turns":3},{"damage":25,"enemies":"Donu and Deca","floor":50,"turns":5}],"seed_played":"-6844140189850405716","potions_obtained":[{"floor":3,"key":"Fruit Juice"},{"floor":4,"key":"ColorlessPotion"},{"floor":4,"key":"ColorlessPotion"},{"floor":6,"key":"FearPotion"},{"floor":8,"key":"DuplicationPotion"},{"floor":12,"key":"Fruit Juice"},{"floor":14,"key":"SneckoOil"},{"floor":16,"key":"LiquidBronze"},{"floor":29,"key":"FearPotion"},{"floor":33,"key":"Ancient Potion"},{"floor":39,"key":"bronze:BurnAndBuffPotion"},{"floor":44,"key":"FairyPotion"},{"floor":45,"key":"BlessingOfTheForge"},{"floor":47,"key":"Energy Potion"}],"is_trial":false,"path_per_floor":["M","?","M","?","M","E","M","M","T","M","R","M","R","M","R","B",null,"M","?","?","$","?","E","M","R","T","M","R","E","?","T","R","B",null,"M","M","M","?","M","R","$","?","T","M","M","$","M","$","R","B",null],"character_chosen":"THE_SILENT","items_purchased":["Membership Card","Slice","Swift Strike","Violence","Oddly Smooth Stone","Noxious Fumes","Sling","Centennial Puzzle","Bronze Scales","Master of Strategy","Panache","Terror"],"campfire_rested":2,"item_purchase_floors":[21,21,21,21,21,21,41,41,41,41,46,48],"current_hp_per_floor":[43,43,47,47,47,31,20,20,20,20,20,25,25,25,25,5,80,67,67,56,56,56,52,52,52,52,52,52,52,52,52,52,52,80,80,59,59,63,57,85,85,85,85,78,73,73,60,60,88,63],"gold":25,"neow_bonus":"ONE_RARE_RELIC","is_daily":false,"chose_seed":false,"campfire_upgraded":6,"win_rate":0.0,"timestamp":1613433196,"path_taken":["M","?","?","?","?","E","M","M","T","M","R","M","R","M","R","BOSS","M","?","?","?","?","E","M","R","T","M","R","E","?","?","R","BOSS","M","M","?","?","M","R","$","?","T","M","M","?","M","$","R","BOSS"],"items_purchased_type":["Relic","Card","Card","Card","Relic","Card","Relic","Relic","Relic","Card","Card","Card"],"build_version":"2020-12-18","purchased_purges":2,"victory":true,"max_hp_per_floor":[70,70,75,75,75,75,75,75,75,75,75,80,80,80,80,80,80,80,80,80,80,80,80,80,80,80,80,80,80,80,80,80,80,80,80,80,80,94,94,94,94,94,94,94,94,94,94,94,94,94],"card_choices":[{"not_picked":["Dodge and Roll","Choke"],"picked":"Blade Dance","floor":1},{"not_picked":["Outmaneuver","Sucker Punch"],"picked":"Backflip","floor":3},{"not_picked":["Escape Plan","Backflip"],"picked":"Infinite Blades","floor":5},{"not_picked":["Escape Plan","Deadly Poison"],"picked":"Slice","floor":6},{"not_picked":["Outmaneuver","Underhanded Strike"],"picked":"After Image","floor":7},{"not_picked":["Underhanded Strike","Poisoned Stab"],"picked":"Backstab","floor":8},{"not_picked":["Poisoned Stab","Eviscerate"],"picked":"Noxious Fumes","floor":10},{"not_picked":["Slice","Quick Slash"],"picked":"Blade Dance","floor":12},{"not_picked":["Bane","Acrobatics"],"picked":"Crippling Poison","floor":14},{"not_picked":["Die Die Die","Phantasmal Killer"],"picked":"Envenom","floor":16},{"not_picked":["Dagger Throw","Deflect+1"],"picked":"Slice","floor":18},{"not_picked":["All Out Attack","Distraction","Deadly Poison"],"picked":"Noxious Fumes","floor":23},{"not_picked":["Leg Sweep","Poisoned Stab","Quick Slash"],"picked":"Deflect+1","floor":24},{"not_picked":["Sucker Punch","Caltrops","Dagger Throw"],"picked":"Slice","floor":27},{"not_picked":["PiercingWail","Masterful Stab+1","Prepared"],"picked":"Finisher","floor":29},{"not_picked":["Die Die Die","Malaise","Venomology"],"picked":"Adrenaline","floor":33},{"not_picked":["Underhanded Strike","Sucker Punch","Well Laid Plans"],"picked":"Prepared","floor":35},{"not_picked":["Prepared+1","Bouncing Flask+1","Flying Knee+1"],"picked":"Slice+1","floor":36},{"not_picked":["Masterful Stab+1","Deflect+1","Heel Hook+1"],"picked":"Dodge and Roll+1","floor":37},{"not_picked":["Dagger Throw","All Out Attack","PiercingWail+1"],"picked":"Burst","floor":38},{"not_picked":["Deadly Poison+1","Tactician+1","Leg Sweep"],"picked":"Infinite Blades+1","floor":39},{"not_picked":["Terror","Poisoned Stab+1","Bane"],"picked":"Calculated Gamble+1","floor":44},{"not_picked":["Masterful Stab+1","Prepared+1","Footwork+1"],"picked":"Catalyst+1","floor":45},{"not_picked":["Expertise","Underhanded Strike+1","Sucker Punch+1"],"picked":"Deflect+1","floor":47}],"player_experience":11584,"relics_obtained":[{"floor":6,"key":"MawBank"},{"floor":9,"key":"Snake Skull"},{"floor":23,"key":"Pen Nib"},{"floor":26,"key":"Bag of Preparation"},{"floor":29,"key":"Orichalcum"},{"floor":31,"key":"Kunai"},{"floor":38,"key":"Mango"},{"floor":43,"key":"Paper Crane"}],"event_choices":[{"cards_removed":["Strike_G"],"damage_healed":0,"gold_gain":0,"player_choice":"Offered Basic","damage_taken":0,"max_hp_gain":0,"max_hp_loss":0,"event_name":"Bonfire Elementals","floor":2,"gold_loss":0},{"damage_healed":0,"gold_gain":0,"player_choice":"Bought 2 Potions","damage_taken":0,"max_hp_gain":0,"max_hp_loss":0,"event_name":"The Woman in Blue","floor":4,"gold_loss":0},{"damage_healed":0,"gold_gain":0,"player_choice":"Fight","damage_taken":0,"max_hp_gain":0,"max_hp_loss":0,"event_name":"MindBloom","floor":38,"gold_loss":0},{"cards_removed":["Crippling Poison"],"damage_healed":0,"gold_gain":0,"player_choice":"Removed Skill","damage_taken":0,"max_hp_gain":0,"max_hp_loss":0,"event_name":"Falling","floor":42,"gold_loss":0}],"is_beta":true,"boss_relics":[{"not_picked":["Black Star","Ectoplasm"],"picked":"WristBlade"},{"not_picked":["bronze:MakeshiftBattery","Cursed Key"],"picked":"Philosopher\u0027s Stone"}],"items_purged_floors":[21,41],"is_endless":false,"potions_floor_spawned":[3,6,8,12,14,16,29,33,39,44,45,47],"ascension_level":0}}