{"host":"8d3fefv2347kqkpz","time":1613422271,"event":{"mods":["AchievementEnabler","Aspiration","BaseMod","Better Vampires","BetterRewards","Colored Map","Colored Powertips","Downfall","Emptier Cage","Highlight Path","Marked Mod","Minty Spire (QoL Compilation)","Quick Restart","Rare Cards Sparkle","Relic Stats","Spicy Shops","StSLib","Waifu the Spire"],"gold_per_floor":[99,199,199,209,223,71,96,96,107,107,117,117,137,137,137,137],"floor_reached":14,"language":"ZHS","playtime":442,"items_purged":[],"score":80,"play_id":"4d7ec812-de02-450f-bdef-667055035db1","local_time":"20210216045111","is_ascension_mode":false,"campfire_choices":[{"data":"sneckomod:SnekBite","floor":1.0,"key":"SMITH"},{"data":"sneckomod:Unknown3Cost","floor":10.0,"key":"SMITH"},{"data":"sneckomod:SnakeSap","floor":12,"key":"SMITH"}],"circlet_count":0,"master_deck":["sneckomod:Strike","sneckomod:Strike","sneckomod:Defend","sneckomod:Defend","sneckomod:Defend","sneckomod:TailWhip","sneckomod:SnekBite+1","sneckomod:Unknown","sneckomod:Unknown","sneckomod:UnknownX","sneckomod:SnakeSap+1","sneckomod:UnknownWeak","sneckomod:Unknown3Cost+1","sneckomod:UnknownX","sneckomod:UnknownColorless","sneckomod:QuickMove"],"relics":["sneckomod:SneckoSoul","Potion Belt","Kunai"],"acts_visited":["Exordium"],"potions_floor_usage":[],"damage_taken":[{"damage":2.0,"enemies":"2 Louse","floor":4.0,"turns":3.0},{"damage":0.0,"enemies":"Small Slimes","floor":5.0,"turns":3.0},{"damage":0.0,"enemies":"downfall:FleeingMerchant","floor":6.0,"turns":4.0},{"damage":6.0,"enemies":"Jaw Worm","floor":9.0,"turns":4.0},{"damage":0,"enemies":"downfall:LooterAlt","floor":11,"turns":3},{"damage":34,"enemies":"Exordium Thugs","floor":13,"turns":4},{"damage":56,"enemies":"3 Sentries","floor":14,"turns":10}],"seed_played":"-6095033252160390871","potions_obtained":[{"floor":9.0,"key":"AttackPotion"},{"floor":11,"key":"GamblersBrew"}],"is_trial":false,"path_per_floor":["R","?","?","M","M","$","T","?","M","R","M","R","M","E"],"character_chosen":"THE_SNECKO","items_purchased":["sneckomod:Unknown3Cost"],"campfire_rested":0,"item_purchase_floors":[6],"current_hp_per_floor":[90,90,90,88,88,88,88,76,70,70,70,70,51,0,0,0],"gold":137,"neow_bonus":"REMOVE_CARD","is_daily":false,"chose_seed":false,"campfire_upgraded":3,"win_rate":0.0,"timestamp":1613422271,"path_taken":["R","?","?","M","M","$","T","?","M","R","M","R","M","E"],"items_purchased_type":["Card"],"build_version":"2020-12-22","purchased_purges":0,"victory":false,"max_hp_per_floor":[90,90,90,90,90,90,90,90,90,90,90,90,90,90,90,90],"relic_stats":{"counters":[7,31],"Kunai":[2],"obtain_stats":[{"Potion Belt":7,"Kunai":8,"sneckomod:SneckoSoul":0},{"Potion Belt":3,"Kunai":3,"sneckomod:SneckoSoul":0},{"Potion Belt":10,"Kunai":10,"sneckomod:SneckoSoul":0}]},"card_choices":[{"not_picked":["sneckomod:UnknownCommonAttack","sneckomod:Unknown2Cost"],"picked":"sneckomod:UnknownX","floor":4.0},{"not_picked":["sneckomod:UnendingSupply","sneckomod:DefensiveFlair"],"picked":"sneckomod:SnakeSap","floor":5.0},{"not_picked":["sneckomod:SoulRoll","sneckomod:SnakeSap"],"picked":"sneckomod:UnknownWeak","floor":6.0},{"not_picked":["sneckomod:DiceCrush","sneckomod:ImprovisedAttack"],"picked":"sneckomod:UnknownX","floor":9.0},{"not_picked":["sneckomod:UnknownUncommonSkill","sneckomod:ImprovisedGuard"],"picked":"sneckomod:UnknownColorless","floor":11},{"not_picked":["sneckomod:SoulRoll","sneckomod:DiceCrush"],"picked":"sneckomod:QuickMove","floor":13}],"player_experience":401144,"relics_obtained":[{"floor":7.0,"key":"Potion Belt"}],"event_choices":[{"damage_healed":0.0,"max_hp_gain":0.0,"max_hp_loss":0.0,"gold_gain":0.0,"event_name":"Scrap Ooze","player_choice":"Success","floor":8.0,"gold_loss":0.0,"damage_taken":12.0,"relics_obtained":["Kunai"]}],"is_beta":false,"boss_relics":[],"items_purged_floors":[],"is_endless":false,"potions_floor_spawned":[9,11],"killed_by":"3 Sentries","ascension_level":0}}