{"host":"kh6fvhxn285ncg0o","time":1613348061,"event":{"mods":["Act Like it!","BaseMod","Colored Map","Friendly Minions","Keyboard Shortcuts","Minty Spire (QoL Compilation)","Quick Restart","Relic Stats","StSLib","SuperFastMode","UnlockEverythingMod"],"gold_per_floor":[117,392,403,2,2,37,51,78,78,104,124,124,124,137,137,209,209,227,227,243,243,276,276,276],"floor_reached":23,"language":"KOR","playtime":518,"items_purged":["Regret"],"score":468,"play_id":"718ee9b2-033b-40eb-8e3c-b7a049cc525e","local_time":"20210215091421","is_ascension_mode":true,"campfire_choices":[{"data":"Armaments","floor":12.0,"key":"SMITH"},{"floor":15.0,"key":"REST"}],"circlet_count":0,"master_deck":["AscendersBane","Strike_R","Strike_R","Strike_R","Defend_R","Defend_R","Defend_R","Defend_R","Bash","Armaments+1","Evolve","Spot Weakness","Body Slam","Fiend Fire","Ghostly","Ghostly","Ghostly","Shrug It Off","Rage"],"relics":["Burning Blood","NeowsBlessing","Vajra","Frozen Eye","Bronze Scales","MealTicket","StoneCalendar","Gremlin Horn","Coffee Dripper","Red Mask"],"acts_visited":["Exordium","TheCity"],"potions_floor_usage":[22],"damage_taken":[{"damage":0.0,"enemies":"2 Louse","floor":1.0,"turns":1.0},{"damage":0.0,"enemies":"Cultist","floor":3.0,"turns":1.0},{"damage":0.0,"enemies":"Lagavulin","floor":6.0,"turns":1.0},{"damage":2.0,"enemies":"Jaw Worm","floor":7.0,"turns":3.0},{"damage":22.0,"enemies":"3 Sentries","floor":8.0,"turns":9.0},{"damage":25.0,"enemies":"Lagavulin","floor":10.0,"turns":7.0},{"damage":13.0,"enemies":"Large Slime","floor":11.0,"turns":6.0},{"damage":3.0,"enemies":"Blue Slaver","floor":14.0,"turns":4.0},{"damage":45.0,"enemies":"The Guardian","floor":16.0,"turns":9.0},{"damage":33,"enemies":"2 Thieves","floor":18,"turns":4},{"damage":9,"enemies":"3 Byrds","floor":20,"turns":4},{"damage":13,"enemies":"Masked Bandits","floor":22,"turns":5},{"damage":24,"enemies":"Slavers","floor":23,"turns":1}],"seed_played":"7689181165666619613","potions_obtained":[{"floor":11.0,"key":"Energy Potion"},{"floor":14.0,"key":"Strength Potion"},{"floor":18,"key":"Energy Potion"}],"is_trial":false,"path_per_floor":["M","?","M","$","T","E","M","E","T","E","M","R","?","M","R","B",null,"M","?","M","?","?","E"],"character_chosen":"IRONCLAD","items_purchased":["Vajra","Frozen Eye"],"campfire_rested":1,"item_purchase_floors":[4,4],"current_hp_per_floor":[74,74,75,75,75,75,75,59,59,40,33,33,26,29,51,12,59,32,32,29,29,22,0,0],"gold":276,"neow_bonus":"THREE_ENEMY_KILL","is_daily":false,"chose_seed":false,"campfire_upgraded":1,"win_rate":0.0,"timestamp":1613348061,"path_taken":["M","?","M","?","?","E","M","E","T","E","M","R","?","?","R","BOSS","M","?","M","?","?","E"],"items_purchased_type":["Relic","Relic"],"build_version":"2020-12-22","purchased_purges":1,"victory":false,"max_hp_per_floor":[75,75,75,75,75,75,75,75,75,75,75,75,75,75,75,75,75,75,37,37,37,37,37,37],"relic_stats":{"Gremlin Horn":[6,6],"counters":[13,55],"Bronze Scales":[153],"MealTicket":0,"StoneCalendar":[101],"obtain_stats":[{"Frozen Eye":4,"NeowsBlessing":0,"Gremlin Horn":10,"Bronze Scales":6,"Vajra":4,"MealTicket":8,"StoneCalendar":9,"Coffee Dripper":17,"Red Mask":22,"Burning Blood":0},{"Frozen Eye":2,"NeowsBlessing":0,"Gremlin Horn":6,"Bronze Scales":3,"Vajra":2,"MealTicket":5,"StoneCalendar":5,"Coffee Dripper":9,"Red Mask":12,"Burning Blood":0},{"Frozen Eye":2,"NeowsBlessing":0,"Gremlin Horn":22,"Bronze Scales":3,"Vajra":2,"MealTicket":15,"StoneCalendar":15,"Coffee Dripper":41,"Red Mask":54,"Burning Blood":0}],"Burning Blood":57},"card_choices":[{"not_picked":["Dark Embrace","Headbutt"],"picked":"Armaments","floor":3.0},{"not_picked":["Thunderclap","Corruption"],"picked":"Evolve","floor":6.0},{"not_picked":["Seeing Red","Rampage"],"picked":"Spot Weakness","floor":8.0},{"not_picked":["Warcry","Iron Wave","Intimidate"],"picked":"SKIP","floor":10.0},{"not_picked":["Thunderclap","Havoc","Headbutt"],"picked":"SKIP","floor":11.0},{"not_picked":["Twin Strike","Thunderclap"],"picked":"Body Slam","floor":14.0},{"not_picked":["Limit Break","Exhume"],"picked":"Fiend Fire","floor":16.0},{"not_picked":["Wild Strike","Seeing Red"],"picked":"Shrug It Off","floor":20},{"not_picked":["Sever Soul","Flex"],"picked":"Rage","floor":22}],"player_experience":1416725,"relics_obtained":[{"floor":6.0,"key":"Bronze Scales"},{"floor":8.0,"key":"MealTicket"},{"floor":9.0,"key":"StoneCalendar"},{"floor":10.0,"key":"Gremlin Horn"},{"floor":22,"key":"Red Mask"}],"event_choices":[{"damage_healed":0.0,"max_hp_gain":0.0,"max_hp_loss":0.0,"gold_gain":275.0,"event_name":"Golden Shrine","player_choice":"Desecrate","floor":2.0,"gold_loss":0.0,"damage_taken":0.0,"cards_obtained":["Regret"]},{"cards_removed":["Strike_R"],"damage_healed":0.0,"max_hp_gain":0.0,"max_hp_loss":0.0,"gold_gain":0.0,"event_name":"Golden Wing","player_choice":"Card Removal","floor":13.0,"gold_loss":0.0,"damage_taken":7.0},{"damage_healed":0,"gold_gain":0,"player_choice":"Became a Ghost","damage_taken":0,"max_hp_gain":0,"max_hp_loss":38,"event_name":"Ghosts","floor":19,"gold_loss":0,"cards_obtained":["Ghostly","Ghostly","Ghostly"]},{"cards_removed":["Strike_R"],"damage_healed":0,"gold_gain":0,"player_choice":"Elegance","damage_taken":0,"max_hp_gain":0,"max_hp_loss":0,"event_name":"Back to Basics","floor":21,"gold_loss":0},{"damage_healed":0,"gold_gain":0,"player_choice":"Fought Bandits","damage_taken":0,"max_hp_gain":0,"max_hp_loss":0,"event_name":"Masked Bandits","floor":22,"gold_loss":0}],"is_beta":false,"boss_relics":[{"not_picked":["Astrolabe","Empty Cage"],"picked":"Coffee Dripper"}],"items_purged_floors":[4],"is_endless":false,"potions_floor_spawned":[11,14,18],"killed_by":"Slavers","ascension_level":20}}