{"host":"xb2tau8pgi8aflss","time":1613399039,"event":{"mods":["AchievementEnabler","BaseMod","Hermit","Minty Spire (QoL Compilation)","StSLib","SuperFastMode"],"gold_per_floor":[112,112,112,112,64,64,96,3,30,109,109,129,144,175,175,277,277,292,38,51,64,64,64],"floor_reached":22,"language":"KOR","playtime":527,"items_purged":["Setup+1"],"score":304,"play_id":"61168dc5-0d52-4968-98d9-df3abfe95fcc","local_time":"20210215232359","is_ascension_mode":true,"campfire_choices":[{"data":"Dagger Spray","floor":6,"key":"SMITH"},{"data":"Survivor","floor":11,"key":"SMITH"},{"data":"Neutralize","floor":15,"key":"SMITH"}],"circlet_count":0,"master_deck":["Strike_G","Strike_G","Defend_G","Defend_G","Defend_G","Survivor+1","Neutralize+1","Dagger Spray+1","Deadly Poison","Catalyst","Deadly Poison","Acrobatics","Caltrops","Crippling Poison","Corpse Explosion","Blade Dance+1","Acrobatics+1","Footwork","Apotheosis","Backflip","Calculated Gamble+1","Footwork"],"relics":["Ring of the Snake","NeowsBlessing","Lizard Tail","Toy Ornithopter","Bag of Marbles","Shuriken","The Courier","Astrolabe"],"acts_visited":["Exordium","TheCity"],"potions_floor_usage":[14,21,22,22],"damage_taken":[{"damage":0,"enemies":"2 Louse","floor":1,"turns":1},{"damage":0,"enemies":"3 Sentries","floor":7,"turns":1},{"damage":0,"enemies":"Jaw Worm","floor":12,"turns":1},{"damage":0,"enemies":"Small Slimes","floor":13,"turns":1},{"damage":30,"enemies":"Lagavulin","floor":14,"turns":4},{"damage":32,"enemies":"Hexaghost","floor":16,"turns":8},{"damage":0,"enemies":"3 Byrds","floor":18,"turns":2},{"damage":27,"enemies":"Chosen","floor":20,"turns":6},{"damage":33,"enemies":"Shelled Parasite and Fungi","floor":21,"turns":7},{"damage":17,"enemies":"Centurion and Healer","floor":22,"turns":5}],"seed_played":"4567266238632982553","potions_obtained":[{"floor":7,"key":"DuplicationPotion"},{"floor":12,"key":"SkillPotion"},{"floor":16,"key":"Block Potion"},{"floor":18,"key":"BlessingOfTheForge"}],"is_trial":false,"path_per_floor":["M","?","?","?","$","R","E","$","T","T","R","M","M","E","R","B",null,"M","$","M","M","M"],"character_chosen":"THE_SILENT","items_purchased":["Dagger Spray","Catalyst","Deadly Poison","Apotheosis","Backflip"],"campfire_rested":0,"item_purchase_floors":[5,8,8,19,19],"current_hp_per_floor":[63,60,53,53,53,53,53,53,53,53,53,53,53,28,28,35,61,61,61,34,6,0,0],"gold":64,"neow_bonus":"THREE_ENEMY_KILL","is_daily":false,"chose_seed":false,"campfire_upgraded":3,"win_rate":0.0,"timestamp":1613399039,"path_taken":["M","?","?","?","$","R","E","$","T","?","R","M","M","E","R","BOSS","M","$","M","M","M"],"items_purchased_type":["Card","Card","Card","Card","Card"],"build_version":"2020-12-22","purchased_purges":1,"victory":false,"max_hp_per_floor":[70,70,70,70,70,70,70,70,70,70,70,70,70,70,70,70,70,70,70,70,70,70,70],"card_choices":[{"not_picked":["Poisoned Stab","Endless Agony","Bane"],"picked":"SKIP","floor":1},{"not_picked":["Sucker Punch","Tactician"],"picked":"Deadly Poison","floor":7},{"not_picked":["PiercingWail","Cloak And Dagger"],"picked":"Acrobatics","floor":12},{"not_picked":["Tactician","Expertise"],"picked":"Caltrops","floor":13},{"not_picked":["Outmaneuver","Grand Finale"],"picked":"Crippling Poison","floor":14},{"not_picked":["Unload","Glass Knife"],"picked":"Corpse Explosion","floor":16},{"not_picked":["Well Laid Plans+1","Blade Dance+1"],"picked":"Footwork","floor":18},{"not_picked":["Quick Slash+1","Poisoned Stab"],"picked":"Calculated Gamble+1","floor":20},{"not_picked":["Eviscerate+1","Backflip"],"picked":"Footwork","floor":21}],"player_experience":840821,"relics_obtained":[{"floor":7,"key":"Toy Ornithopter"},{"floor":9,"key":"Bag of Marbles"},{"floor":10,"key":"Shuriken"},{"floor":14,"key":"The Courier"}],"event_choices":[{"damage_healed":0,"gold_gain":0,"player_choice":"Success","damage_taken":3,"relics_obtained":["Lizard Tail"],"max_hp_gain":0,"max_hp_loss":0,"event_name":"Scrap Ooze","floor":2,"gold_loss":0},{"cards_removed":["Strike_G"],"damage_healed":0,"gold_gain":0,"player_choice":"Card Removal","damage_taken":7,"max_hp_gain":0,"max_hp_loss":0,"event_name":"Golden Wing","floor":3,"gold_loss":0},{"cards_removed":["Defend_G"],"damage_healed":0,"gold_gain":0,"player_choice":"Forget","damage_taken":0,"max_hp_gain":0,"max_hp_loss":0,"event_name":"Living Wall","floor":4,"gold_loss":0}],"is_beta":false,"boss_relics":[{"not_picked":["Fusion Hammer","Cursed Key"],"picked":"Astrolabe"}],"items_purged_floors":[19],"is_endless":false,"potions_floor_spawned":[7,12,16,18,20],"killed_by":"Centurion and Healer","ascension_level":8}}