{"host":"lkve521c3unthi3l","time":1613411324,"event":{"mods":["BaseMod","BetterRewards","Duelist Mod","Marisa（霧雨　魔理沙）","Minty Spire (QoL Compilation)","Replay The Spire","StSLib"],"gold_per_floor":[139,139,149,160,179,179,179,179,213,223,223,223,223,35,35,53,53,154,154,164,183,83,102,2,2,34,34,111,143,159,174,174,174,174,274,274,289,68,68,120,120,120,151,151,177,209,84,84,84,118,118,118],"floor_reached":53,"language":"ENG","playtime":8210,"items_purged":["theDuelist:Sparks","theDuelist:Sparks","theDuelist:CastleWalls"],"score":954,"play_id":"486e53d8-b8a8-461a-b092-0d5127c0fcd8","local_time":"20210215124844","is_ascension_mode":false,"campfire_choices":[{"data":"theDuelist:RainbowKuriboh","floor":8.0,"key":"SMITH"},{"data":"theDuelist:Wiretap","floor":12.0,"key":"SMITH"},{"floor":17.0,"key":"REST"},{"data":"theDuelist:FusionFire","floor":25.0,"key":"SMITH"},{"data":"theDuelist:PowerKaishin","floor":32.0,"key":"SMITH"},{"data":"theDuelist:WormApocalypse","floor":34.0,"key":"SMITH"},{"data":"Midas Touch","floor":42,"key":"SMITH"},{"data":"theDuelist:Raigeki","floor":44,"key":"SMITH"},{"data":"theDuelist:MillenniumShield","floor":49,"key":"SMITH"},{"floor":51,"key":"REST"}],"circlet_count":0,"master_deck":["theDuelist:BeaverWarrior","theDuelist:BeaverWarrior","theDuelist:CastleWalls+1","theDuelist:FinalFlame","theDuelist:GiantSoldier","theDuelist:GiantSoldier","theDuelist:ScrapFactory+1","theDuelist:FusionFire+1","theDuelist:Tuningware+1","theDuelist:WormApocalypse+1","theDuelist:RainbowKuriboh+1","theDuelist:HappyLover+1","theDuelist:Wiretap+2","theDuelist:ElectromagneticShield+1","theDuelist:MillenniumShield+1","theDuelist:HappyLover+1","theDuelist:KamionTimelord+1","theDuelist:Eva+1","theDuelist:MythicalBeast+1","theDuelist:SilverApples","theDuelist:RainbowKuriboh+1","theDuelist:SolemnStrike+1","theDuelist:PowerKaishin+1","theDuelist:SolarWindJammer","theDuelist:WormApocalypse","theDuelist:RainbowKuriboh","theDuelist:WeepingIdol+1","Midas Touch+1","theDuelist:PsychicShockwave","theDuelist:ElectromagneticShield+1","theDuelist:AncientGearFist+1","Pain","theDuelist:Raigeki+1","theDuelist:DoubleTool","Pot Of Greed","Pot Of Greed","Pot Of Greed","theDuelist:FusionWeapon+1","Pot Of Greed","theDuelist:EarthEffigy"],"relics":["theDuelist:MillenniumPuzzle","theDuelist:CardPoolRelic","theDuelist:CardPoolBasicRelic","theDuelist:BoosterPackPoolRelic","theDuelist:CardPoolAddRelic","theDuelist:CardPoolMinusRelic","theDuelist:CardPoolSaveRelic","theDuelist:CardPoolOptionsRelic","theDuelist:MillenniumRing","Juzu Bracelet","ReplayTheSpireMod:TigerMarble","Sozu","theDuelist:BoosterPackTrapEgg","White Beast Statue","Mirror","Honey Jar","theDuelist:YugiMirror","Vampiric Spirits","CaptainsWheel","theDuelist:SpellMaxHPRelic","Gremlin Horn","ReplayTheSpireMod:Spearhead","Grinning Jar","Replay:Towering Pillar of Hats","Lizard Tail"],"acts_visited":["Exordium","TheCity","TheBeyond"],"potions_floor_usage":[],"damage_taken":[{"damage":0.0,"enemies":"Jaw Worm","floor":1.0,"turns":6.0},{"damage":0.0,"enemies":"2 Louse","floor":3.0,"turns":2.0},{"damage":0.0,"enemies":"Cultist","floor":4.0,"turns":3.0},{"damage":2.0,"enemies":"Gremlin Gang","floor":5.0,"turns":3.0},{"damage":9.0,"enemies":"3 Sentries","floor":9.0,"turns":7.0},{"damage":0.0,"enemies":"Blue Slaver","floor":10.0,"turns":3.0},{"damage":8.0,"enemies":"Exordium Thugs","floor":16.0,"turns":4.0},{"damage":0.0,"enemies":"Fading Forest","floor":18.0,"turns":11.0},{"damage":21.0,"enemies":"2 Thieves","floor":20.0,"turns":3.0},{"damage":0.0,"enemies":"3 Byrds","floor":21.0,"turns":5.0},{"damage":0.0,"enemies":"Cultist and Chosen","floor":23.0,"turns":3.0},{"damage":10.0,"enemies":"theDuelist:KaibaA2","floor":26.0,"turns":3.0},{"damage":5.0,"enemies":"Slavers","floor":29.0,"turns":4.0},{"damage":0.0,"enemies":"Snecko","floor":30.0,"turns":4.0},{"damage":0.0,"enemies":"Snake Plant","floor":31.0,"turns":3.0},{"damage":0.0,"enemies":"Pondfish","floor":35.0,"turns":7.0},{"damage":0.0,"enemies":"3 Darklings","floor":37.0,"turns":4.0},{"damage":0,"floor":40,"turns":8},{"damage":2,"enemies":"Nemesis","floor":43,"turns":5},{"damage":10,"enemies":"R_Hoarder","floor":46,"turns":12},{"damage":16,"enemies":"Nemesis","floor":50,"turns":3},{"damage":13,"enemies":"Donu and Deca","floor":52,"turns":8}],"seed_played":"9112049400460165364","potions_obtained":[{"floor":1.0,"key":"SteroidPotion"},{"floor":3.0,"key":"theDuelist:OrbBottle"},{"floor":5.0,"key":"SteroidPotion"},{"floor":9.0,"key":"FearPotion"}],"is_trial":false,"path_per_floor":["M","?","M","M","M","PTL","PTL","R","E","M","T","R","?","$","?","M","R","B",null,"M","M","$","M","$","R","E","?","T","E","M","M","R","?","R","B",null,"M","$","T","?","?","R","E","R","T","E","$","T","R","E","R","B",null],"character_chosen":"THE_DUELIST","items_purchased":["theDuelist:ElectromagneticShield","theDuelist:MillenniumShield","theDuelist:SilverApples","Midas Touch","theDuelist:PsychicShockwave"],"campfire_rested":2,"item_purchase_floors":[14,14,22,38,38],"current_hp_per_floor":[88,88,88,88,86,86,86,86,77,77,77,77,70,70,52,44,70,80,88,67,67,67,67,67,67,57,57,57,52,52,52,52,52,52,52,88,88,88,88,89,90,90,89,89,89,82,82,82,82,68,92,79],"gold":118,"neow_bonus":"TEN_PERCENT_HP_BONUS","is_daily":false,"chose_seed":false,"campfire_upgraded":8,"win_rate":0.0,"timestamp":1613411324,"path_taken":["M","?","M","M","M","PTL","PTL","R","E","M","T","R","?","$","?","M","R","BOSS","M","M","$","M","$","R","E","?","T","E","M","M","R","?","R","BOSS","M","$","?","?","?","R","E","R","T","E","$","?","R","E","R","BOSS"],"items_purchased_type":["Card","Card","Card","Card","Card"],"build_version":"2020-12-22","purchased_purges":3,"victory":true,"max_hp_per_floor":[88,88,88,88,88,88,88,88,88,88,88,88,88,88,88,88,88,88,88,88,88,88,88,88,88,88,88,88,88,88,88,88,88,88,88,88,88,88,88,89,90,90,91,91,91,92,92,92,92,92,92,92],"card_choices":[{"not_picked":["theDuelist:PowerKaishin","theDuelist:GiantTrunade","theDuelist:CrystalBlessing","theDuelist:SwordsRevealing"],"picked":"theDuelist:FusionFire","floor":1.0},{"not_picked":["theDuelist:CombinationAttack","theDuelist:EgoBoost","theDuelist:SpellShatteringArrow","theDuelist:VendreadCharge"],"picked":"theDuelist:Tuningware","floor":3.0},{"not_picked":["theDuelist:DarklordSuperbia","theDuelist:PowerGiant","theDuelist:RainbowBridge","theDuelist:RockSunrise"],"picked":"theDuelist:WormApocalypse","floor":4.0},{"not_picked":["theDuelist:DestroyerGolem","theDuelist:GemArmadillo","theDuelist:GiantSoldierSteel","theDuelist:WeepingIdol"],"picked":"theDuelist:RainbowKuriboh","floor":5.0},{"not_picked":["theDuelist:Eva","theDuelist:BlueBloodedOni","theDuelist:GreyGreedOni","theDuelist:PurplePainOni"],"picked":"theDuelist:HappyLover","floor":9.0},{"not_picked":["theDuelist:WormApocalypse","theDuelist:CrystalBlessing","theDuelist:AfterTheStorm","theDuelist:SevenCompleted"],"picked":"theDuelist:Wiretap","floor":10.0},{"not_picked":["theDuelist:FuryFire","theDuelist:Predaponics","theDuelist:LightningVortex","theDuelist:SangaEarth"],"picked":"theDuelist:HappyLover","floor":16.0},{"not_picked":["theDuelist:RainbowNeos","theDuelist:HappyLover","theDuelist:RainbowKuriboh","theDuelist:RainbowOverdragon"],"picked":"theDuelist:KamionTimelord","floor":18.0},{"not_picked":["theDuelist:RainbowNeos","theDuelist:HappyLover","theDuelist:RainbowKuriboh+1","theDuelist:RainbowOverdragon"],"picked":"theDuelist:Eva+1","floor":20.0},{"not_picked":["theDuelist:VendreadCharge","theDuelist:SevenCompleted+1","theDuelist:AssaultArmor","theDuelist:SwordsConcealing"],"picked":"theDuelist:MythicalBeast+1","floor":21.0},{"not_picked":["theDuelist:RainbowNeos","theDuelist:HappyLover","theDuelist:Eva","theDuelist:RainbowOverdragon"],"picked":"theDuelist:RainbowKuriboh+1","floor":23.0},{"not_picked":["theDuelist:ClearKuriboh","theDuelist:GauntletWarrior","theDuelist:MillenniumGolem","theDuelist:WormKing"],"picked":"theDuelist:SolemnStrike+1","floor":26.0},{"not_picked":["theDuelist:CoreBlaster","theDuelist:CombinationAttack","theDuelist:OnslaughtFireKings+1","theDuelist:DarkBurningAttack"],"picked":"theDuelist:PowerKaishin","floor":29.0},{"not_picked":["theDuelist:SangaEarth","theDuelist:MythicalBeast","theDuelist:MillenniumShield","theDuelist:Mathematician"],"picked":"theDuelist:SolarWindJammer","floor":30.0},{"not_picked":["theDuelist:DoubleTool+1","theDuelist:RainbowNeos","theDuelist:Tuningware","theDuelist:LegendarySword"],"picked":"theDuelist:WormApocalypse","floor":31.0},{"not_picked":["theDuelist:RainbowNeos","theDuelist:KamionTimelord","theDuelist:HappyLover+1","theDuelist:Eva"],"picked":"theDuelist:RainbowKuriboh","floor":35.0},{"not_picked":["theDuelist:ClearKuriboh+1","theDuelist:MagicHoleGolem+1","theDuelist:CatapultZone+1","theDuelist:GilfordLegend+1"],"picked":"theDuelist:WeepingIdol+1","floor":37.0},{"not_picked":["theDuelist:BigFire+1","theDuelist:SpellShatteringArrow+1","theDuelist:PowerKaishin","theDuelist:SpiritHarp+1"],"picked":"theDuelist:AncientGearFist+1","floor":40},{"not_picked":["theDuelist:WhiteMagicalHat+1","theDuelist:WormApocalypse+1","theDuelist:ScrapFactory","theDuelist:InfernoFireBlast"],"picked":"theDuelist:DoubleTool","floor":43},{"not_picked":["theDuelist:RainbowNeos","theDuelist:BigFire","theDuelist:CombinationAttack","theDuelist:Hinotama"],"picked":"theDuelist:FusionWeapon+1","floor":46},{"not_picked":["theDuelist:PowerGiant","theDuelist:Kuribohrn","theDuelist:LightningVortex","theDuelist:HaneHane+1"],"picked":"theDuelist:EarthEffigy","floor":50}],"player_experience":21393,"relics_obtained":[{"floor":9.0,"key":"theDuelist:MillenniumRing"},{"floor":11.0,"key":"Juzu Bracelet"},{"floor":26.0,"key":"theDuelist:BoosterPackTrapEgg"},{"floor":28.0,"key":"White Beast Statue"},{"floor":29.0,"key":"Mirror"},{"floor":39.0,"key":"theDuelist:YugiMirror"},{"floor":40,"key":"Vampiric Spirits"},{"floor":40,"key":"CaptainsWheel"},{"floor":40,"key":"theDuelist:SpellMaxHPRelic"},{"floor":43,"key":"Gremlin Horn"},{"floor":45,"key":"ReplayTheSpireMod:Spearhead"},{"floor":46,"key":"Grinning Jar"},{"floor":48,"key":"Replay:Towering Pillar of Hats"},{"floor":50,"key":"Lizard Tail"}],"event_choices":[{"damage_healed":0.0,"max_hp_gain":0.0,"max_hp_loss":0.0,"gold_gain":0.0,"event_name":"Relic Duplicator","player_choice":"Leave","duelist":true,"floor":2.0,"gold_loss":0.0,"damage_taken":0.0},{"damage_healed":0.0,"max_hp_gain":0.0,"max_hp_loss":0.0,"gold_gain":0.0,"event_name":"Scrap Ooze","player_choice":"Success","floor":13.0,"gold_loss":0.0,"damage_taken":7.0,"relics_obtained":["ReplayTheSpireMod:TigerMarble"]},{"damage_healed":0.0,"max_hp_gain":0.0,"max_hp_loss":0.0,"gold_gain":0.0,"event_name":"Shining Light","player_choice":"Entered Light","floor":15.0,"gold_loss":0.0,"damage_taken":18.0,"cards_upgraded":["theDuelist:Wiretap","theDuelist:CastleWalls"]},{"damage_healed":0.0,"max_hp_gain":0.0,"max_hp_loss":0.0,"gold_gain":0.0,"event_name":"Ghosts","player_choice":"Ignored","floor":27.0,"gold_loss":0.0,"damage_taken":0.0},{"damage_healed":0.0,"max_hp_gain":0.0,"max_hp_loss":0.0,"gold_gain":0.0,"event_name":"Accursed Blacksmith","player_choice":"Forge","floor":33.0,"gold_loss":0.0,"damage_taken":0.0,"cards_upgraded":["theDuelist:ElectromagneticShield"]},{"damage_healed":0,"gold_gain":0,"player_choice":"Fight","duelist":true,"damage_taken":0,"max_hp_gain":0,"max_hp_loss":0,"event_name":"Battle City","floor":40,"gold_loss":0},{"damage_healed":0,"gold_gain":0,"player_choice":"2 cards matched","damage_taken":0,"max_hp_gain":0,"max_hp_loss":0,"event_name":"Match and Keep!","floor":41,"gold_loss":0,"cards_obtained":["Pain","theDuelist:Raigeki"]}],"is_beta":false,"boss_relics":[{"not_picked":["Velvet Choker","Calling Bell"],"picked":"Sozu"},{"not_picked":["theDuelist:HauntedRelic","Runic Pyramid"],"picked":"Honey Jar"}],"items_purged_floors":[22,24,47],"is_endless":false,"potions_floor_spawned":[1,3,5,9,20,26,29,30,31,35,37,40,43,46,50],"ascension_level":0}}