{"host":"ydg0vn0pu4pubmdt","time":1613376077,"event":{"mods":["AchievementEnabler","BaseMod","Colored Map","Gold Saver","Minty Spire (QoL Compilation)","Quick Restart","SuperFastMode"],"gold_per_floor":[624,92,142,162,162,189,189,189,189,189,204,204,214,56,56,131,131,149,165,183,183,183,183],"floor_reached":22,"language":"KOR","playtime":572,"items_purged":["Strike_G"],"score":418,"play_id":"82015743-e5fb-4a9e-93ff-1048cdd013e8","local_time":"20210215170117","is_ascension_mode":true,"campfire_choices":[{"data":"Bullet Time","floor":7.0,"key":"SMITH"},{"data":"A Thousand Cuts","floor":10.0,"key":"SMITH"},{"data":"Neutralize","floor":15.0,"key":"SMITH"}],"circlet_count":0,"master_deck":["AscendersBane","Strike_G","Strike_G","Strike_G+1","Strike_G","Defend_G","Defend_G","Defend_G","Defend_G","Defend_G+1","Survivor","Neutralize+1","Riddle With Holes","Escape Plan","Cloak And Dagger","Bouncing Flask","A Thousand Cuts+1","Bullet Time+1","Blade Dance","Well Laid Plans","Backflip","Adrenaline","After Image"],"relics":["Ring of the Snake","NeowsBlessing","Orrery","Mummified Hand","Dream Catcher","Paper Crane","Toy Ornithopter","WristBlade"],"acts_visited":["Exordium","TheCity"],"potions_floor_usage":[22],"damage_taken":[{"damage":0.0,"enemies":"2 Louse","floor":1.0,"turns":2.0},{"damage":0.0,"enemies":"Cultist","floor":4.0,"turns":1.0},{"damage":0.0,"enemies":"Gremlin Nob","floor":6.0,"turns":1.0},{"damage":0.0,"enemies":"Small Slimes","floor":11.0,"turns":3.0},{"damage":0.0,"enemies":"3 Louse","floor":13.0,"turns":1.0},{"damage":44.0,"enemies":"Slime Boss","floor":16.0,"turns":8.0},{"damage":13.0,"enemies":"Spheric Guardian","floor":18.0,"turns":4.0},{"damage":16.0,"enemies":"2 Thieves","floor":19.0,"turns":4.0},{"damage":8.0,"enemies":"Snecko","floor":20.0,"turns":4.0},{"damage":33,"enemies":"Cultist and Chosen","floor":22,"turns":7}],"seed_played":"-5551414844150197414","potions_obtained":[{"floor":1.0,"key":"SkillPotion"},{"floor":4.0,"key":"BlessingOfTheForge"},{"floor":20.0,"key":"DuplicationPotion"}],"is_trial":false,"path_per_floor":["M","$","?","M","?","E","R","?","T","R","M","T","M","$","R","B",null,"M","M","M","?","M"],"character_chosen":"THE_SILENT","items_purchased":["Orrery","Mummified Hand","Toy Ornithopter"],"campfire_rested":0,"item_purchase_floors":[2,2,14],"current_hp_per_floor":[59,59,59,59,39,39,39,44,44,44,44,44,44,44,44,5,55,42,31,23,23,0,0],"gold":183,"neow_bonus":"THREE_ENEMY_KILL","is_daily":false,"chose_seed":false,"campfire_upgraded":3,"win_rate":0.0,"timestamp":1613376077,"path_taken":["M","$","?","?","?","E","R","?","T","R","M","?","M","?","R","BOSS","M","M","M","?","M"],"items_purchased_type":["Relic","Relic","Relic"],"build_version":"2020-12-22","purchased_purges":1,"victory":false,"max_hp_per_floor":[66,66,66,66,66,66,66,71,71,71,71,71,71,71,71,71,71,71,71,71,71,71,71],"card_choices":[{"not_picked":["Catalyst","Backflip"],"picked":"Riddle With Holes","floor":1.0},{"not_picked":["Dagger Throw","Outmaneuver"],"picked":"Escape Plan","floor":2.0},{"not_picked":["Quick Slash","Leg Sweep"],"picked":"Cloak And Dagger","floor":2.0},{"not_picked":["Endless Agony","Backflip"],"picked":"Bouncing Flask","floor":2.0},{"not_picked":["Backflip","Tools of the Trade"],"picked":"A Thousand Cuts","floor":2.0},{"not_picked":["Cloak And Dagger","Deadly Poison"],"picked":"Bullet Time","floor":2.0},{"not_picked":["Dagger Spray","Heel Hook"],"picked":"Blade Dance","floor":4.0},{"not_picked":["PiercingWail","Concentrate"],"picked":"Well Laid Plans","floor":6.0},{"not_picked":["Acrobatics","Sucker Punch","Dash"],"picked":"SKIP","floor":11.0},{"not_picked":["Deflect","Flying Knee"],"picked":"Backflip","floor":13.0},{"not_picked":["Corpse Explosion","A Thousand Cuts"],"picked":"Adrenaline","floor":16.0},{"not_picked":["Bane","Catalyst","Outmaneuver"],"picked":"SKIP","floor":18.0},{"not_picked":["Dagger Spray","Well Laid Plans","Quick Slash"],"picked":"SKIP","floor":19.0},{"not_picked":["Dagger Spray","Backflip"],"picked":"After Image","floor":20.0}],"player_experience":560522,"relics_obtained":[{"floor":6.0,"key":"Dream Catcher"},{"floor":12.0,"key":"Paper Crane"}],"event_choices":[{"damage_healed":0.0,"max_hp_gain":0.0,"max_hp_loss":0.0,"gold_gain":50.0,"event_name":"Golden Shrine","player_choice":"Pray","floor":3.0,"gold_loss":0.0,"damage_taken":0.0},{"damage_healed":0.0,"max_hp_gain":0.0,"max_hp_loss":0.0,"gold_gain":0.0,"event_name":"Shining Light","player_choice":"Entered Light","floor":5.0,"gold_loss":0.0,"damage_taken":20.0,"cards_upgraded":["Strike_G","Defend_G"]},{"damage_healed":0.0,"max_hp_gain":5.0,"max_hp_loss":0.0,"gold_gain":0.0,"event_name":"Big Fish","player_choice":"Donut","floor":8.0,"gold_loss":0.0,"damage_taken":0.0},{"damage_healed":0.0,"max_hp_gain":0.0,"max_hp_loss":0.0,"gold_gain":0.0,"event_name":"Ghosts","player_choice":"Ignored","floor":21.0,"gold_loss":0.0,"damage_taken":0.0}],"is_beta":false,"boss_relics":[{"not_picked":["Calling Bell","Pandora\u0027s Box"],"picked":"WristBlade"}],"items_purged_floors":[2],"is_endless":false,"potions_floor_spawned":[1,4,6,20],"killed_by":"Cultist and Chosen","ascension_level":20}}