{"host":"pi8b3ffzwvxqztac","time":1613366943,"event":{"mods":["BaseMod","Colored Map","Custom Start","Downfall","Minty Spire (QoL Compilation)","StSLib"],"gold_per_floor":[99,112,22,22,34,34,34,47,47,67,99,118,18,39,55,151,151,51,71,71,171,191,7,7,7,7,40,40,68,80,230,249,347,347,247,347,362,193,204,204,204,221,221,239,239,257,257,276,290,290,290,321,168,168,168,168,168,168],"floor_reached":56,"language":"ENG","playtime":3948,"items_purged":["downfall:Icky","bronze:Strike"],"score":1121,"play_id":"25afdee8-80b8-4c33-8619-16e60256fc05","local_time":"20210215182903","is_ascension_mode":true,"campfire_choices":[{"floor":1.0,"key":"RECALL"},{"data":"Pain","floor":6.0,"key":"PURGE"},{"data":"bronze:Goto","floor":9.0,"key":"SMITH"},{"floor":13.0,"key":"REST"},{"data":"bronze:InfiniteLoop","floor":18.0,"key":"SMITH"},{"data":"expansioncontent:Chronoboost","floor":25,"key":"SMITH"},{"floor":28,"key":"REST"},{"data":"bronze:Iterate","floor":35,"key":"SMITH"},{"data":"bronze:Iterate","floor":43,"key":"SMITH"},{"data":"bronze:Iterate","floor":45,"key":"SMITH"},{"data":"bronze:FollowUp","floor":47,"key":"SMITH"},{"floor":54,"key":"REST"}],"circlet_count":0,"master_deck":["AscendersBane","bronze:Defend+1","bronze:Defend","bronze:Defend","bronze:Defend","bronze:Replicate","bronze:Goto+1","bronze:FineTuning","bronze:InfiniteLoop+1","bronze:DelayedGuard+1","bronze:Iterate+1","bronze:Iterate+1","bronze:Mutator","CurseOfTheBell","bronze:Iterate+1","bronze:Optimize","expansioncontent:Chronoboost+1","bronze:Safeguard","bronze:FollowUp+1","bronze:DelayedGuard","bronze:DelayedGuard","bronze:FollowUp","bronze:Verify","bronze:Deprecate","bronze:Repair","bronze:Constructor+1","bronze:Repair+1","bronze:Deprecate","bronze:Optimize"],"relics":["bronze:BronzeCore","Peace Pipe","Mercury Hourglass","Guardian:PocketSentry","downfall:HeartBlessingGreen","Odd Mushroom","Calling Bell","War Paint","Matryoshka","champ:DuelingGlove","downfall:HeartBlessingRed","Toy Ornithopter","bronze:ProtectiveGoggles","White Beast Statue","Orichalcum","Lee\u0027s Waffle","Cursed Key","downfall:HeartBlessingBlue","PreservedInsect","Guardian:BottledAnomaly"],"acts_visited":["Exordium","TheCity","TheBeyond","TheEnding"],"potions_floor_usage":[23,29,30,32,32,39,46,48,49,50,52,55,56],"damage_taken":[{"damage":4.0,"enemies":"Jaw Worm","floor":2.0,"turns":5.0},{"damage":0.0,"enemies":"downfall:FleeingMerchant","floor":3.0,"turns":4.0},{"damage":12.0,"enemies":"Cultist","floor":5.0,"turns":5.0},{"damage":5.0,"enemies":"2 Louse","floor":8.0,"turns":3.0},{"damage":10.0,"enemies":"Gremlin Gang","floor":10.0,"turns":3.0},{"damage":9.0,"enemies":"3 Sentries","floor":11.0,"turns":6.0},{"damage":3.0,"enemies":"2 Fungi Beasts","floor":12.0,"turns":3.0},{"damage":0.0,"enemies":"The Mushroom Lair","floor":14.0,"turns":2.0},{"damage":0.0,"enemies":"Exordium Thugs","floor":15.0,"turns":4.0},{"damage":10.0,"enemies":"IC_STATUS_ARCHETYPE","floor":16.0,"turns":5.0},{"damage":0.0,"enemies":"Chosen","floor":19.0,"turns":3.0},{"damage":11,"enemies":"downfall:LadyInBlue","floor":21,"turns":6},{"damage":3,"enemies":"Shell Parasite","floor":22,"turns":3},{"damage":3,"enemies":"downfall:FleeingMerchant","floor":23,"turns":4},{"damage":16,"enemies":"Slavers","floor":27,"turns":5},{"damage":19,"enemies":"Gremlin Leader","floor":29,"turns":6},{"damage":6,"enemies":"Snake Plant","floor":30,"turns":3},{"damage":0,"enemies":"downfall:FleeingMerchant","floor":31,"turns":4},{"damage":0,"enemies":"Centurion and Healer","floor":32,"turns":2},{"damage":19,"enemies":"WA_ARCHETYPE_CALM","floor":33,"turns":9},{"damage":0,"enemies":"Orb Walker","floor":37,"turns":2},{"damage":0,"enemies":"3 Shapes","floor":39,"turns":5},{"damage":0,"enemies":"Sphere and 2 Shapes","floor":42,"turns":5},{"damage":0,"enemies":"Maw","floor":44,"turns":6},{"damage":0,"enemies":"3 Darklings","floor":46,"turns":6},{"damage":0,"enemies":"Jaw Worm Horde","floor":48,"turns":3},{"damage":21,"enemies":"Transient","floor":49,"turns":5},{"damage":14,"enemies":"SI_POISON_ARCHETYPE","floor":50,"turns":19},{"damage":98,"enemies":"downfall:CharBossMerchant","floor":52,"turns":10},{"damage":34,"enemies":"downfall:NeowBoss","floor":55,"turns":20},{"damage":52,"enemies":"downfall:NeowBossFinal","floor":56,"turns":8}],"seed_played":"6949633151285116822","potions_obtained":[{"floor":5.0,"key":"LiquidMemories"},{"floor":10.0,"key":"Energy Potion"},{"floor":12.0,"key":"Block Potion"},{"floor":15.0,"key":"DistilledChaos"},{"floor":19.0,"key":"SmokeBomb"},{"floor":21,"key":"bronze:BuildAFunctionPotion"},{"floor":21,"key":"Dexterity Potion"},{"floor":22,"key":"Dexterity Potion"},{"floor":27,"key":"Swift Potion"},{"floor":29,"key":"SteroidPotion"},{"floor":30,"key":"LiquidMemories"},{"floor":31,"key":"Strength Potion"},{"floor":32,"key":"Weak Potion"},{"floor":33,"key":"Energy Potion"},{"floor":39,"key":"Strength Potion"},{"floor":46,"key":"CultistPotion"},{"floor":48,"key":"Guardian:BlockOnCardUsePotion"},{"floor":49,"key":"ColorlessPotion"},{"floor":52,"key":"AttackPotion"}],"is_trial":false,"path_per_floor":["R","M","$","?","M","R","T","M","R","M","E","M","R","?","M","B",null,"R","M","?","?","M","$","T","R","?","E","R","E","M","$","M","B",null,"R","?","M","$","M","T","T","M","R","M","R","M","R","M","M","B",null,"E","$","R","B","B"],"character_chosen":"THE_AUTOMATON","items_purchased":["expansioncontent:Chronoboost","bronze:Safeguard","Lee\u0027s Waffle","bronze:FollowUp","bronze:Repair","Guardian:BottledAnomaly"],"campfire_rested":3,"item_purchase_floors":[23,23,31,31,38,53],"current_hp_per_floor":[63,59,59,59,47,47,47,42,42,32,23,20,41,41,41,31,60,60,60,60,49,46,48,48,48,48,32,53,39,38,77,77,58,72,82,82,82,82,87,87,87,87,87,87,87,87,87,87,77,83,86,6,6,32,21,0,0,0],"gold":168,"neow_bonus":"ONE_RARE_RELIC","is_daily":false,"chose_seed":false,"campfire_upgraded":7,"win_rate":0.0,"timestamp":1613366943,"path_taken":["R","M","$","?","M","R","T","?","R","M","E","M","R","?","M","BOSS","R","M","?","?","?","$","T","R","?","E","R","E","M","?","M","BOSS","R","?","M","$","?","?","T","M","R","M","R","?","R","M","M","BOSS","E","$","R","BOSS","BOSS"],"items_purchased_type":["Card","Card","Relic","Card","Card","Relic"],"build_version":"2020-12-22","purchased_purges":2,"victory":false,"max_hp_per_floor":[70,70,70,70,70,70,70,70,70,70,70,70,70,70,70,70,70,70,70,70,70,70,70,70,70,70,70,70,70,70,77,77,77,77,87,87,87,87,87,87,87,87,87,87,87,87,87,87,87,87,87,87,87,87,87,87,87,87],"card_choices":[{"not_picked":["bronze:Turbo","bronze:Separator"],"picked":"bronze:FineTuning","floor":2.0},{"not_picked":["bronze:HyperBeam","bronze:ChosenStrike"],"picked":"bronze:InfiniteLoop","floor":3.0},{"not_picked":["bronze:ForLoop","bronze:Invalidate","bronze:WhirlingStrike"],"picked":"SKIP","floor":5.0},{"not_picked":["bronze:BitShift","bronze:WhirlingStrike"],"picked":"bronze:DelayedGuard","floor":8.0},{"not_picked":["bronze:BitShift","bronze:Overheat","bronze:ForLoop"],"picked":"SKIP","floor":10.0},{"not_picked":["bronze:BronzeArmor","bronze:DigitalCarnage"],"picked":"bronze:Iterate","floor":11.0},{"not_picked":["bronze:BitShift","bronze:Flail","bronze:Iterate"],"picked":"SKIP","floor":12.0},{"not_picked":["bronze:Constructor","bronze:Allocate"],"picked":"bronze:Iterate","floor":15.0},{"not_picked":["bronze:TinkerersToolbox","bronze:CleanCode"],"picked":"bronze:Mutator","floor":16.0},{"not_picked":["bronze:Backtrace","bronze:Invalidate+1"],"picked":"bronze:Iterate","floor":19.0},{"not_picked":["bronze:NullPointer","bronze:ClassDefault"],"picked":"bronze:Optimize","floor":21},{"not_picked":["bronze:Branch","bronze:Break","bronze:Invalidate"],"picked":"SKIP","floor":22},{"not_picked":["bronze:Shield+1","bronze:DigitalCarnage","bronze:BuggyMess+1"],"picked":"SKIP","floor":23},{"not_picked":["bronze:WhirlingStrike","bronze:Shield"],"picked":"bronze:FollowUp","floor":27},{"not_picked":["bronze:CloningBeam+1","bronze:CutThrough"],"picked":"bronze:DelayedGuard","floor":29},{"not_picked":["bronze:InfiniteBeams","bronze:FineTuning","bronze:Constructor"],"picked":"SKIP","floor":30},{"not_picked":["bronze:BurnOut","bronze:Overload"],"picked":"bronze:DelayedGuard","floor":31},{"not_picked":["bronze:BugBarrage","bronze:Frontload","bronze:BuggyMess"],"picked":"SKIP","floor":32},{"not_picked":["bronze:Virus","bronze:Assembly"],"picked":"bronze:Verify","floor":33},{"not_picked":["bronze:DelayedSlice","bronze:WhirlingStrike+1"],"picked":"bronze:Deprecate","floor":37},{"not_picked":["bronze:ItsAFeature+1","bronze:DarkDash"],"picked":"bronze:Constructor+1","floor":39},{"not_picked":["bronze:NullPointer+1","bronze:Overload+1"],"picked":"bronze:Repair+1","floor":42},{"not_picked":["bronze:Overload","bronze:CloningBeam+1","bronze:GetLatest+1"],"picked":"SKIP","floor":44},{"not_picked":["bronze:Invalidate","bronze:Separator","bronze:WhirlingStrike"],"picked":"SKIP","floor":46},{"not_picked":["bronze:Constructor","bronze:DarkDash+1","bronze:Deprecate"],"picked":"SKIP","floor":48},{"not_picked":["bronze:Constructor","bronze:DarkDash+1"],"picked":"bronze:Deprecate","floor":48},{"not_picked":["bronze:WhirlingStrike+1","bronze:BronzeArmor"],"picked":"bronze:Optimize","floor":49},{"not_picked":["bronze:BuggyMess+1","bronze:AlphaBuild","bronze:HyperBeam"],"picked":"SKIP","floor":52}],"player_experience":795861,"relics_obtained":[{"floor":7.0,"key":"Mercury Hourglass"},{"floor":11.0,"key":"Guardian:PocketSentry"},{"floor":14.0,"key":"Odd Mushroom"},{"floor":17.0,"key":"War Paint"},{"floor":17.0,"key":"Matryoshka"},{"floor":17.0,"key":"champ:DuelingGlove"},{"floor":21,"key":"Toy Ornithopter"},{"floor":24,"key":"bronze:ProtectiveGoggles"},{"floor":27,"key":"White Beast Statue"},{"floor":29,"key":"Orichalcum"},{"floor":52,"key":"PreservedInsect"}],"event_choices":[{"damage_healed":0.0,"max_hp_gain":0.0,"max_hp_loss":0.0,"gold_gain":0.0,"event_name":"Mushrooms","player_choice":"Fought Mushrooms","floor":14.0,"gold_loss":0.0,"damage_taken":0.0}],"is_beta":false,"boss_relics":[{"not_picked":["bronze:PlatinumCore","Busted Crown"],"picked":"Calling Bell"},{"not_picked":["Astrolabe","SacredBark"],"picked":"Cursed Key"}],"items_purged_floors":[3,38],"is_endless":false,"potions_floor_spawned":[5,10,12,15,19,22,27,29,30,31,32,33,37,39,42,44,46,48,49,52],"killed_by":"downfall:NeowBossFinal","ascension_level":10}}