{"host":"2no1vwhhkhf0ohz3","time":1613412535,"event":{"mods":["AchievementEnabler","BaseMod","Colored Map","DeckTracker","Keyboard Shortcuts","Minty Spire (QoL Compilation)","SuperFastMode"],"gold_per_floor":[111,131,151,151,165,179,179,252,252,252,276,319,146,162,162,287,287,307,332,351,371,396,430,430,474,474,508,84,84,13,13,13,144,144,163,178,191,209,209,46,46,46,46,46,70,93,112,126,126,126],"floor_reached":51,"language":"KOR","playtime":1475,"items_purged":["Strike_G","Strike_G","Strike_G"],"score":1232,"play_id":"f2227e5c-db41-48d6-a9d2-6aa30b16e9a6","local_time":"20210216030855","is_ascension_mode":true,"campfire_choices":[{"data":"Cloak And Dagger","floor":7.0,"key":"SMITH"},{"data":"Terror","floor":10.0,"key":"SMITH"},{"data":"Accuracy","floor":15.0,"key":"SMITH"},{"data":"Adrenaline","floor":24.0,"key":"SMITH"},{"data":"Well Laid Plans","floor":29,"key":"SMITH"},{"data":"Calculated Gamble","floor":32,"key":"SMITH"},{"data":"Tactician","floor":42,"key":"SMITH"},{"data":"Blade Dance","floor":44,"key":"SMITH"},{"data":"Phantasmal Killer","floor":49,"key":"SMITH"}],"circlet_count":0,"master_deck":["Strike_G","Defend_G","Defend_G","Defend_G","Defend_G","Defend_G","Survivor","Neutralize","A Thousand Cuts","Blade Dance","Terror+1","Dagger Spray","Wraith Form v2","Cloak And Dagger+1","Accuracy+1","Prepared","Calculated Gamble+1","Reflex","Acrobatics","Blade Dance+1","Adrenaline+1","Prepared+1","Well Laid Plans+1","Tactician+1","After Image","Noxious Fumes+1","Backflip","Footwork+1","Accuracy+1","Footwork","Phantasmal Killer+1","PiercingWail","Acrobatics+1"],"relics":["Ring of the Snake","Golden Idol","Bronze Scales","White Beast Statue","Pocketwatch","SacredBark","Lantern","InkBottle","Question Card","Omamori","Mummified Hand","Lee\u0027s Waffle","Coffee Dripper","Turnip"],"acts_visited":["Exordium","TheCity","TheBeyond"],"potions_floor_usage":[27,27,33,33,37,38,50,50,50,50,50],"damage_taken":[{"damage":4.0,"enemies":"Small Slimes","floor":1.0,"turns":4.0},{"damage":1.0,"enemies":"Jaw Worm","floor":2.0,"turns":4.0},{"damage":8.0,"enemies":"Cultist","floor":3.0,"turns":4.0},{"damage":0.0,"enemies":"3 Louse","floor":5.0,"turns":4.0},{"damage":1.0,"enemies":"2 Fungi Beasts","floor":6.0,"turns":4.0},{"damage":27.0,"enemies":"Lagavulin Event","floor":8.0,"turns":6.0},{"damage":0.0,"enemies":"Large Slime","floor":11.0,"turns":6.0},{"damage":0.0,"enemies":"Gremlin Nob","floor":12.0,"turns":2.0},{"damage":0.0,"enemies":"3 Louse","floor":14.0,"turns":2.0},{"damage":0.0,"enemies":"Slime Boss","floor":16.0,"turns":3.0},{"damage":0.0,"enemies":"Spheric Guardian","floor":18.0,"turns":2.0},{"damage":4.0,"enemies":"Chosen","floor":19.0,"turns":3.0},{"damage":8.0,"enemies":"Snecko","floor":20.0,"turns":3.0},{"damage":6.0,"enemies":"Centurion and Healer","floor":21.0,"turns":4.0},{"damage":14.0,"enemies":"Snake Plant","floor":22.0,"turns":4.0},{"damage":6.0,"enemies":"Slavers","floor":23.0,"turns":2.0},{"damage":0,"enemies":"Book of Stabbing","floor":25,"turns":1},{"damage":16,"enemies":"Slavers","floor":27,"turns":3},{"damage":31,"enemies":"Automaton","floor":33,"turns":5},{"damage":0,"enemies":"3 Shapes","floor":35,"turns":1},{"damage":1,"enemies":"Orb Walker","floor":36,"turns":2},{"damage":0,"enemies":"Spire Growth","floor":37,"turns":4},{"damage":10,"enemies":"Writhing Mass","floor":38,"turns":4},{"damage":13,"enemies":"4 Shapes","floor":45,"turns":3},{"damage":0,"enemies":"Transient","floor":46,"turns":5},{"damage":0,"enemies":"Jaw Worm Horde","floor":47,"turns":2},{"damage":0,"enemies":"Spire Growth","floor":48,"turns":4},{"damage":10,"enemies":"Donu and Deca","floor":50,"turns":3}],"seed_played":"-7561553109073751779","potions_obtained":[{"floor":1.0,"key":"CunningPotion"},{"floor":3.0,"key":"SmokeBomb"},{"floor":6.0,"key":"SteroidPotion"},{"floor":8.0,"key":"SkillPotion"},{"floor":11.0,"key":"CultistPotion"},{"floor":12.0,"key":"Strength Potion"},{"floor":14.0,"key":"Fruit Juice"},{"floor":16.0,"key":"Fire Potion"},{"floor":18.0,"key":"Swift Potion"},{"floor":19.0,"key":"LiquidMemories"},{"floor":21.0,"key":"Poison Potion"},{"floor":22.0,"key":"SteroidPotion"},{"floor":23.0,"key":"LiquidBronze"},{"floor":25,"key":"SteroidPotion"},{"floor":27,"key":"FearPotion"},{"floor":33,"key":"Energy Potion"},{"floor":35,"key":"Weak Potion"},{"floor":36,"key":"FearPotion"},{"floor":37,"key":"EntropicBrew"},{"floor":38,"key":"Ancient Potion"},{"floor":45,"key":"BlessingOfTheForge"},{"floor":47,"key":"DuplicationPotion"}],"is_trial":false,"path_per_floor":["M","M","M","?","M","M","R","?","T","R","M","E","$","M","R","B",null,"M","M","M","M","M","E","R","E","T","E","$","R","$","?","R","B",null,"M","M","M","M","?","$","$","R","T","R","M","M","M","M","R","B",null],"character_chosen":"THE_SILENT","items_purchased":["Reflex","Acrobatics","Well Laid Plans","Mummified Hand","Tactician","Footwork"],"campfire_rested":0,"item_purchase_floors":[13,13,28,28,30,40],"current_hp_per_floor":[59,58,50,50,50,49,49,22,22,22,22,22,22,27,27,27,59,59,55,47,41,27,21,21,21,21,5,77,77,77,77,77,46,69,69,68,68,58,58,58,58,58,58,58,45,45,45,45,45,35],"gold":126,"neow_bonus":"TRANSFORM_CARD","is_daily":false,"chose_seed":false,"campfire_upgraded":9,"win_rate":0.0,"timestamp":1613412535,"path_taken":["M","M","M","?","M","M","R","?","T","R","M","E","$","M","R","BOSS","M","M","M","M","M","E","R","E","T","E","$","R","$","?","R","BOSS","M","M","M","M","?","?","$","R","T","R","M","M","M","M","R","BOSS"],"items_purchased_type":["Card","Card","Card","Relic","Card","Card"],"build_version":"2020-12-22","purchased_purges":3,"victory":true,"max_hp_per_floor":[70,70,70,65,65,65,65,65,65,65,65,65,65,70,70,70,70,70,70,70,70,70,70,70,70,70,70,77,77,77,77,77,77,77,77,77,77,77,77,77,77,77,77,77,77,77,77,77,77,77],"card_choices":[{"not_picked":["Predator","Leg Sweep"],"picked":"Blade Dance","floor":1.0},{"not_picked":["Acrobatics","Predator"],"picked":"Terror","floor":2.0},{"not_picked":["Dagger Throw","Flying Knee"],"picked":"Dagger Spray","floor":3.0},{"not_picked":["Acrobatics","Dagger Spray"],"picked":"Wraith Form v2","floor":5.0},{"not_picked":["Leg Sweep","Flying Knee"],"picked":"Cloak And Dagger","floor":6.0},{"not_picked":["Distraction","Reflex"],"picked":"Accuracy","floor":8.0},{"not_picked":["Terror","Masterful Stab"],"picked":"Prepared","floor":11.0},{"not_picked":["Tactician","Slice"],"picked":"Calculated Gamble","floor":12.0},{"not_picked":["Acrobatics","Dagger Throw"],"picked":"Blade Dance","floor":14.0},{"not_picked":["Corpse Explosion","A Thousand Cuts"],"picked":"Adrenaline","floor":16.0},{"not_picked":["Prepared","Bouncing Flask","Flechettes"],"picked":"SKIP","floor":18.0},{"not_picked":["Endless Agony","Underhanded Strike","Bouncing Flask+1"],"picked":"SKIP","floor":19.0},{"not_picked":["Catalyst+1","Sucker Punch","PiercingWail"],"picked":"SKIP","floor":20.0},{"not_picked":["PiercingWail","Quick Slash"],"picked":"Prepared+1","floor":21.0},{"not_picked":["Endless Agony","Calculated Gamble","Quick Slash+1"],"picked":"SKIP","floor":22.0},{"not_picked":["Deflect","Backstab","Blade Dance"],"picked":"SKIP","floor":23.0},{"not_picked":["Dagger Spray+1","Slice+1","Bane+1"],"picked":"SKIP","floor":25},{"not_picked":["Endless Agony+1","Dagger Spray","Sucker Punch","Eviscerate"],"picked":"SKIP","floor":27},{"not_picked":["Doppelganger","Grand Finale","Phantasmal Killer"],"picked":"After Image","floor":33},{"not_picked":["Underhanded Strike+1","Expertise","Endless Agony"],"picked":"Noxious Fumes+1","floor":35},{"not_picked":["Slice+1","Flying Knee+1","Leg Sweep+1","Deflect+1"],"picked":"SKIP","floor":36},{"not_picked":["Predator+1","Blur","Flying Knee"],"picked":"Backflip","floor":37},{"not_picked":["A Thousand Cuts","Poisoned Stab","Bane"],"picked":"Footwork+1","floor":38},{"not_picked":["Dagger Throw+1","Deadly Poison+1","Dagger Spray+1","Flying Knee+1"],"picked":"SKIP","floor":45},{"not_picked":["Quick Slash+1","Footwork","Calculated Gamble+1"],"picked":"Phantasmal Killer","floor":46},{"not_picked":["Terror+1","Deflect","Predator"],"picked":"PiercingWail","floor":47},{"not_picked":["Distraction","PiercingWail","Heel Hook+1"],"picked":"Acrobatics+1","floor":48}],"player_experience":310718,"relics_obtained":[{"floor":8.0,"key":"Bronze Scales"},{"floor":9.0,"key":"White Beast Statue"},{"floor":12.0,"key":"Pocketwatch"},{"floor":23.0,"key":"Lantern"},{"floor":25,"key":"InkBottle"},{"floor":26,"key":"Question Card"},{"floor":27,"key":"Omamori"},{"floor":43,"key":"Turnip"}],"event_choices":[{"damage_healed":0.0,"max_hp_gain":0.0,"max_hp_loss":5.0,"gold_gain":0.0,"event_name":"Golden Idol","player_choice":"Lose Max HP","floor":4.0,"gold_loss":0.0,"damage_taken":0.0,"relics_obtained":["Golden Idol"]},{"damage_healed":0.0,"max_hp_gain":0.0,"max_hp_loss":0.0,"gold_gain":0.0,"event_name":"Dead Adventurer","player_choice":"Searched \u00271\u0027 times","floor":8.0,"gold_loss":0.0,"damage_taken":0.0},{"damage_healed":0,"gold_gain":0,"player_choice":"Ignored","damage_taken":0,"max_hp_gain":0,"max_hp_loss":0,"event_name":"Ghosts","floor":31,"gold_loss":0},{"damage_healed":0,"gold_gain":0,"player_choice":"Copied","damage_taken":0,"max_hp_gain":0,"max_hp_loss":0,"event_name":"Duplicator","floor":39,"gold_loss":0,"cards_obtained":["Accuracy"]}],"is_beta":false,"boss_relics":[{"not_picked":["Velvet Choker","Runic Pyramid"],"picked":"SacredBark"},{"not_picked":["Busted Crown","Pandora\u0027s Box"],"picked":"Coffee Dripper"}],"items_purged_floors":[13,28,40],"is_endless":false,"potions_floor_spawned":[1,3,6,8,11,12,14,16,18,19,20,21,22,23,25,27,33,35,36,37,38,45,46,47,48],"ascension_level":9}}