{"host":"8cqz7u612ax6p4mk","time":1613430853,"event":{"mods":["AchievementEnabler","BaseMod","Bestiary","Colored Map","DeckTracker","Highlight Path","Minty Spire (QoL Compilation)","Relic Stats","The Servant 0.9.4"],"gold_per_floor":[109,79,97,110,127,158,158,185,185,32,52,52,80,92,104,219,231,262,291,303,315,344,356,398,410,410],"floor_reached":25,"language":"ENG","playtime":1040,"items_purged":[],"score":253,"play_id":"d1006627-a1d0-42f3-b542-569facfce93e","local_time":"20210215181413","is_ascension_mode":true,"campfire_choices":[{"data":"Multi-Cast","floor":7,"key":"SMITH"},{"data":"Defragment","floor":15,"key":"SMITH"},{"data":"Echo Form","floor":23,"key":"SMITH"}],"circlet_count":0,"master_deck":["Strike_B","Strike_B","Strike_B","Strike_B","Defend_B","Defend_B","Defend_B","Zap","Dualcast","Compile Driver","Defragment","Defragment+1","Conserve Battery","Multi-Cast+1","Conserve Battery","Reboot","Redo+1","Echo Form+1"],"relics":["Cracked Core","CaptainsWheel","Boot","Gremlin Horn","Lee\u0027s Waffle","MawBank","Nuclear Battery","CeramicFish"],"acts_visited":["Exordium","TheCity"],"potions_floor_usage":[6,8,16,24,24],"damage_taken":[{"damage":1,"enemies":"Cultist","floor":1,"turns":4},{"damage":3,"enemies":"Jaw Worm","floor":3,"turns":3},{"damage":7,"enemies":"2 Louse","floor":4,"turns":2},{"damage":7,"enemies":"Large Slime","floor":5,"turns":6},{"damage":10,"enemies":"3 Sentries","floor":6,"turns":3},{"damage":16,"enemies":"Lagavulin","floor":8,"turns":8},{"damage":7,"enemies":"Blue Slaver","floor":11,"turns":4},{"damage":13,"enemies":"Gremlin Nob","floor":13,"turns":4},{"damage":34,"enemies":"Slime Boss","floor":16,"turns":9},{"damage":14,"enemies":"3 Byrds","floor":18,"turns":4},{"damage":7,"enemies":"Chosen","floor":19,"turns":5},{"damage":4,"enemies":"Snecko","floor":22,"turns":5},{"damage":25,"enemies":"Gremlin Leader","floor":24,"turns":8},{"damage":16,"enemies":"Snake Plant","floor":25,"turns":2}],"seed_played":"-1224617693173195241","potions_obtained":[{"floor":2,"key":"Strength Potion"},{"floor":2,"key":"PowerPotion"},{"floor":4,"key":"Block Potion"},{"floor":8,"key":"SpeedPotion"},{"floor":11,"key":"Energy Potion"},{"floor":16,"key":"BlessingOfTheForge"},{"floor":24,"key":"Dexterity Potion"}],"is_trial":false,"path_per_floor":["M","?","M","M","M","E","R","E","T","$","M","?","E","?","R","B",null,"M","M","?","?","M","R","E","M"],"character_chosen":"DEFECT","items_purchased":["Lee\u0027s Waffle"],"campfire_rested":0,"item_purchase_floors":[10],"current_hp_per_floor":[53,53,50,43,36,26,26,10,10,82,75,75,62,55,55,21,82,68,61,45,45,41,41,16,0,0],"gold":410,"neow_bonus":"ONE_RARE_RELIC","is_daily":false,"chose_seed":false,"campfire_upgraded":3,"win_rate":0.0,"timestamp":1613430853,"path_taken":["M","?","M","M","M","E","R","E","T","$","?","?","E","?","R","BOSS","M","M","?","?","M","R","E","M"],"items_purchased_type":["Relic"],"build_version":"2020-12-22","purchased_purges":0,"victory":false,"max_hp_per_floor":[75,75,75,75,75,75,75,75,75,82,82,82,82,82,82,82,82,82,82,87,87,87,87,87,87,87],"relic_stats":{"Lee\u0027s Waffle":72,"Gremlin Horn":[10,10],"counters":[14,67],"CeramicFish":0,"Boot":[18],"MawBank":144,"obtain_stats":[{"CaptainsWheel":0,"Lee\u0027s Waffle":10,"Gremlin Horn":8,"CeramicFish":24,"Cracked Core":0,"Boot":6,"MawBank":13,"Nuclear Battery":17},{"CaptainsWheel":0,"Lee\u0027s Waffle":6,"Gremlin Horn":6,"CeramicFish":13,"Cracked Core":0,"Boot":5,"MawBank":8,"Nuclear Battery":9},{"CaptainsWheel":0,"Lee\u0027s Waffle":26,"Gremlin Horn":26,"CeramicFish":65,"Cracked Core":0,"Boot":18,"MawBank":34,"Nuclear Battery":43}]},"card_choices":[{"not_picked":["Stack","Self Repair"],"picked":"Compile Driver","floor":1},{"not_picked":["Go for the Eyes","Streamline"],"picked":"Defragment","floor":3},{"not_picked":["Cold Snap","Stack"],"picked":"Defragment","floor":4},{"not_picked":["Static Discharge","Biased Cognition"],"picked":"Conserve Battery","floor":5},{"not_picked":["Conserve Battery","Chaos"],"picked":"Multi-Cast","floor":6},{"not_picked":["Barrage","Scrape","Hologram"],"picked":"SKIP","floor":8},{"not_picked":["Gash","Compile Driver","Redo"],"picked":"SKIP","floor":11},{"not_picked":["Tempest","Hologram"],"picked":"Conserve Battery","floor":13},{"not_picked":["Core Surge","Multi-Cast"],"picked":"Reboot","floor":16},{"not_picked":["Genetic Algorithm","Beam Cell"],"picked":"Redo+1","floor":18},{"not_picked":["Compile Driver+1","Ball Lightning","Rebound"],"picked":"SKIP","floor":19},{"not_picked":["Gash","Beam Cell+1"],"picked":"Echo Form","floor":22},{"not_picked":["Chaos","Sunder","Rip and Tear+1"],"picked":"SKIP","floor":24}],"player_experience":206722,"relics_obtained":[{"floor":6,"key":"Boot"},{"floor":8,"key":"Gremlin Horn"},{"floor":13,"key":"MawBank"},{"floor":24,"key":"CeramicFish"}],"event_choices":[{"damage_healed":0,"gold_gain":0,"player_choice":"Bought 2 Potions","damage_taken":0,"max_hp_gain":0,"max_hp_loss":0,"event_name":"The Woman in Blue","floor":2,"gold_loss":0},{"damage_healed":0,"gold_gain":0,"player_choice":"Ignored","damage_taken":0,"max_hp_gain":0,"max_hp_loss":0,"event_name":"Liars Game","floor":12,"gold_loss":0},{"cards_removed":["Defend_B"],"damage_healed":0,"gold_gain":0,"player_choice":"Card Removal","damage_taken":7,"max_hp_gain":0,"max_hp_loss":0,"event_name":"Golden Wing","floor":14,"gold_loss":0},{"damage_healed":0,"gold_gain":0,"player_choice":"Shed Blood","damage_taken":21,"max_hp_gain":5,"max_hp_loss":0,"event_name":"Forgotten Altar","floor":20,"gold_loss":0},{"damage_healed":0,"gold_gain":0,"player_choice":"Ignored","damage_taken":0,"max_hp_gain":0,"max_hp_loss":0,"event_name":"Vampires","floor":21,"gold_loss":0}],"is_beta":false,"boss_relics":[{"not_picked":["SlaversCollar","Ectoplasm"],"picked":"Nuclear Battery"}],"items_purged_floors":[],"is_endless":false,"potions_floor_spawned":[4,8,11,16,24],"killed_by":"Snake Plant","ascension_level":1}}