{"host":"tod","time":1613387285,"event":{"mods":["Act Like it!","BaseMod","CapriCore","Highlight Path","Lobotomy","Luminous","Marisa£®ÏF”Í°°ƒß¿Ì…≥£©","Minty Spire (QoL Compilation)","Quick Restart","Reimu£®≤©¿ˆ¡È√Œ£©","Relic Stats","Remilia£®¿Ÿ√◊¿Ú—«£©","Shop Mod","StSLib","The Cursed","The Immortal","Yakumo Yukari mod","Youmu£®ªÍ∆«—˝√Œ£©"],"gold_per_floor":[10,10,25,25,35,35,68,68,120,133,146,146,163,176,176,277,277,291,291,216,229,129,144,144,144,144,144],"floor_reached":25,"language":"ZHS","playtime":1363,"items_purged":["MokouMod:Stoke","MokouMod:RetainTemperature"],"score":205,"play_id":"b0380abd-a7f1-459a-9de4-3f3583dc0142","local_time":"20210215190805","is_ascension_mode":false,"campfire_choices":[{"data":"MokouMod:HeatSpark","floor":6,"key":"SMITH"},{"floor":8,"key":"REST"},{"floor":12,"key":"REST"},{"floor":15,"key":"REST"},{"floor":24,"key":"REST"}],"circlet_count":0,"master_deck":["MokouMod:HeatSpark+1","Sadistic Nature","MokouMod:IgnitionBlast","MokouMod:FlareStarter","MokouMod:ScorchedEarth","MokouMod:ShiftIgnition","MokouMod:ImperishableFlame","MokouMod:SubterraneanCore","MokouMod:Ventilation","MokouMod:PhoenixForm","MokouMod:HeatTransfer","MokouMod:FusionFlare","MokouMod:ResonanceReactor","MokouMod:HeartofFire","MokouMod:Burn","MokouMod:FlareStarter","MokouMod:ScorchedEarth","MokouMod:Scorch+1","MokouMod:IgnitionBarrier"],"relics":["MokouMod:PhoenixFeather","Art of War","Nunchaku","Nloth\u0027s Gift"],"acts_visited":["Exordium","TheCity"],"potions_floor_usage":[],"damage_taken":[{"damage":6,"enemies":"Cultist","floor":1,"turns":3},{"damage":6,"enemies":"Jaw Worm","floor":3,"turns":3},{"damage":7,"enemies":"2 Louse","floor":5,"turns":2},{"damage":26,"enemies":"3 Sentries","floor":7,"turns":9},{"damage":3,"enemies":"Red Slaver","floor":10,"turns":4},{"damage":7,"enemies":"3 Louse","floor":11,"turns":3},{"damage":14,"enemies":"Blue Slaver","floor":13,"turns":4},{"damage":7,"enemies":"Large Slime","floor":14,"turns":6},{"damage":67,"enemies":"Slime Boss","floor":16,"turns":11},{"damage":34,"enemies":"Shell Parasite","floor":18,"turns":7},{"damage":25,"enemies":"Chosen","floor":21,"turns":9},{"damage":30,"enemies":"Centurion and Healer","floor":23,"turns":6},{"damage":0,"enemies":"Cultist and Chosen","floor":25,"turns":1}],"seed_played":"682486560586204272","potions_obtained":[{"floor":3,"key":"AttackPotion"},{"floor":5,"key":"Dexterity Potion"},{"floor":10,"key":"Block Potion"},{"floor":14,"key":"PowerPotion"}],"is_trial":false,"path_per_floor":["M","$","M","?","M","R","E","R","T","M","M","R","M","M","R","B",null,"M","?","$","M","$","M","R","M"],"character_chosen":"MKU","items_purchased":[],"campfire_rested":4,"item_purchase_floors":[],"current_hp_per_floor":[69,69,63,51,44,44,18,40,40,37,30,52,38,31,53,4,75,41,41,41,16,16,4,26,26,26,26],"gold":144,"neow_bonus":"RANDOM_COLORLESS_2","is_daily":false,"chose_seed":false,"campfire_upgraded":1,"win_rate":0.0,"timestamp":1613387285,"path_taken":["M","?","M","?","M","R","E","R","T","M","M","R","M","M","R","BOSS","M","?","$","M","$","M","R","M"],"items_purchased_type":[],"build_version":"2020-12-18","purchased_purges":2,"victory":false,"max_hp_per_floor":[75,75,75,75,75,75,75,75,75,75,75,75,75,75,75,75,75,75,75,75,75,75,75,75,75,75,75],"relic_stats":{"Nunchaku":[3],"counters":[13,68],"Art of War":[23],"Nloth\u0027s Gift":1,"obtain_stats":[{"Nunchaku":9,"MokouMod:PhoenixFeather":0,"Pandora\u0027s Box":17,"Art of War":4,"Nloth\u0027s Gift":19},{"Nunchaku":4,"MokouMod:PhoenixFeather":0,"Pandora\u0027s Box":9,"Art of War":2,"Nloth\u0027s Gift":10},{"Nunchaku":17,"MokouMod:PhoenixFeather":0,"Pandora\u0027s Box":45,"Art of War":6,"Nloth\u0027s Gift":52}]},"card_choices":[{"not_picked":["Metamorphosis","Panache"],"picked":"Sadistic Nature","floor":0},{"not_picked":["MokouMod:Firecracker","MokouMod:AdaptivePyromancy"],"picked":"MokouMod:IgnitionBlast","floor":1},{"not_picked":["MokouMod:RoaringFlare","MokouMod:FlamingFireTalons"],"picked":"MokouMod:FlareStarter","floor":3},{"not_picked":["MokouMod:FlamingFireTalons","MokouMod:Singe"],"picked":"MokouMod:ScorchedEarth","floor":5},{"not_picked":["MokouMod:SubterraneanCore","MokouMod:Rekindle"],"picked":"MokouMod:ShiftIgnition","floor":7},{"not_picked":["MokouMod:TemporalFireSeal","MokouMod:Meltdown"],"picked":"MokouMod:ImperishableFlame","floor":10},{"not_picked":["MokouMod:Cataclysm","MokouMod:EternalBurstReactor"],"picked":"MokouMod:SubterraneanCore","floor":11},{"not_picked":["MokouMod:HeartofFire","MokouMod:UncontrollableSolarReaction","MokouMod:ResoluteFlare"],"picked":"SKIP","floor":13},{"not_picked":["MokouMod:FlareStarter","MokouMod:ResoluteFlare","MokouMod:BlazingComet"],"picked":"SKIP","floor":14},{"not_picked":["MokouMod:HouraiForge","MokouMod:SacredFire"],"picked":"MokouMod:Ventilation","floor":16},{"not_picked":["MokouMod:WarmUp+1","MokouMod:BurningDraft"],"picked":"MokouMod:ScorchedEarth","floor":18},{"not_picked":["MokouMod:SearingShot+1","MokouMod:ExplosiveFlame"],"picked":"MokouMod:Scorch+1","floor":21},{"not_picked":["MokouMod:WarmUp+1","MokouMod:Stoke+1"],"picked":"MokouMod:IgnitionBarrier","floor":23}],"player_experience":383518,"relics_obtained":[{"floor":9,"key":"Nunchaku"}],"event_choices":[{"damage_healed":0,"gold_gain":0,"player_choice":"Success","damage_taken":12,"relics_obtained":["Art of War"],"max_hp_gain":0,"max_hp_loss":0,"event_name":"Scrap Ooze","floor":4,"gold_loss":0},{"damage_healed":0,"gold_gain":0,"player_choice":"Traded Relic","damage_taken":0,"relics_obtained":["Nloth\u0027s Gift"],"max_hp_gain":0,"max_hp_loss":0,"event_name":"N\u0027loth","floor":19,"relics_lost":["Pandora\u0027s Box"],"gold_loss":0}],"is_beta":true,"boss_relics":[{"not_picked":["Ectoplasm","Cursed Key"],"picked":"Pandora\u0027s Box"}],"items_purged_floors":[20,22],"is_endless":false,"potions_floor_spawned":[3,5,10,11,14,16,18,23],"killed_by":"Cultist and Chosen","ascension_level":0}}