{"host":"syfsfjmzue8y1a6l","time":1613378689,"event":{"mods":["AchievementEnabler","BaseMod","Colored Map","DeckTracker","Minty Spire (QoL Compilation)","SuperFastMode"],"gold_per_floor":[110,123,143,93,93,121,121,135,135,155,168,187,214,91,91,189,189,207,218,234,57,57,89,108,108,163,1,1,1,26,26,26,26,26],"floor_reached":33,"language":"KOR","playtime":2423,"items_purged":["Strike_B","Defend_B","Strike_B"],"score":297,"play_id":"9750a045-a0de-4f73-a7fa-58588ffa565a","local_time":"20210215174449","is_ascension_mode":false,"campfire_choices":[{"data":"Chaos","floor":7,"key":"SMITH"},{"data":"Zap","floor":15,"key":"SMITH"},{"data":"Recycle","floor":25,"key":"SMITH"},{"data":"Redo","floor":29,"key":"SMITH"},{"data":"Chaos","floor":32,"key":"SMITH"}],"circlet_count":0,"master_deck":["Strike_B","Strike_B","Defend_B","Defend_B","Zap+1","Dualcast","Chaos+1","Glacier","Coolheaded","Cold Snap+1","Recycle+1","Redo+1","Self Repair","Ball Lightning","Thunder Strike","Ball Lightning+1","Coolheaded+1","Capacitor","Loop","Chaos+1","Go for the Eyes+1"],"relics":["Cracked Core","Omamori","Centennial Puzzle","Question Card","Nuclear Battery","Oddly Smooth Stone","Happy Flower","Pen Nib","Whetstone","Mercury Hourglass"],"acts_visited":["Exordium","TheCity"],"potions_floor_usage":[6,10,13,16,23,30],"damage_taken":[{"damage":4,"enemies":"Jaw Worm","floor":1,"turns":4},{"damage":1,"enemies":"2 Louse","floor":2,"turns":3},{"damage":0,"enemies":"Cultist","floor":3,"turns":3},{"damage":33,"enemies":"Gremlin Nob","floor":6,"turns":7},{"damage":3,"enemies":"Exordium Thugs","floor":8,"turns":4},{"damage":7,"enemies":"Large Slime","floor":10,"turns":6},{"damage":8,"enemies":"Red Slaver","floor":11,"turns":3},{"damage":1,"enemies":"Looter","floor":12,"turns":4},{"damage":10,"enemies":"3 Sentries","floor":13,"turns":7},{"damage":17,"enemies":"The Guardian","floor":16,"turns":14},{"damage":9,"enemies":"2 Thieves","floor":18,"turns":4},{"damage":0,"enemies":"Chosen","floor":19,"turns":4},{"damage":11,"enemies":"Snake Plant","floor":20,"turns":4},{"damage":32,"enemies":"Gremlin Leader","floor":23,"turns":10},{"damage":20,"enemies":"Sentry and Sphere","floor":24,"turns":9},{"damage":9,"enemies":"Book of Stabbing","floor":30,"turns":6},{"damage":64,"enemies":"Automaton","floor":33,"turns":6}],"seed_played":"-4179352092928596685","potions_obtained":[{"floor":2,"key":"Block Potion"},{"floor":3,"key":"Swift Potion"},{"floor":6,"key":"SkillPotion"},{"floor":13,"key":"Regen Potion"},{"floor":18,"key":"AttackPotion"},{"floor":19,"key":"SmokeBomb"},{"floor":24,"key":"LiquidMemories"}],"is_trial":false,"path_per_floor":["M","M","M","?","?","E","R","M","T","M","M","M","E","$","R","B",null,"M","M","M","$","?","E","M","R","T","$","?","R","E","?","R","B"],"character_chosen":"DEFECT","items_purchased":["Ball Lightning","Capacitor","Chaos"],"campfire_rested":0,"item_purchase_floors":[14,21,27],"current_hp_per_floor":[78,77,77,77,77,44,44,41,41,34,26,25,15,15,15,13,82,73,80,76,76,76,51,38,38,38,38,38,38,36,36,36,0,0],"gold":26,"neow_bonus":"TEN_PERCENT_HP_BONUS","is_daily":false,"chose_seed":false,"campfire_upgraded":5,"win_rate":0.0,"timestamp":1613378689,"path_taken":["M","M","M","?","?","E","R","M","T","M","M","?","E","?","R","BOSS","M","M","M","$","?","E","M","R","T","$","?","R","E","?","R","BOSS"],"items_purchased_type":["Card","Card","Card"],"build_version":"2020-12-22","purchased_purges":3,"victory":false,"max_hp_per_floor":[82,82,82,82,82,82,82,82,82,82,82,82,82,82,82,82,82,82,82,82,82,82,82,82,82,82,82,82,82,82,82,82,82,82],"card_choices":[{"not_picked":["Leap","Hello World","Undo"],"picked":"SKIP","floor":1},{"not_picked":["Consume","Steam"],"picked":"Chaos","floor":2},{"not_picked":["Force Field","Redo"],"picked":"Glacier","floor":3},{"not_picked":["Rip and Tear","Tempest","Rebound"],"picked":"SKIP","floor":6},{"not_picked":["Stack","Tempest"],"picked":"Coolheaded","floor":8},{"not_picked":["Go for the Eyes","Gash"],"picked":"Cold Snap","floor":10},{"not_picked":["Steam","Hologram"],"picked":"Recycle","floor":11},{"not_picked":["Heatsinks","Storm"],"picked":"Redo","floor":12},{"not_picked":["Sweeping Beam","Gash"],"picked":"Self Repair","floor":13},{"not_picked":["Creative AI","Buffer","Biased Cognition"],"picked":"Thunder Strike","floor":16},{"not_picked":["Gash+1","Cold Snap","Conserve Battery"],"picked":"Ball Lightning","floor":18},{"not_picked":["Hologram","Streamline","Leap+1"],"picked":"Coolheaded+1","floor":19},{"not_picked":["Coolheaded","Turbo","Leap","Compile Driver"],"picked":"SKIP","floor":20},{"not_picked":["White Noise","Leap","Stack+1","Compile Driver"],"picked":"SKIP","floor":23},{"not_picked":["Steam","Hologram","Gash"],"picked":"Loop","floor":24},{"not_picked":["Gash+1","Cold Snap","Coolheaded"],"picked":"Go for the Eyes+1","floor":30}],"player_experience":57546,"relics_obtained":[{"floor":6,"key":"Omamori"},{"floor":9,"key":"Centennial Puzzle"},{"floor":13,"key":"Question Card"},{"floor":23,"key":"Happy Flower"},{"floor":26,"key":"Pen Nib"},{"floor":30,"key":"Whetstone"}],"event_choices":[{"cards_removed":["Defend_B"],"damage_healed":0,"gold_gain":0,"player_choice":"Card Removal","damage_taken":0,"max_hp_gain":0,"max_hp_loss":0,"event_name":"The Cleric","floor":4,"gold_loss":50},{"damage_healed":0,"gold_gain":0,"player_choice":"Ignored","damage_taken":0,"max_hp_gain":0,"max_hp_loss":0,"event_name":"NoteForYourself","floor":5,"gold_loss":0},{"damage_healed":0,"gold_gain":0,"player_choice":"Opened","damage_taken":0,"relics_obtained":["Oddly Smooth Stone"],"max_hp_gain":0,"max_hp_loss":0,"event_name":"The Mausoleum","floor":22,"gold_loss":0},{"damage_healed":0,"gold_gain":0,"player_choice":"Ignored","damage_taken":0,"max_hp_gain":0,"max_hp_loss":0,"event_name":"Vampires","floor":28,"gold_loss":0},{"damage_healed":0,"gold_gain":0,"player_choice":"Gave Potion","damage_taken":0,"relics_obtained":["Mercury Hourglass"],"max_hp_gain":0,"max_hp_loss":0,"event_name":"WeMeetAgain","floor":31,"gold_loss":0}],"is_beta":false,"boss_relics":[{"not_picked":["Runic Pyramid","FrozenCore"],"picked":"Nuclear Battery"}],"items_purged_floors":[14,21,27],"is_endless":false,"potions_floor_spawned":[2,3,6,13,18,19,24],"killed_by":"Automaton","ascension_level":0}}