{"host":"sygfylmorsvdndbx","time":1613415033,"event":{"mods":["AchievementEnabler","BaseMod","Bestiary","Highlight Path","Minty Spire (QoL Compilation)","Permanent Neow","Quick Restart","Relic Stats"],"gold_per_floor":[13,13,24,24,35,35,49,77,77,77,97,97,123,73,73,144,144,164,179,278,288,307,307,332,332,332,357,357,384,28,53,53,129,129,147,157,211,229,239,269,269,303,349,366,61,76,96,109,109,109,109,109,35,70,70],"floor_reached":56,"language":"ENG","playtime":8026,"items_purged":["Strike_R","Rampage"],"score":1907,"play_id":"763605f6-a6c2-4a54-8c88-b7bd0b428fd1","local_time":"20210215135033","is_ascension_mode":true,"campfire_choices":[{"data":"Carnage","floor":6.0,"key":"SMITH"},{"data":"Rampage","floor":10.0,"key":"SMITH"},{"data":"Headbutt","floor":12.0,"key":"SMITH"},{"data":"Battle Trance","floor":15.0,"key":"SMITH"},{"data":"Corruption","floor":23.0,"key":"SMITH"},{"data":"Flame Barrier","floor":25.0,"key":"SMITH"},{"data":"Feel No Pain","floor":28.0,"key":"SMITH"},{"data":"Berserk","floor":32.0,"key":"SMITH"},{"floor":41.0,"key":"REST"},{"floor":49.0,"key":"RECALL"},{"data":"Shockwave","floor":52,"key":"SMITH"}],"circlet_count":0,"master_deck":["AscendersBane","Defend_R+1","Defend_R","Defend_R","Defend_R","Bash","Carnage+1","Rampage+1","Battle Trance+1","Flame Barrier+1","Inflame","Headbutt+1","Corruption+1","Feel No Pain+1","Flame Barrier","Spot Weakness+1","Shrug It Off","Bloodletting","Berserk+1","Twin Strike+1","Shockwave+1","Limit Break","Pommel Strike+1","Dual Wield+1","Brutality","Exhume+1","Flame Barrier","Shrug It Off","Armaments+1","Dark Embrace+1"],"relics":["Burning Blood","Bottled Flame","Magic Flower","Champion Belt","Runic Pyramid","Molten Egg 2","Shuriken","Red Skull","Red Mask","Empty Cage","Bird Faced Urn","Vajra","Blood Vial","Potion Belt","Nunchaku","War Paint"],"acts_visited":["Exordium","TheCity","TheBeyond","TheEnding"],"potions_floor_usage":[55,55,55,55],"damage_taken":[{"damage":1.0,"enemies":"Cultist","floor":1.0,"turns":3.0},{"damage":4.0,"enemies":"2 Louse","floor":3.0,"turns":3.0},{"damage":7.0,"enemies":"Small Slimes","floor":5.0,"turns":3.0},{"damage":4.0,"enemies":"2 Fungi Beasts","floor":7.0,"turns":3.0},{"damage":20.0,"enemies":"Lagavulin","floor":8.0,"turns":5.0},{"damage":16.0,"enemies":"Blue Slaver","floor":11.0,"turns":4.0},{"damage":15.0,"enemies":"3 Sentries","floor":13.0,"turns":6.0},{"damage":29.0,"enemies":"Hexaghost","floor":16.0,"turns":9.0},{"damage":6.0,"enemies":"Spheric Guardian","floor":18.0,"turns":3.0},{"damage":7.0,"enemies":"Chosen","floor":19.0,"turns":6.0},{"damage":34.0,"enemies":"Snake Plant","floor":21.0,"turns":4.0},{"damage":13.0,"enemies":"Cultist and Chosen","floor":22.0,"turns":7.0},{"damage":11.0,"enemies":"Book of Stabbing","floor":24.0,"turns":5.0},{"damage":7.0,"enemies":"Gremlin Leader","floor":27.0,"turns":5.0},{"damage":32.0,"enemies":"Slavers","floor":29.0,"turns":6.0},{"damage":45.0,"enemies":"Masked Bandits","floor":31.0,"turns":5.0},{"damage":3.0,"enemies":"Champ","floor":33.0,"turns":7.0},{"damage":7.0,"enemies":"3 Darklings","floor":35.0,"turns":4.0},{"damage":5.0,"enemies":"3 Shapes","floor":36.0,"turns":4.0},{"damage":13.0,"enemies":"2 Orb Walkers","floor":37.0,"turns":4.0},{"damage":27.0,"enemies":"Jaw Worm Horde","floor":38.0,"turns":4.0},{"damage":39.0,"enemies":"Transient","floor":39.0,"turns":5.0},{"damage":53.0,"enemies":"Nemesis","floor":40.0,"turns":3.0},{"damage":33.0,"enemies":"Reptomancer","floor":42.0,"turns":5.0},{"damage":24.0,"enemies":"Writhing Mass","floor":44.0,"turns":4.0},{"damage":14.0,"enemies":"Spire Growth","floor":46.0,"turns":5.0},{"damage":9.0,"enemies":"Sphere and 2 Shapes","floor":47.0,"turns":4.0},{"damage":12.0,"enemies":"4 Shapes","floor":48.0,"turns":6.0},{"damage":43,"enemies":"Time Eater","floor":50,"turns":6},{"damage":51,"enemies":"Shield and Spear","floor":54,"turns":7},{"damage":100,"enemies":"The Heart","floor":55,"turns":10}],"seed_played":"-3489144585280328437","potions_obtained":[{"floor":1.0,"key":"Dexterity Potion"},{"floor":3.0,"key":"FearPotion"},{"floor":13.0,"key":"Strength Potion"},{"floor":16.0,"key":"EssenceOfSteel"},{"floor":18.0,"key":"Fire Potion"},{"floor":24.0,"key":"SteroidPotion"},{"floor":27.0,"key":"Swift Potion"},{"floor":29.0,"key":"BloodPotion"},{"floor":33.0,"key":"LiquidBronze"},{"floor":37.0,"key":"Energy Potion"},{"floor":39.0,"key":"DuplicationPotion"},{"floor":42.0,"key":"HeartOfIron"},{"floor":46.0,"key":"Weak Potion"},{"floor":47.0,"key":"SmokeBomb"}],"is_trial":false,"path_per_floor":["M","$","M","?","M","R","M","E","T","R","M","R","E","?","R","B",null,"M","M","?","M","M","R","E","R","T","E","R","E","$","?","R","B",null,"M","M","?","M","M","E","R","E","T","M","$","M","M","M","R","B",null,"R","$","E","B",null],"character_chosen":"IRONCLAD","items_purchased":["BloodPotion","Berserk","BloodPotion","Twin Strike+1","Shrug It Off","Nunchaku","Regen Potion"],"campfire_rested":1,"item_purchase_floors":[30,30,30,30,45,45,53],"current_hp_per_floor":[77,77,79,79,78,78,80,66,66,66,59,59,53,53,53,33,68,71,73,73,48,44,44,42,42,42,44,44,21,37,25,25,31,68,70,74,80,71,53,15,39,30,30,39,39,49,73,80,80,58,75,75,75,56,16],"gold":70,"neow_bonus":"TRANSFORM_TWO_CARDS","is_daily":false,"chose_seed":false,"campfire_upgraded":9,"win_rate":0.0,"timestamp":1613415033,"path_taken":["M","?","M","?","M","R","M","E","T","R","M","R","E","?","R","BOSS","M","M","?","M","M","R","E","R","T","E","R","E","$","?","R","BOSS","M","M","?","M","M","E","R","E","T","M","$","M","M","M","R","BOSS","R","$","E","BOSS"],"items_purchased_type":["Potion","Card","Potion","Card","Card","Relic","Potion"],"build_version":"2020-12-22","purchased_purges":2,"victory":true,"max_hp_per_floor":[80,80,80,80,80,80,80,80,80,80,80,80,80,80,80,80,80,80,80,80,80,80,80,80,80,80,80,80,80,80,80,80,80,80,80,80,80,80,80,80,80,80,80,80,80,80,80,80,80,80,80,80,80,80,80],"relic_stats":{"Blood Vial":18,"Nunchaku":[5],"counters":[31,155],"Shuriken":[16],"Bird Faced Urn":[164],"Magic Flower":[152],"Champion Belt":[43],"War Paint":["Defend_R","Exhume"],"obtain_stats":[{"Potion Belt":43,"Magic Flower":9,"Vajra":40,"War Paint":54,"Empty Cage":34,"Burning Blood":0,"Blood Vial":42,"Bottled Flame":8,"Nunchaku":45,"Shuriken":27,"Bird Faced Urn":37,"Molten Egg 2":24,"Red Mask":31,"Champion Belt":13,"Red Skull":29,"Runic Pyramid":17},{"Potion Belt":24,"Magic Flower":5,"Vajra":23,"War Paint":30,"Empty Cage":17,"Burning Blood":0,"Blood Vial":24,"Bottled Flame":5,"Nunchaku":25,"Shuriken":14,"Bird Faced Urn":20,"Molten Egg 2":13,"Red Mask":16,"Champion Belt":7,"Red Skull":15,"Runic Pyramid":8},{"Potion Belt":113,"Magic Flower":17,"Vajra":108,"War Paint":145,"Empty Cage":84,"Burning Blood":0,"Blood Vial":113,"Bottled Flame":17,"Nunchaku":117,"Shuriken":66,"Bird Faced Urn":96,"Molten Egg 2":61,"Red Mask":77,"Champion Belt":27,"Red Skull":72,"Runic Pyramid":36}],"Burning Blood":259},"card_choices":[{"not_picked":["Anger","Clothesline"],"picked":"Carnage","floor":1.0},{"not_picked":["Blood for Blood","Entrench"],"picked":"Rampage","floor":3.0},{"not_picked":["Perfected Strike","Seeing Red"],"picked":"Battle Trance","floor":5.0},{"not_picked":["Headbutt","Metallicize"],"picked":"Flame Barrier","floor":7.0},{"not_picked":["Hemokinesis","Anger"],"picked":"Inflame","floor":8.0},{"not_picked":["Havoc","Sword Boomerang"],"picked":"Headbutt","floor":11.0},{"not_picked":["Warcry","Body Slam","Intimidate"],"picked":"SKIP","floor":13.0},{"not_picked":["Exhume","Juggernaut"],"picked":"Corruption","floor":16.0},{"not_picked":["Thunderclap","Flex"],"picked":"Feel No Pain","floor":18.0},{"not_picked":["Cleave","Heavy Blade","Pommel Strike"],"picked":"SKIP","floor":19.0},{"not_picked":["Combust","Heavy Blade+1"],"picked":"Flame Barrier","floor":21.0},{"not_picked":["Heavy Blade","Perfected Strike"],"picked":"Spot Weakness+1","floor":22.0},{"not_picked":["Entrench","Perfected Strike+1"],"picked":"Shrug It Off","floor":24.0},{"not_picked":["Heavy Blade+1","Sword Boomerang+1","Warcry"],"picked":"SKIP","floor":27.0},{"not_picked":["Combust","Iron Wave+1"],"picked":"Bloodletting","floor":29.0},{"not_picked":["Armaments","Clothesline+1"],"picked":"Shockwave","floor":31.0},{"not_picked":["Bludgeon+1","Corruption"],"picked":"Limit Break","floor":33.0},{"not_picked":["Flex+1","Dual Wield"],"picked":"Pommel Strike+1","floor":35.0},{"not_picked":["Clothesline+1","Whirlwind+1","Bludgeon+1"],"picked":"SKIP","floor":36.0},{"not_picked":["Clash+1","Clothesline+1"],"picked":"Dual Wield+1","floor":38.0},{"not_picked":["Sword Boomerang+1","Perfected Strike+1"],"picked":"Brutality","floor":39.0},{"not_picked":["Sword Boomerang+1","Anger+1","Rupture"],"picked":"SKIP","floor":40.0},{"not_picked":["Clothesline+1","Cleave+1"],"picked":"Exhume","floor":42.0},{"not_picked":["Thunderclap+1","Cleave+1"],"picked":"Flame Barrier","floor":44.0},{"not_picked":["Dropkick+1","Battle Trance"],"picked":"Armaments+1","floor":46.0},{"not_picked":["Cleave+1","Pommel Strike+1","Flex+1"],"picked":"SKIP","floor":47.0},{"not_picked":["Heavy Blade+1","Perfected Strike+1","Dark Embrace"],"picked":"SKIP","floor":48.0},{"not_picked":["Anger+1","Pummel+1"],"picked":"Dark Embrace+1","floor":54}],"player_experience":536818,"relics_obtained":[{"floor":8.0,"key":"Bottled Flame"},{"floor":9.0,"key":"Magic Flower"},{"floor":13.0,"key":"Champion Belt"},{"floor":24.0,"key":"Molten Egg 2"},{"floor":27.0,"key":"Shuriken"},{"floor":29.0,"key":"Red Skull"},{"floor":31.0,"key":"Red Mask"},{"floor":37.0,"key":"Bird Faced Urn"},{"floor":40.0,"key":"Vajra"},{"floor":42.0,"key":"Blood Vial"},{"floor":43.0,"key":"Potion Belt"},{"floor":54,"key":"War Paint"}],"event_choices":[{"damage_healed":0.0,"max_hp_gain":0.0,"max_hp_loss":0.0,"gold_gain":0.0,"event_name":"Liars Game","player_choice":"Ignored","floor":4.0,"gold_loss":0.0,"damage_taken":0.0},{"cards_removed":["Strike_R"],"damage_healed":0.0,"max_hp_gain":0.0,"max_hp_loss":0.0,"gold_gain":0.0,"event_name":"The Cleric","player_choice":"Card Removal","floor":14.0,"gold_loss":50.0,"damage_taken":0.0},{"damage_healed":0.0,"max_hp_gain":0.0,"max_hp_loss":0.0,"gold_gain":99.0,"event_name":"Nest","player_choice":"Stole From Cult","floor":20.0,"gold_loss":0.0,"damage_taken":0.0},{"damage_healed":0.0,"max_hp_gain":0.0,"max_hp_loss":0.0,"gold_gain":0.0,"event_name":"Masked Bandits","player_choice":"Fought Bandits","floor":31.0,"gold_loss":0.0,"damage_taken":0.0},{"damage_healed":0.0,"max_hp_gain":0.0,"max_hp_loss":0.0,"gold_gain":0.0,"event_name":"Mysterious Sphere","player_choice":"Fight","floor":37.0,"gold_loss":0.0,"damage_taken":0.0}],"is_beta":false,"boss_relics":[{"not_picked":["Philosopher\u0027s Stone","Calling Bell"],"picked":"Runic Pyramid"},{"not_picked":["Black Star","Mark of Pain"],"picked":"Empty Cage"}],"items_purged_floors":[30,45],"is_endless":false,"potions_floor_spawned":[1,3,13,16,18,24,27,29,33,36,37,39,42,46,47,54],"ascension_level":13}}