{"host":"nlbr7nnijupf3yfg","time":1613414921,"event":{"mods":["AchievementEnabler","BaseMod","BetterRewards","Colored Powertips","DeckTracker","Downfall","Hermit","Hubris","Infinite Spire","Minty Spire (QoL Compilation)","Quick Restart","Replay The Spire","StSLib","SuperFastMode","The Saiyan","The Servant 0.9.4"],"gold_per_floor":[111,111,111,131,57,92,92,92,92,113,113,138,182,196,196,316,316,334,328,348,369,387,426,426,74,147,168,168,203,203,246,246,391,491,541,541,541,599,453,526,526,575,599,611,623,716,790,802,814,826,826],"floor_reached":50,"language":"ENG","playtime":1296,"items_purged":[],"score":1230,"play_id":"5c0a6d66-dfc6-41aa-8a76-a637ea00b702","local_time":"20210215134841","is_ascension_mode":true,"campfire_choices":[{"data":"Spot Weakness","floor":8,"key":"SMITH"},{"data":"Anger","floor":11,"key":"SMITH"},{"data":"Twin Strike","floor":15,"key":"SMITH"},{"floor":24,"key":"REST"},{"floor":28,"key":"REST"},{"floor":32,"key":"REST"},{"data":"hubris:InfiniteBlow","floor":44,"key":"SMITH"},{"floor":49,"key":"REST"}],"circlet_count":0,"master_deck":["AscendersBane","Strike_R","Strike_R","Strike_R","Strike_R","Defend_R","Defend_R","Defend_R","Defend_R","Bash","Twin Strike+1","Pummel","Spot Weakness+1","Anger+1","Anger","Spot Weakness","Reaper","Ghostly Armor","Impervious","Run Through","Pommel Strike+1","Dropkick","Anger+1","Havoc+1","infinitespire:Oblivion","Thunderclap+1","Sever Soul","Armaments","Entrench","Run Through","Evolve","Flash of Steel","Shockwave+1","Infernal Blade","Twin Strike","Anger","Offering","Sword Boomerang+1","infinitespire:Fortify","Whirlwind+1","ReplayTheSpireMod:Stacked+1","CommonCold","downfall:Haunted","hubris:InfiniteBlow+1","Spot Weakness+1","ReplayTheSpireMod:LeadingStrike+1","Iron Wave+1"],"relics":["Burning Blood","NeowsBlessing","Golden Idol","Pondfish Scales","Quantum Egg","Ancient Tea Set","SacredBark","Anchor","BargainBundle","Happy Flower","Question Card","Nunchaku","King of Hearts","infinitespire:EvilPickle","Replay:Wanted Poster","Regal Pillow","Snecko Eye","ClockworkSouvenir","infinitespire:Satchel","MawBank","Replay:Rubber Ducky"],"acts_visited":["Exordium","TheCity","TheBeyond"],"potions_floor_usage":[12,16,16,18,23,27,31,31,33,33,50,50],"damage_taken":[{"damage":0,"enemies":"Cultist","floor":1,"turns":1},{"damage":0,"enemies":"Jaw Worm","floor":4,"turns":1},{"damage":0,"enemies":"Lagavulin","floor":6,"turns":1},{"damage":2,"enemies":"2 Louse","floor":10,"turns":2},{"damage":13,"enemies":"Exordium Thugs","floor":12,"turns":4},{"damage":13,"enemies":"Gremlin Nob","floor":13,"turns":3},{"damage":6,"enemies":"Blue Slaver","floor":14,"turns":2},{"damage":32,"enemies":"Hexaghost","floor":16,"turns":7},{"damage":2,"enemies":"Chosen","floor":18,"turns":4},{"damage":10,"enemies":"2 Thieves","floor":19,"turns":4},{"damage":44,"enemies":"Snake Plant","floor":20,"turns":6},{"damage":14,"enemies":"Cultist and Chosen","floor":21,"turns":5},{"damage":11,"enemies":"Chosen and Byrds","floor":22,"turns":6},{"damage":38,"enemies":"Nightmare","floor":23,"turns":6},{"damage":21,"enemies":"Snake Plant","floor":27,"turns":4},{"damage":33,"enemies":"Replay:Snechameleon","floor":29,"turns":7},{"damage":15,"enemies":"Slavers","floor":31,"turns":3},{"damage":33,"enemies":"Pondfish","floor":33,"turns":9},{"damage":6,"enemies":"3 Darklings","floor":35,"turns":5},{"damage":13,"enemies":"3 Shapes","floor":38,"turns":3},{"damage":6,"enemies":"Reptomancer","floor":40,"turns":4},{"damage":1,"enemies":"Jaw Worm Horde","floor":42,"turns":4},{"damage":49,"enemies":"Nemesis","floor":46,"turns":7},{"damage":11,"enemies":"Transient","floor":47,"turns":5},{"damage":73,"enemies":"infinitespire:MassOfShapes","floor":50,"turns":8}],"seed_played":"4532747346720818947","potions_obtained":[{"floor":4,"key":"Reflective Coating"},{"floor":10,"key":"BlessingOfTheForge"},{"floor":12,"key":"PowerPotion"},{"floor":14,"key":"Toxic Potion"},{"floor":16,"key":"Fire Potion"},{"floor":18,"key":"Elixir"},{"floor":20,"key":"hexamod:SoulburnPotion"},{"floor":22,"key":"PowerPotion"},{"floor":27,"key":"SteroidPotion"},{"floor":31,"key":"AttackPotion"},{"floor":40,"key":"FearPotion"},{"floor":46,"key":"GamblersBrew"}],"is_trial":false,"path_per_floor":["M","?","?","M","$","E","$","R","T","M","R","M","E","M","R","B",null,"M","M","M","M","M","NM","R","$","T","M","R","E","?","E","R","B",null,"M","AVR","?","M","$","E","?","M","T","R","$","E","M","$","R","B"],"character_chosen":"IRONCLAD","items_purchased":["Spot Weakness","BargainBundle","Happy Flower","AttackPotion","Sever Soul","Armaments","Entrench","Run Through","Evolve","Flash of Steel","ClockworkSouvenir"],"campfire_rested":4,"item_purchase_floors":[5,25,25,25,25,25,25,25,25,25,39],"current_hp_per_floor":[78,74,74,74,74,74,74,74,74,74,74,67,60,66,66,52,69,73,69,31,36,47,15,37,37,37,22,44,17,17,8,30,25,62,62,62,62,61,61,61,61,72,72,72,72,29,36,36,73,0,0],"gold":826,"neow_bonus":"THREE_ENEMY_KILL","is_daily":false,"chose_seed":false,"campfire_upgraded":4,"win_rate":0.0,"timestamp":1613414921,"path_taken":["M","?","?","?","?","E","?","R","T","M","R","M","E","M","R","BOSS","M","?","M","M","M","NM","R","$","T","?","R","E","?","E","R","BOSS","M","AVR","?","M","?","E","?","M","T","R","?","E","M","$","R","BOSS"],"items_purchased_type":["Card","Relic","Relic","Potion","Card","Card","Card","Card","Card","Card","Relic"],"build_version":"2020-12-22","purchased_purges":0,"victory":false,"max_hp_per_floor":[80,74,74,74,74,74,74,74,74,74,74,74,74,74,74,74,74,74,74,74,74,74,74,74,74,74,74,74,74,74,74,74,74,74,74,74,74,74,74,74,74,74,74,74,74,74,74,74,74,74,74],"card_choices":[{"not_picked":["ReplayTheSpireMod:Limb From Limb","Run Through"],"picked":"Twin Strike","floor":1},{"not_picked":["Abandon","Replay:Undeath\u0027s Touch"],"picked":"Pummel","floor":4},{"not_picked":["Double Tap","True Grit"],"picked":"Anger","floor":6},{"not_picked":["hubris:SharpeningStone","Defy Death"],"picked":"Anger","floor":10},{"not_picked":["Clothesline","Flex"],"picked":"Spot Weakness","floor":12},{"not_picked":["Cleave","hubris:SharpeningStone"],"picked":"Reaper","floor":13},{"not_picked":["hubris:ReadiedAction","Perfected Strike"],"picked":"Ghostly Armor","floor":14},{"not_picked":["Limit Break","Berserk"],"picked":"Impervious","floor":16},{"not_picked":["Headbutt","hubris:CleavingFinish"],"picked":"Run Through","floor":18},{"not_picked":["Replay:Undeath\u0027s Touch+1","ReplayTheSpireMod:Stacked"],"picked":"Pommel Strike+1","floor":19},{"not_picked":["Power Through","Warcry"],"picked":"Dropkick","floor":20},{"not_picked":["Entrench","Heavy Blade"],"picked":"Anger+1","floor":21},{"not_picked":["Warcry+1","Sever Soul"],"picked":"Havoc+1","floor":22},{"not_picked":["ReplayTheSpireMod:Chaos Vortex","ReplayTheSpireMod:Book of Names"],"picked":"infinitespire:Oblivion","floor":23},{"not_picked":["Offering","Dark Embrace"],"picked":"Thunderclap+1","floor":23},{"not_picked":["ReplayTheSpireMod:Muscle Training","Heavy Blade+1","Intimidate"],"picked":"Shockwave+1","floor":27},{"not_picked":["Run Through+1","ReplayTheSpireMod:LeadingStrike","hubris:CleavingFinish"],"picked":"Infernal Blade","floor":29},{"not_picked":["Body Slam","Run Through","Defy Death"],"picked":"Anger","floor":31},{"not_picked":["Demon Form","Berserk","Exhume"],"picked":"Offering","floor":33},{"not_picked":["Wild Strike","Clothesline+1","Rupture"],"picked":"Sword Boomerang+1","floor":35},{"not_picked":["Evolve+1","Carnage+1","Inflame"],"picked":"Whirlwind+1","floor":38},{"not_picked":["Cleave","Rupture","Dual Wield"],"picked":"ReplayTheSpireMod:Stacked+1","floor":40},{"not_picked":["ReplayTheSpireMod:??????????????????????","infinitespire:Execution"],"picked":"hubris:InfiniteBlow","floor":41},{"not_picked":["Feel No Pain","Shrug It Off","Disarm"],"picked":"Spot Weakness+1","floor":42},{"not_picked":["Bludgeon","Headbutt","True Grit"],"picked":"ReplayTheSpireMod:LeadingStrike+1","floor":46},{"not_picked":["Perfected Strike","Sentinel","ReplayTheSpireMod:Strike From Hell"],"picked":"Iron Wave+1","floor":47}],"player_experience":65346,"relics_obtained":[{"floor":6,"key":"Pondfish Scales"},{"floor":9,"key":"Quantum Egg"},{"floor":13,"key":"Ancient Tea Set"},{"floor":23,"key":"Anchor"},{"floor":26,"key":"Question Card"},{"floor":29,"key":"Nunchaku"},{"floor":31,"key":"King of Hearts"},{"floor":40,"key":"infinitespire:Satchel"},{"floor":43,"key":"MawBank"},{"floor":46,"key":"Replay:Rubber Ducky"}],"event_choices":[{"damage_healed":0,"gold_gain":0,"player_choice":"Lose Max HP","damage_taken":0,"relics_obtained":["Golden Idol"],"max_hp_gain":0,"max_hp_loss":6,"event_name":"Golden Idol","floor":2,"gold_loss":0},{"cards_removed":["Strike_R"],"damage_healed":0,"gold_gain":0,"player_choice":"Offered Basic","damage_taken":0,"max_hp_gain":0,"max_hp_loss":0,"event_name":"Bonfire Elementals","floor":3,"gold_loss":0},{"damage_healed":0,"gold_gain":0,"player_choice":"Ignored","damage_taken":0,"max_hp_gain":0,"max_hp_loss":0,"event_name":"Tomb of Lord Red Mask","floor":37,"gold_loss":0}],"is_beta":false,"boss_relics":[{"not_picked":["Runic Cube","Runic Pyramid"],"picked":"SacredBark"},{"not_picked":["Coffee Dripper","Sozu"],"picked":"Replay:Wanted Poster"}],"items_purged_floors":[],"is_endless":true,"potions_floor_spawned":[4,10,12,14,16,18,20,22,27,29,31,40,46],"killed_by":"infinitespire:MassOfShapes","ascension_level":10}}