{"host":"dlyy4wv9zatha4f7","time":1613404611,"event":{"mods":["BaseMod","Better Third Choice","Colored Map","GifTheSpireLib","Minty Spire (QoL Compilation)","Spicy Shops","StSLib","Stuff the Spire","SuperFastMode","Unceasing Turn Reminder"],"gold_per_floor":[109,109,126,126,143,177,177,196,270,285,285,56,56,81,81,180,180,150,168,168,84,84,109,1,1,1,1,15,215,215,227,227,326,326,336,348,30,30,44,73,93,121,198,198,232,52,82,182,182,182],"floor_reached":51,"language":"ENG","playtime":2890,"items_purged":["Strike_G","Strike_G","Strike_G"],"score":1464,"play_id":"01a3782e-9e1e-442d-b012-018ca421c0f9","local_time":"20210215175651","is_ascension_mode":true,"campfire_choices":[{"data":"Predator","floor":7.0,"key":"SMITH"},{"data":"Dagger Spray","floor":11.0,"key":"SMITH"},{"data":"Neutralize","floor":15.0,"key":"SMITH"},{"data":"StuffTheSpire:Ambrosia","floor":25.0,"key":"SMITH"},{"data":"Burst","floor":30.0,"key":"SMITH"},{"data":"Footwork","floor":32.0,"key":"SMITH"},{"data":"Doppelganger","floor":44.0,"key":"SMITH"},{"data":"Footwork","floor":49,"key":"SMITH"}],"circlet_count":0,"master_deck":["Strike_G","Strike_G+1","Defend_G","Defend_G+1","Defend_G","Defend_G","Defend_G","Survivor","Neutralize+1","Deadly Poison+1","Impervious","Footwork+1","Flying Knee","Predator+1","Dagger Spray+1","Footwork+1","Burst+1","StuffTheSpire:Rapture","StuffTheSpire:Ambrosia+1","Adrenaline","Infinite Blades","Poisoned Stab+1","Dodge and Roll+1","Doppelganger+1","Catalyst+1","Backflip","Flechettes","Backflip","Bouncing Flask+1","PiercingWail+1","Escape Plan+1","Finesse","Bouncing Flask"],"relics":["Ring of the Snake","Thread and Needle","StuffTheSpire:HeavyRock","StuffTheSpire:Tea","StuffTheSpire:Expresso","Coffee Dripper","Eternal Feather","Orichalcum","The Courier","Philosopher\u0027s Stone","Snake Skull","Pen Nib","StuffTheSpire:MayFlowers","HornCleat","Meat on the Bone","Question Card","Tough Bandages","Incense Burner"],"acts_visited":["Exordium","TheCity","TheBeyond"],"potions_floor_usage":[50,50],"damage_taken":[{"damage":0.0,"enemies":"Small Slimes","floor":1.0,"turns":10.0},{"damage":0.0,"enemies":"Cultist","floor":3.0,"turns":4.0},{"damage":0.0,"enemies":"Jaw Worm","floor":5.0,"turns":4.0},{"damage":0.0,"enemies":"Lagavulin","floor":6.0,"turns":7.0},{"damage":0.0,"enemies":"Looter","floor":8.0,"turns":3.0},{"damage":0.0,"enemies":"Blue Slaver","floor":10.0,"turns":4.0},{"damage":0.0,"enemies":"3 Sentries","floor":14.0,"turns":5.0},{"damage":0.0,"enemies":"The Guardian","floor":16.0,"turns":11.0},{"damage":0.0,"enemies":"2 Thieves","floor":18.0,"turns":5.0},{"damage":0.0,"enemies":"Spheric Guardian","floor":19.0,"turns":5.0},{"damage":10.0,"enemies":"Slavers","floor":23.0,"turns":5.0},{"damage":0.0,"enemies":"Snecko","floor":28.0,"turns":4.0},{"damage":4.0,"enemies":"Centurion and Healer","floor":31.0,"turns":6.0},{"damage":8.0,"enemies":"Automaton","floor":33.0,"turns":10.0},{"damage":0.0,"enemies":"3 Shapes","floor":35.0,"turns":6.0},{"damage":0.0,"enemies":"Orb Walker","floor":36.0,"turns":4.0},{"damage":0.0,"enemies":"Maw","floor":39.0,"turns":5.0},{"damage":0.0,"enemies":"Giant Head","floor":40.0,"turns":7.0},{"damage":0.0,"enemies":"3 Darklings","floor":41.0,"turns":3.0},{"damage":12.0,"enemies":"Reptomancer","floor":42.0,"turns":5.0},{"damage":0.0,"enemies":"Nemesis","floor":45.0,"turns":7.0},{"damage":0,"enemies":"Reptomancer","floor":47,"turns":6},{"damage":23,"enemies":"Donu and Deca","floor":50,"turns":9}],"seed_played":"1131307706023431501","potions_obtained":[{"floor":0.0,"key":"GamblersBrew"},{"floor":0.0,"key":"SneckoOil"},{"floor":0.0,"key":"SneckoOil"},{"floor":3.0,"key":"CultistPotion"},{"floor":14.0,"key":"SkillPotion"},{"floor":23.0,"key":"BlessingOfTheForge"},{"floor":28.0,"key":"Strength Potion"},{"floor":33.0,"key":"Weak Potion"},{"floor":41.0,"key":"LiquidMemories"},{"floor":42.0,"key":"CunningPotion"},{"floor":45.0,"key":"SmokeBomb"},{"floor":47,"key":"Dexterity Potion"}],"is_trial":false,"path_per_floor":["M","?","M","?","M","E","R","M","T","M","R","$","?","E","R","B",null,"M","M","?","?","T","E","$","R","T","?","M","?","R","M","R","B",null,"M","M","$","?","M","E","M","E","T","R","E","$","E","?","R","B",null],"character_chosen":"THE_SILENT","items_purchased":["StuffTheSpire:Expresso","Infinite Blades","Snake Skull","Pen Nib","Backflip","Tough Bandages","Finesse"],"campfire_rested":0,"item_purchase_floors":[12,24,37,37,37,46,46],"current_hp_per_floor":[63,49,49,49,49,49,49,49,49,49,49,49,35,42,42,42,68,68,68,68,68,68,59,59,71,71,71,73,73,80,78,82,76,82,84,86,86,84,86,88,90,83,83,92,94,94,96,96,96,81],"gold":182,"neow_bonus":"THREE_SMALL_POTIONS","is_daily":false,"chose_seed":false,"campfire_upgraded":8,"win_rate":0.0,"timestamp":1613404611,"path_taken":["M","?","M","?","?","E","R","?","T","M","R","$","?","E","R","BOSS","M","M","?","?","?","E","?","R","T","?","M","?","R","?","R","BOSS","M","M","$","?","M","E","M","E","T","R","E","?","E","?","R","BOSS"],"items_purchased_type":["Relic","Card","Relic","Relic","Card","Relic","Card"],"build_version":"2020-12-22","purchased_purges":3,"victory":true,"max_hp_per_floor":[70,70,70,70,70,70,70,70,70,70,70,70,70,77,77,77,77,77,77,77,77,77,78,78,78,78,78,80,80,80,82,82,84,84,86,88,88,84,86,88,90,92,92,92,94,94,96,96,96,98],"card_choices":[{"not_picked":["Leg Sweep","StuffTheSpire:Python"],"picked":"Deadly Poison","floor":1.0},{"not_picked":["Riddle With Holes","Setup"],"picked":"Footwork","floor":3.0},{"not_picked":["Acrobatics","Eviscerate"],"picked":"Flying Knee","floor":5.0},{"not_picked":["Dagger Throw","StuffTheSpire:Repulse"],"picked":"Predator","floor":6.0},{"not_picked":["Cloak And Dagger","Accuracy","StuffTheSpire:ClusterCrunch"],"picked":"SKIP","floor":8.0},{"not_picked":["StuffTheSpire:Injection","Well Laid Plans"],"picked":"Dagger Spray","floor":10.0},{"not_picked":["Glass Knife","Skewer"],"picked":"Footwork","floor":14.0},{"not_picked":["After Image","Night Terror"],"picked":"Burst","floor":16.0},{"not_picked":["Acrobatics","Caltrops","Tactician"],"picked":"SKIP","floor":18.0},{"not_picked":["Slice","StuffTheSpire:Injection+1","StuffTheSpire:ReptileScales"],"picked":"SKIP","floor":19.0},{"not_picked":["StuffTheSpire:Brawn","StuffTheSpire:Harmony"],"picked":"StuffTheSpire:Rapture","floor":20.0},{"not_picked":["Noxious Fumes","Tactician"],"picked":"Adrenaline","floor":23.0},{"not_picked":["Choke","Quick Slash"],"picked":"Poisoned Stab+1","floor":28.0},{"not_picked":["StuffTheSpire:BumpUp","Accuracy"],"picked":"Dodge and Roll+1","floor":31.0},{"not_picked":["Glass Knife","Storm of Steel"],"picked":"Doppelganger","floor":33.0},{"not_picked":["Expertise","Underhanded Strike"],"picked":"Catalyst+1","floor":35.0},{"not_picked":["Flying Knee","Dagger Spray+1","StuffTheSpire:BumpUp"],"picked":"SKIP","floor":36.0},{"not_picked":["Flying Knee","Dagger Spray+1","StuffTheSpire:BumpUp"],"picked":"SKIP","floor":36.0},{"not_picked":["Glass Knife","Deflect+1"],"picked":"Flechettes","floor":39.0},{"not_picked":["Underhanded Strike+1","Sucker Punch"],"picked":"Backflip","floor":40.0},{"not_picked":["Endless Agony","Outmaneuver"],"picked":"Bouncing Flask+1","floor":41.0},{"not_picked":["Expertise","Cloak And Dagger+1"],"picked":"PiercingWail+1","floor":42.0},{"not_picked":["Quick Slash+1","Cloak And Dagger+1"],"picked":"Escape Plan+1","floor":45.0},{"not_picked":["Well Laid Plans+1","Sucker Punch+1","Calculated Gamble"],"picked":"Bouncing Flask","floor":47}],"player_experience":2285547,"relics_obtained":[{"floor":6.0,"key":"StuffTheSpire:HeavyRock"},{"floor":9.0,"key":"StuffTheSpire:Tea"},{"floor":14.0,"key":"Strawberry"},{"floor":22.0,"key":"Eternal Feather"},{"floor":23.0,"key":"Orichalcum"},{"floor":26.0,"key":"The Courier"},{"floor":40.0,"key":"StuffTheSpire:MayFlowers"},{"floor":42.0,"key":"HornCleat"},{"floor":43.0,"key":"Meat on the Bone"},{"floor":45.0,"key":"Question Card"},{"floor":47,"key":"Incense Burner"}],"event_choices":[{"damage_healed":0.0,"max_hp_gain":0.0,"max_hp_loss":0.0,"gold_gain":0.0,"event_name":"Upgrade Shrine","player_choice":"Upgraded","floor":4.0,"gold_loss":0.0,"damage_taken":0.0,"cards_upgraded":["Deadly Poison"]},{"damage_healed":49.0,"max_hp_gain":0.0,"max_hp_loss":70.0,"gold_gain":0.0,"event_name":"betterThird:BetterShining","player_choice":"Upgrade","floor":13.0,"gold_loss":0.0,"damage_taken":14.0,"cards_upgraded":["Defend_G","Strike_G"]},{"damage_healed":0.0,"max_hp_gain":0.0,"max_hp_loss":0.0,"gold_gain":200.0,"event_name":"Wheel of Change","player_choice":"Gold","floor":29.0,"gold_loss":0.0,"damage_taken":0.0},{"damage_healed":0.0,"max_hp_gain":0.0,"max_hp_loss":4.0,"gold_gain":0.0,"event_name":"Winding Halls","player_choice":"Max HP","floor":38.0,"gold_loss":0.0,"damage_taken":0.0},{"damage_healed":0,"gold_gain":100,"player_choice":"Pray","damage_taken":0,"max_hp_gain":0,"max_hp_loss":0,"event_name":"Golden Shrine","floor":48,"gold_loss":0}],"is_beta":false,"boss_relics":[{"not_picked":["Ring of the Serpent","SacredBark"],"picked":"Coffee Dripper"},{"not_picked":["StuffTheSpire:RunicHypercube","Black Star"],"picked":"Philosopher\u0027s Stone"}],"items_purged_floors":[12,37,46],"is_endless":false,"potions_floor_spawned":[3,14,23,28,33,41,42,45,47],"ascension_level":9}}