{"host":"6406jj8da6015sxr","time":1613418835,"event":{"mods":["AchievementEnabler","BaseMod","Colored Map","DeckTracker","Keyboard Shortcuts","Minty Spire (QoL Compilation)","Permanent Neow","SuperFastMode","everything is the same but u backflip on backflip"],"gold_per_floor":[119,0,0,17,17,48,58,91,91,122,140,140,140,155,155,255,255,270,11,11,29,45,45,71,87,112,127,77,104,104,136,136,236,286,301,301,3,13,63,63,90,108,108,108,141,91,41,71,71,71],"floor_reached":51,"language":"KOR","playtime":1551,"items_purged":["Strike_G","Strike_G","Strike_G","Strike_G"],"score":1108,"play_id":"5ffaa1fa-ef61-4a1a-be38-8abbc45fe12a","local_time":"20210216045355","is_ascension_mode":true,"campfire_choices":[{"data":"Prepared","floor":13.0,"key":"SMITH"},{"data":"Panache","floor":15.0,"key":"SMITH"},{"data":"Blade Dance","floor":23.0,"key":"SMITH"},{"data":"A Thousand Cuts","floor":32.0,"key":"SMITH"},{"data":"Adrenaline","floor":40.0,"key":"SMITH"},{"data":"Blade Dance","floor":49.0,"key":"SMITH"}],"circlet_count":0,"master_deck":["Defend_G","Defend_G","Defend_G+1","Defend_G","Defend_G","Survivor","Neutralize","Panache+1","Infinite Blades","Blade Dance+1","Backstab","Flying Knee","Prepared+1","Backflip","Slice","Blade Dance+1","Masterful Stab","A Thousand Cuts+1","Blur+1","Blade Dance+1","Accuracy+1","Blade Dance+1","Concentrate+1","Dodge and Roll","Adrenaline+1","PiercingWail+1","Blade Dance+1","Panacea","Backflip+1","Blur"],"relics":["Ring of the Snake","Mercury Hourglass","Smiling Mask","Meat on the Bone","Centennial Puzzle","WristBlade","Kunai","Anchor","Snake Skull","Blue Candle","Paper Crane","Akabeko","Tiny House","Juzu Bracelet","Thread and Needle","Lantern","Gremlin Horn","Orichalcum","Gambling Chip"],"acts_visited":["Exordium","TheCity","TheBeyond"],"potions_floor_usage":[50,50],"damage_taken":[{"damage":1.0,"enemies":"2 Louse","floor":1.0,"turns":3.0},{"damage":0.0,"enemies":"Cultist","floor":4.0,"turns":2.0},{"damage":13.0,"enemies":"Gremlin Nob","floor":6.0,"turns":3.0},{"damage":0.0,"enemies":"Jaw Worm","floor":7.0,"turns":1.0},{"damage":2.0,"enemies":"3 Sentries","floor":8.0,"turns":4.0},{"damage":20.0,"enemies":"Lagavulin","floor":10.0,"turns":4.0},{"damage":4.0,"enemies":"Red Slaver","floor":11.0,"turns":2.0},{"damage":9.0,"enemies":"Exordium Wildlife","floor":14.0,"turns":2.0},{"damage":20.0,"enemies":"Hexaghost","floor":16.0,"turns":6.0},{"damage":1.0,"enemies":"3 Byrds","floor":18.0,"turns":2.0},{"damage":0.0,"enemies":"Shell Parasite","floor":21.0,"turns":2.0},{"damage":0.0,"enemies":"Snake Plant","floor":22.0,"turns":2.0},{"damage":14.0,"enemies":"Book of Stabbing","floor":24.0,"turns":3.0},{"damage":0.0,"enemies":"Snecko","floor":25.0,"turns":3.0},{"damage":0.0,"enemies":"Shelled Parasite and Fungi","floor":27.0,"turns":1.0},{"damage":0.0,"enemies":"Slavers","floor":29.0,"turns":2.0},{"damage":10.0,"enemies":"Book of Stabbing","floor":31.0,"turns":3.0},{"damage":12.0,"enemies":"Automaton","floor":33.0,"turns":5.0},{"damage":0.0,"enemies":"3 Darklings","floor":35.0,"turns":1.0},{"damage":2.0,"enemies":"3 Shapes","floor":38.0,"turns":2.0},{"damage":0.0,"enemies":"Mind Bloom Boss Battle","floor":39.0,"turns":5.0},{"damage":0.0,"enemies":"Giant Head","floor":41.0,"turns":5.0},{"damage":0.0,"enemies":"Jaw Worm Horde","floor":42.0,"turns":2.0},{"damage":0.0,"enemies":"Nemesis","floor":45.0,"turns":3.0},{"damage":0.0,"enemies":"Giant Head","floor":48.0,"turns":2.0},{"damage":9,"enemies":"Donu and Deca","floor":50,"turns":3}],"seed_played":"5007431494707054320","potions_obtained":[{"floor":1.0,"key":"Poison Potion"},{"floor":4.0,"key":"Explosive Potion"},{"floor":10.0,"key":"Swift Potion"},{"floor":11.0,"key":"CultistPotion"},{"floor":12.0,"key":"SteroidPotion"},{"floor":12.0,"key":"BlessingOfTheForge"},{"floor":21.0,"key":"Fire Potion"},{"floor":25.0,"key":"Regen Potion"},{"floor":27.0,"key":"LiquidMemories"},{"floor":29.0,"key":"AttackPotion"},{"floor":33.0,"key":"FairyPotion"},{"floor":39.0,"key":"FairyPotion"},{"floor":41.0,"key":"Strength Potion"},{"floor":48.0,"key":"SteroidPotion"}],"is_trial":false,"path_per_floor":["M","$","?","M","$","E","M","E","T","E","M","?","R","M","R","B",null,"M","$","?","M","M","R","E","M","T","M","$","E","T","E","R","B",null,"M","?","$","M","?","R","E","M","T","?","E","$","$","E","R","B",null],"character_chosen":"THE_SILENT","items_purchased":["Blade Dance","Backstab","Kunai","Panacea","Juzu Bracelet"],"campfire_rested":0,"item_purchase_floors":[2,2,19,37,37],"current_hp_per_floor":[62,62,62,62,62,49,49,47,47,39,35,35,35,38,38,30,63,62,62,62,62,62,62,48,48,48,48,48,48,48,38,38,38,68,68,68,68,66,66,66,66,66,66,66,66,66,66,66,66,57],"gold":71,"neow_bonus":"RANDOM_COLORLESS_2","is_daily":false,"chose_seed":false,"campfire_upgraded":6,"win_rate":0.0,"timestamp":1613418835,"path_taken":["M","$","?","M","?","E","M","E","T","E","M","?","R","M","R","BOSS","M","$","?","M","M","R","E","M","T","M","$","E","?","E","R","BOSS","M","?","$","M","?","R","E","M","T","?","E","?","$","E","R","BOSS"],"items_purchased_type":["Card","Card","Relic","Card","Relic"],"build_version":"2020-12-22","purchased_purges":4,"victory":true,"max_hp_per_floor":[63,63,63,63,63,63,63,63,63,63,63,63,63,63,63,63,63,63,63,63,63,63,63,63,63,63,63,63,63,63,63,63,63,68,68,68,68,68,68,68,68,68,68,68,68,68,68,68,68,68],"card_choices":[{"not_picked":["Sadistic Nature","Chrysalis"],"picked":"Panache","floor":0.0},{"not_picked":["Acrobatics","Choke"],"picked":"Infinite Blades","floor":1.0},{"not_picked":["Poisoned Stab","Acrobatics"],"picked":"Flying Knee","floor":4.0},{"not_picked":["Poisoned Stab","Tools of the Trade"],"picked":"Prepared","floor":6.0},{"not_picked":["Sucker Punch","Acrobatics"],"picked":"Backflip","floor":7.0},{"not_picked":["Bane","Catalyst"],"picked":"Slice","floor":8.0},{"not_picked":["Catalyst","Deflect"],"picked":"Blade Dance","floor":10.0},{"not_picked":["All Out Attack","Concentrate","Deadly Poison"],"picked":"SKIP","floor":11.0},{"not_picked":["Catalyst","PiercingWail"],"picked":"Masterful Stab","floor":14.0},{"not_picked":["Tools of the Trade","Doppelganger"],"picked":"A Thousand Cuts","floor":16.0},{"not_picked":["Catalyst+1","Dagger Throw","Skewer"],"picked":"SKIP","floor":18.0},{"not_picked":["Dagger Spray","Flying Knee+1"],"picked":"Blur+1","floor":21.0},{"not_picked":["Backflip+1","Finisher+1"],"picked":"Blade Dance","floor":22.0},{"not_picked":["Terror","A Thousand Cuts"],"picked":"Accuracy+1","floor":24.0},{"not_picked":["Choke","Heel Hook","Sucker Punch"],"picked":"SKIP","floor":25.0},{"not_picked":["Quick Slash","Infinite Blades"],"picked":"Blade Dance+1","floor":27.0},{"not_picked":["Dodge and Roll+1","Bane"],"picked":"Concentrate+1","floor":29.0},{"not_picked":["Acrobatics","Choke"],"picked":"Dodge and Roll","floor":31.0},{"not_picked":["A Thousand Cuts","Burst"],"picked":"Adrenaline","floor":33.0},{"not_picked":["Poisoned Stab","Caltrops"],"picked":"PiercingWail+1","floor":34.0},{"not_picked":["Bane","Quick Slash"],"picked":"Blade Dance+1","floor":35.0},{"not_picked":["Backstab+1","Poisoned Stab+1","Bane+1"],"picked":"SKIP","floor":38.0},{"not_picked":["Flying Knee+1","Deflect+1","Glass Knife"],"picked":"SKIP","floor":41.0},{"not_picked":["Flying Knee+1","Deflect+1","Glass Knife"],"picked":"SKIP","floor":41.0},{"not_picked":["Poisoned Stab","Leg Sweep","Dagger Spray"],"picked":"SKIP","floor":42.0},{"not_picked":["PiercingWail","Noxious Fumes"],"picked":"Backflip+1","floor":45.0},{"not_picked":["Poisoned Stab+1","Sucker Punch"],"picked":"Blur","floor":48.0}],"player_experience":12341,"relics_obtained":[{"floor":6.0,"key":"Mercury Hourglass"},{"floor":8.0,"key":"Smiling Mask"},{"floor":9.0,"key":"Meat on the Bone"},{"floor":10.0,"key":"Centennial Puzzle"},{"floor":24.0,"key":"Anchor"},{"floor":26.0,"key":"Snake Skull"},{"floor":29.0,"key":"Blue Candle"},{"floor":30.0,"key":"Paper Crane"},{"floor":31.0,"key":"Akabeko"},{"floor":39.0,"key":"Thread and Needle"},{"floor":41.0,"key":"Lantern"},{"floor":43.0,"key":"Gremlin Horn"},{"floor":45.0,"key":"Orichalcum"},{"floor":48.0,"key":"Gambling Chip"}],"event_choices":[{"damage_healed":0.0,"max_hp_gain":0.0,"max_hp_loss":0.0,"gold_gain":0.0,"event_name":"Accursed Blacksmith","player_choice":"Forge","floor":3.0,"gold_loss":0.0,"damage_taken":0.0,"cards_upgraded":["Blade Dance"]},{"damage_healed":0.0,"max_hp_gain":0.0,"max_hp_loss":0.0,"gold_gain":0.0,"event_name":"Lab","player_choice":"Got Potions","floor":12.0,"gold_loss":0.0,"damage_taken":0.0},{"cards_removed":["Strike_G"],"damage_healed":0.0,"max_hp_gain":0.0,"max_hp_loss":0.0,"gold_gain":0.0,"event_name":"Bonfire Elementals","player_choice":"Offered Basic","floor":36.0,"gold_loss":0.0,"damage_taken":0.0},{"damage_healed":0.0,"max_hp_gain":0.0,"max_hp_loss":0.0,"gold_gain":0.0,"event_name":"MindBloom","player_choice":"Fight","floor":39.0,"gold_loss":0.0,"damage_taken":0.0},{"damage_healed":0.0,"max_hp_gain":0.0,"max_hp_loss":0.0,"gold_gain":0.0,"event_name":"Tomb of Lord Red Mask","player_choice":"Ignored","floor":44.0,"gold_loss":0.0,"damage_taken":0.0}],"is_beta":false,"boss_relics":[{"not_picked":["Philosopher\u0027s Stone","Ring of the Serpent"],"picked":"WristBlade"},{"not_picked":["SacredBark","Pandora\u0027s Box"],"picked":"Tiny House"}],"items_purged_floors":[28,37,46,47],"is_endless":false,"potions_floor_spawned":[1,4,10,11,21,25,27,29,33,39,41,48],"ascension_level":4}}