{"host":"sp1f3sybb350mzsh","time":1613373548,"event":{"mods":["AchievementEnabler","BaseMod","Bestiary","Colored Map","Colored Powertips","Filter the Spire","Minty Spire (QoL Compilation)","Puzzle Mod","Relic Stats","StSLib"],"gold_per_floor":[117,117,128,53,70,105,105,119,146,176,242,242,23,40,40,137,137,149,178,103,122,136,170,170,185,185,213,224,295,295,329,329,425,425,445,475,475,492,542,542,575,575,575,594,653,287,302,302,302,302,302],"floor_reached":50,"language":"ENG","playtime":3037,"items_purged":[],"score":592,"play_id":"6253936d-0954-47ad-8dce-00c5a9e97be4","local_time":"20210215011908","is_ascension_mode":false,"campfire_choices":[{"data":"White Noise","floor":12,"key":"SMITH"},{"data":"Sunder","floor":15,"key":"SMITH"},{"data":"Genetic Algorithm","floor":24,"key":"SMITH"},{"data":"Echo Form","floor":30,"key":"SMITH"},{"data":"Capacitor","floor":32,"key":"SMITH"},{"data":"Zap","floor":40,"key":"SMITH"},{"data":"Electrodynamics","floor":42,"key":"SMITH"},{"floor":49,"key":"RECALL"}],"circlet_count":0,"master_deck":["Zap+1","Dualcast","Chill","Hologram","Reinforced Body","Lockon","Hello World+1","Capacitor+1","Reinforced Body","Rip and Tear","Ball Lightning+1","White Noise+1","Barrage","Genetic Algorithm+1","Sunder+1","Steam Power","Echo Form+1","Barrage+1","Ball Lightning+1","Beam Cell+1","Ball Lightning+1","Rip and Tear+1","Stack","Amplify","Redo+1","Ball Lightning+1","Stack+1","Electrodynamics+1","Defragment+1","Coolheaded+1","Lockon+1","BootSequence","Biased Cognition"],"relics":["Pandora\u0027s Box","PreservedInsect","Bag of Preparation","Happy Flower","Toolbox","Sozu","Red Mask","Orichalcum","Molten Egg 2","White Beast Statue","Bottled Tornado","Blood Vial","Runic Pyramid","Turnip","Nunchaku","Toxic Egg 2"],"acts_visited":["Exordium","TheCity","TheBeyond"],"potions_floor_usage":[19,50,50],"damage_taken":[{"damage":0,"enemies":"Small Slimes","floor":1,"turns":5},{"damage":5,"enemies":"2 Louse","floor":3,"turns":4},{"damage":0,"enemies":"Jaw Worm","floor":5,"turns":3},{"damage":5,"enemies":"3 Sentries","floor":6,"turns":8},{"damage":6,"enemies":"3 Louse","floor":8,"turns":4},{"damage":7,"enemies":"Gremlin Nob","floor":10,"turns":3},{"damage":0,"enemies":"Exordium Wildlife","floor":14,"turns":5},{"damage":18,"enemies":"The Guardian","floor":16,"turns":10},{"damage":7,"enemies":"Shell Parasite","floor":18,"turns":5},{"damage":15,"enemies":"Masked Bandits","floor":19,"turns":6},{"damage":0,"enemies":"2 Thieves","floor":21,"turns":3},{"damage":0,"enemies":"Snecko","floor":22,"turns":4},{"damage":1,"enemies":"Book of Stabbing","floor":23,"turns":4},{"damage":0,"enemies":"Snake Plant","floor":25,"turns":4},{"damage":0,"enemies":"Gremlin Leader","floor":27,"turns":5},{"damage":0,"enemies":"3 Cultists","floor":28,"turns":4},{"damage":2,"enemies":"Slavers","floor":31,"turns":3},{"damage":2,"enemies":"Champ","floor":33,"turns":8},{"damage":1,"enemies":"Orb Walker","floor":35,"turns":2},{"damage":0,"enemies":"3 Shapes","floor":36,"turns":4},{"damage":4,"enemies":"Transient","floor":38,"turns":5},{"damage":0,"enemies":"Mind Bloom Boss Battle","floor":39,"turns":3},{"damage":9,"enemies":"Nemesis","floor":41,"turns":5},{"damage":4,"enemies":"3 Darklings","floor":44,"turns":3},{"damage":0,"enemies":"4 Shapes","floor":45,"turns":4},{"damage":0,"enemies":"Jaw Worm Horde","floor":47,"turns":3},{"damage":96,"enemies":"Awakened One","floor":50,"turns":7}],"seed_played":"-8969923609684563614","potions_obtained":[{"floor":3,"key":"ColorlessPotion"},{"floor":10,"key":"AttackPotion"}],"is_trial":false,"path_per_floor":["M","?","M","$","M","E","?","M","T","E","?","R","$","M","R","B",null,"M","?","?","M","M","E","R","M","T","E","M","T","R","E","R","B",null,"M","M","?","M","?","R","E","R","T","M","M","$","M","?","R","B"],"character_chosen":"DEFECT","items_purchased":["Ball Lightning","BlessingOfTheForge","Sunder","Toolbox","Lockon+1","BootSequence","Toxic Egg 2"],"campfire_rested":0,"item_purchase_floors":[4,4,13,13,46,46,46],"current_hp_per_floor":[75,80,75,75,75,70,54,48,48,41,41,41,41,41,41,23,80,73,58,58,58,58,57,57,57,57,57,57,57,57,55,55,55,80,79,80,80,76,78,78,71,71,71,69,71,71,73,73,73,0,0],"gold":302,"neow_bonus":"BOSS_RELIC","is_daily":false,"chose_seed":false,"campfire_upgraded":7,"win_rate":0.0,"timestamp":1613373548,"path_taken":["M","?","M","$","M","E","?","M","T","E","?","R","?","M","R","BOSS","M","?","?","M","M","E","R","M","T","E","M","?","R","E","R","BOSS","M","M","?","M","?","R","E","R","T","M","M","$","M","?","R","BOSS"],"items_purchased_type":["Card","Potion","Card","Relic","Card","Card","Relic"],"build_version":"2020-12-22","purchased_purges":0,"victory":false,"max_hp_per_floor":[75,80,80,80,80,80,80,80,80,80,80,80,80,80,80,80,80,80,80,80,80,80,80,80,80,80,80,80,80,80,80,80,80,80,80,80,80,80,80,80,80,80,80,80,80,80,80,80,80,80,80],"relic_stats":{"Sozu":15,"Blood Vial":15,"Nunchaku":[3],"Happy Flower":[32],"counters":[27,124],"Pandora\u0027s Box":["Chill","Hologram","Scrape","Reinforced Body","Lockon","Hello World","Capacitor","Reinforced Body"],"PreservedInsect":193,"Turnip":[0],"Bag of Preparation":[44],"Orichalcum":[132],"obtain_stats":[{"Happy Flower":10,"PreservedInsect":6,"Bag of Preparation":9,"Orichalcum":23,"Bottled Tornado":29,"White Beast Statue":27,"Sozu":17,"Blood Vial":31,"Nunchaku":41,"Toolbox":13,"Pandora\u0027s Box":0,"Molten Egg 2":26,"Turnip":39,"Red Mask":19,"Toxic Egg 2":46,"Cracked Core":0,"Runic Pyramid":34},{"Happy Flower":6,"PreservedInsect":4,"Bag of Preparation":5,"Orichalcum":13,"Bottled Tornado":16,"White Beast Statue":15,"Sozu":8,"Blood Vial":17,"Nunchaku":23,"Toolbox":6,"Pandora\u0027s Box":0,"Molten Egg 2":14,"Turnip":22,"Red Mask":10,"Toxic Egg 2":25,"Cracked Core":0,"Runic Pyramid":18},{"Happy Flower":27,"PreservedInsect":20,"Bag of Preparation":24,"Orichalcum":64,"Bottled Tornado":77,"White Beast Statue":73,"Sozu":42,"Blood Vial":80,"Nunchaku":107,"Toolbox":27,"Pandora\u0027s Box":0,"Molten Egg 2":68,"Turnip":102,"Red Mask":53,"Toxic Egg 2":114,"Cracked Core":0,"Runic Pyramid":88}]},"card_choices":[{"not_picked":["Heatsinks","Chaos"],"picked":"Cold Snap","floor":1},{"not_picked":["Darkness","Cold Snap"],"picked":"Rip and Tear","floor":3},{"not_picked":["Static Discharge","Stack"],"picked":"White Noise","floor":5},{"not_picked":["Ball Lightning","Self Repair"],"picked":"Barrage","floor":6},{"not_picked":["Aggregate","Blizzard","Turbo"],"picked":"SKIP","floor":8},{"not_picked":["Consume","Static Discharge"],"picked":"Genetic Algorithm","floor":10},{"not_picked":["Consume","Self Repair"],"picked":"Steam Power","floor":14},{"not_picked":["Core Surge","Meteor Strike"],"picked":"Echo Form","floor":16},{"not_picked":["Ball Lightning","Gash","Leap"],"picked":"SKIP","floor":18},{"not_picked":["Streamline","Ball Lightning+1"],"picked":"Barrage+1","floor":21},{"not_picked":["Barrage+1","Redo","Darkness+1"],"picked":"SKIP","floor":22},{"not_picked":["Storm","Rebound+1"],"picked":"Ball Lightning+1","floor":23},{"not_picked":["Rainbow","Static Discharge"],"picked":"Beam Cell+1","floor":25},{"not_picked":["Rip and Tear+1","Scrape+1"],"picked":"Ball Lightning+1","floor":27},{"not_picked":["Rebound+1","Reinforced Body"],"picked":"Rip and Tear+1","floor":28},{"not_picked":["Rebound+1","Leap"],"picked":"Stack","floor":31},{"not_picked":["Thunder Strike+1","Meteor Strike+1"],"picked":"Amplify","floor":33},{"not_picked":["Stack","Heatsinks+1"],"picked":"Redo+1","floor":35},{"not_picked":["Hello World+1","Ball Lightning+1","Lockon+1"],"picked":"SKIP","floor":36},{"not_picked":["Self Repair+1","Streamline+1"],"picked":"Ball Lightning+1","floor":38},{"not_picked":["Conserve Battery+1","Hologram"],"picked":"Stack+1","floor":39},{"not_picked":["Cold Snap+1","Gash+1"],"picked":"Electrodynamics","floor":41},{"not_picked":["Ball Lightning+1","Hologram+1"],"picked":"Defragment+1","floor":44},{"not_picked":["Cold Snap+1","Streamline+1"],"picked":"Coolheaded+1","floor":45},{"not_picked":["Undo+1","Cold Snap+1"],"picked":"Biased Cognition","floor":47}],"player_experience":174726,"relics_obtained":[{"floor":6,"key":"PreservedInsect"},{"floor":9,"key":"Bag of Preparation"},{"floor":10,"key":"Happy Flower"},{"floor":19,"key":"Red Mask"},{"floor":23,"key":"Orichalcum"},{"floor":26,"key":"Molten Egg 2"},{"floor":27,"key":"White Beast Statue"},{"floor":29,"key":"Bottled Tornado"},{"floor":31,"key":"Blood Vial"},{"floor":39,"key":"Turnip"},{"floor":41,"key":"Nunchaku"}],"event_choices":[{"damage_healed":0,"gold_gain":0,"player_choice":"Donut","damage_taken":0,"max_hp_gain":5,"max_hp_loss":0,"event_name":"Big Fish","floor":2,"gold_loss":0},{"damage_healed":0,"gold_gain":0,"player_choice":"Entered Light","damage_taken":16,"max_hp_gain":0,"max_hp_loss":0,"event_name":"Shining Light","floor":7,"gold_loss":0,"cards_upgraded":["Hello World","Ball Lightning"]},{"damage_healed":0,"gold_gain":66,"player_choice":"Gained Gold","damage_taken":0,"max_hp_gain":0,"max_hp_loss":0,"event_name":"Golden Wing","floor":11,"gold_loss":0},{"damage_healed":0,"gold_gain":0,"player_choice":"Fought Bandits","damage_taken":0,"max_hp_gain":0,"max_hp_loss":0,"event_name":"Masked Bandits","floor":19,"gold_loss":0},{"cards_removed":["Scrape"],"damage_healed":0,"gold_gain":0,"player_choice":"Gave Gold","damage_taken":0,"max_hp_gain":0,"max_hp_loss":0,"event_name":"Beggar","floor":20,"gold_loss":75},{"cards_removed":["Cold Snap"],"damage_healed":0,"gold_gain":0,"player_choice":"Removed Attack","damage_taken":0,"max_hp_gain":0,"max_hp_loss":0,"event_name":"Falling","floor":37,"gold_loss":0},{"damage_healed":0,"gold_gain":0,"player_choice":"Fight","damage_taken":0,"max_hp_gain":0,"max_hp_loss":0,"event_name":"MindBloom","floor":39,"gold_loss":0},{"damage_healed":0,"gold_gain":0,"player_choice":"Ignored","damage_taken":0,"max_hp_gain":0,"max_hp_loss":0,"event_name":"NoteForYourself","floor":48,"gold_loss":0}],"is_beta":false,"boss_relics":[{"not_picked":["Inserter","Nuclear Battery"],"picked":"Sozu"},{"not_picked":["Cursed Key","Runic Dome"],"picked":"Runic Pyramid"}],"items_purged_floors":[],"is_endless":false,"potions_floor_spawned":[3,10,14,16,18,22,23,27,28,31,33,35,36,38,39,41,44,45,47],"killed_by":"Awakened One","ascension_level":0}}