{"host":"1ooxfz79hmpvpehx","time":1613426642,"event":{"mods":["BaseMod","Better Altar","Better Match","Better Note","Better Sensory Stone","Better Skull","Better Third Choice","Infinite Spire","Marked Mod","Minty Spire (QoL Compilation)","Quick Restart","RNG Fix","Replay The Spire","StSLib","SuperFastMode"],"gold_per_floor":[109,121,137,137,88,88,101,101,125,151,30,50,50,50,50,50,50],"floor_reached":16,"language":"ENG","playtime":374,"items_purged":["Regret"],"score":105,"play_id":"1a64d54e-82c8-4df7-8710-d452d111360d","local_time":"20210215190402","is_ascension_mode":true,"campfire_choices":[{"data":"Zap","floor":6,"key":"SMITH"},{"floor":8,"key":"REST"},{"data":"Hologram","floor":13,"key":"SMITH"}],"circlet_count":0,"master_deck":["Strike_B","Strike_B","Strike_B","Strike_B","Defend_B","Defend_B","Defend_B","Defend_B","Zap+1","Dualcast","Doubt","Recycle","Redo+1","Heatsinks+1","Hologram+1","Adrenaline+1"],"relics":["Cracked Core","Incense Burner","Replay:WaspNest","betterThird:SlimedRelic","DataDisk","MawBank","Tiny Chest"],"acts_visited":["Exordium"],"potions_floor_usage":[2,10],"damage_taken":[{"damage":0,"enemies":"2 Louse","floor":1,"turns":2},{"damage":6,"enemies":"Jaw Worm","floor":2,"turns":3},{"damage":1,"enemies":"Cultist","floor":3,"turns":4},{"damage":5,"enemies":"3 Louse","floor":7,"turns":3},{"damage":22,"enemies":"Gremlin Nob","floor":10,"turns":4},{"damage":0,"enemies":"Red Slaver","floor":12,"turns":3},{"damage":80,"enemies":"Fading Forest","floor":16,"turns":7}],"seed_played":"-8894966672380437181","potions_obtained":[{"floor":1,"key":"Languid Potion"},{"floor":7,"key":"Block Potion"}],"is_trial":false,"path_per_floor":["M","M","M","?","?","R","M","R","T","E","$","M","R","?","R","B"],"character_chosen":"DEFECT","items_purchased":["Heatsinks+1"],"campfire_rested":1,"item_purchase_floors":[11],"current_hp_per_floor":[75,69,68,68,57,57,52,74,74,52,52,52,52,47,69,0,0],"gold":50,"neow_bonus":"ONE_RARE_RELIC","is_daily":false,"chose_seed":false,"campfire_upgraded":2,"win_rate":0.0,"timestamp":1613426642,"path_taken":["M","M","M","?","?","R","M","R","T","E","$","?","R","?","R","BOSS"],"items_purchased_type":["Card"],"build_version":"2020-12-22","purchased_purges":1,"victory":false,"max_hp_per_floor":[75,75,75,75,75,75,75,75,75,75,75,75,75,75,75,75,75],"card_choices":[{"not_picked":["ReplaySolidLightProjector","Beam Cell","Panic Button"],"picked":"SKIP","floor":1},{"not_picked":["Reinforced Body","Barrage","Panic Button"],"picked":"SKIP","floor":2},{"not_picked":["Compile Driver","Blizzard","ReplaySort"],"picked":"SKIP","floor":3},{"not_picked":["Ball Lightning","Skim"],"picked":"Recycle","floor":7},{"not_picked":["Static Discharge","Steam"],"picked":"Redo","floor":10},{"not_picked":["White Noise","ReplaySort"],"picked":"Hologram","floor":12}],"player_experience":31007,"relics_obtained":[{"floor":9,"key":"DataDisk"},{"floor":10,"key":"MawBank"}],"event_choices":[{"damage_healed":0,"gold_gain":0,"player_choice":"Box","damage_taken":0,"relics_obtained":["Replay:WaspNest"],"max_hp_gain":0,"max_hp_loss":0,"event_name":"Big Fish","floor":4,"gold_loss":0,"cards_obtained":["Regret"]},{"damage_healed":0,"gold_gain":0,"player_choice":"Slimed","damage_taken":11,"max_hp_gain":0,"max_hp_loss":0,"event_name":"betterThird:BetterGoop","floor":5,"gold_loss":49}],"is_beta":false,"boss_relics":[],"items_purged_floors":[11],"is_endless":false,"potions_floor_spawned":[1,7],"killed_by":"Fading Forest","ascension_level":1}}