{"host":"j2zti408atcvju3x","time":1613398213,"event":{"mods":["BaseMod","Minty Spire (QoL Compilation)","Quick Restart","StSLib"],"gold_per_floor":[115,40,58,7,25,25,25,25,25,25,42,42,42,55,55,55,55],"floor_reached":16,"language":"ZHS","playtime":677,"items_purged":["Strike_G"],"score":90,"play_id":"9b1c2d1b-a313-4209-b1fc-97f7f657063b","local_time":"20210215221013","is_ascension_mode":false,"campfire_choices":[{"data":"Deadly Poison","floor":6,"key":"SMITH"},{"data":"Outmaneuver","floor":8,"key":"SMITH"},{"data":"Neutralize","floor":10,"key":"SMITH"},{"floor":15,"key":"REST"}],"circlet_count":0,"master_deck":["Strike_G","Strike_G","Strike_G","Strike_G","Defend_G","Defend_G","Defend_G","Defend_G","Defend_G","Survivor","Neutralize+1","Outmaneuver+1","Deadly Poison+1"],"relics":["Ring of the Snake","Frozen Egg 2","Golden Idol"],"acts_visited":["Exordium"],"potions_floor_usage":[16,16],"damage_taken":[{"damage":1,"enemies":"Small Slimes","floor":1,"turns":4},{"damage":3,"enemies":"2 Louse","floor":3,"turns":4},{"damage":0,"enemies":"Jaw Worm","floor":5,"turns":4},{"damage":3,"enemies":"Exordium Thugs","floor":11,"turns":6},{"damage":12,"enemies":"Lots of Slimes","floor":14,"turns":6},{"damage":79,"enemies":"Slime Boss","floor":16,"turns":14}],"seed_played":"80321837809582360","potions_obtained":[{"floor":5,"key":"SkillPotion"},{"floor":11,"key":"BlessingOfTheForge"}],"is_trial":false,"path_per_floor":["M","$","M","$","M","R","?","R","T","R","M","?","?","M","R","B"],"character_chosen":"THE_SILENT","items_purchased":["Outmaneuver"],"campfire_rested":1,"item_purchase_floors":[4],"current_hp_per_floor":[76,76,73,73,73,73,78,78,78,78,75,75,75,63,76,0,0],"gold":55,"neow_bonus":"TEN_PERCENT_HP_BONUS","is_daily":false,"chose_seed":false,"campfire_upgraded":3,"win_rate":0.0,"timestamp":1613398213,"path_taken":["M","$","M","$","M","R","?","R","T","R","M","?","?","M","R","BOSS"],"items_purchased_type":["Card"],"build_version":"2020-12-22","purchased_purges":1,"victory":false,"max_hp_per_floor":[77,77,77,77,77,77,82,82,82,82,82,82,76,76,76,76,76],"card_choices":[{"not_picked":["Dodge and Roll","Skewer","Dagger Spray"],"picked":"SKIP","floor":1},{"not_picked":["Calculated Gamble","Reflex","PiercingWail"],"picked":"SKIP","floor":3},{"not_picked":["Deflect","Poisoned Stab"],"picked":"Deadly Poison","floor":5},{"not_picked":["Blur","Choke","Footwork+1"],"picked":"SKIP","floor":11},{"not_picked":["Dagger Throw","Backflip","Terror"],"picked":"SKIP","floor":14}],"player_experience":5796,"relics_obtained":[{"floor":9,"key":"Frozen Egg 2"}],"event_choices":[{"damage_healed":0,"gold_gain":0,"player_choice":"Donut","damage_taken":0,"max_hp_gain":5,"max_hp_loss":0,"event_name":"Big Fish","floor":7,"gold_loss":0},{"damage_healed":0,"gold_gain":0,"player_choice":"Leave","damage_taken":0,"max_hp_gain":0,"max_hp_loss":0,"event_name":"The Cleric","floor":12,"gold_loss":0},{"damage_healed":0,"gold_gain":0,"player_choice":"Lose Max HP","damage_taken":0,"relics_obtained":["Golden Idol"],"max_hp_gain":0,"max_hp_loss":6,"event_name":"Golden Idol","floor":13,"gold_loss":0}],"is_beta":false,"boss_relics":[],"items_purged_floors":[2],"is_endless":false,"potions_floor_spawned":[5,11],"killed_by":"Slime Boss","ascension_level":0}}