{"host":"ox77rn1xcurm2t5a","time":1613423578,"event":{"mods":["2.2 Compatiblity","AchievementEnabler","Act Like it!","Aspiration","BaseMod","Best Route Mod","Better Match","Better Note","Better Sensory Stone","Block Reminder","Colored Map","Colored Powertips","Conjunction","Conspire","Custom Start","Energized Spire","GifTheSpireLib","Gold Saver","Gremlin Skip","Halation","Highlight Path","Hubris","Infinite Spire","Minty Spire (QoL Compilation)","Pale of the Ancients","Quick Restart","Replay The Spire","Reworked Bosses","ShortenTheSpire","Spire Exporter","StSLib","Stuff the Spire","Wandering Minibosses"],"gold_per_floor":[609,609,609,629,623,623,647,647,647,642,642],"floor_reached":10,"language":"ENG","playtime":253,"items_purged":[],"score":79,"play_id":"9ea4f51e-4b34-4c9c-a6f2-190d103455a7","local_time":"20210215231258","is_ascension_mode":true,"campfire_choices":[{"floor":6,"key":"RECALL"},{"data":"Bash","floor":8,"key":"SMITH"}],"circlet_count":0,"master_deck":["Strike_R","Strike_R","Strike_R","Strike_R","Strike_R","Defend_R","Defend_R","Defend_R","Defend_R","Bash+1","Clash"],"relics":["Burning Blood","Girya"],"acts_visited":["Exordium"],"potions_floor_usage":[10],"damage_taken":[{"damage":4,"enemies":"2 Louse","floor":1,"turns":3},{"damage":7,"enemies":"Jaw Worm","floor":4,"turns":2},{"damage":6,"enemies":"Cultist","floor":5,"turns":6},{"damage":57,"enemies":"Lagavulin","floor":7,"turns":8},{"damage":56,"enemies":"Gremlin Nob","floor":10,"turns":4}],"seed_played":"-946707922264565462","potions_obtained":[{"floor":1,"key":"Cursed Concoction"}],"is_trial":false,"path_per_floor":["M","?","?","M","M","R","E","R","T","E"],"character_chosen":"IRONCLAD","items_purchased":[],"campfire_rested":0,"item_purchase_floors":[],"current_hp_per_floor":[85,85,85,84,84,84,33,33,33,0,0],"gold":642,"neow_bonus":"RANDOM_EVENT","is_daily":false,"chose_seed":false,"campfire_upgraded":1,"win_rate":0.0,"timestamp":1613423578,"path_taken":["M","?","?","M","?","R","E","R","T","E"],"items_purchased_type":[],"build_version":"2020-12-22","purchased_purges":0,"victory":false,"max_hp_per_floor":[85,85,85,85,85,85,85,85,85,85,85],"card_choices":[{"not_picked":["Thunderclap","Dropkick"],"picked":"Clash","floor":1},{"not_picked":["StuffTheSpire:Incineration","Heavy Blade","Entrench"],"picked":"SKIP","floor":4},{"not_picked":["Havoc","Clothesline","Reaper"],"picked":"SKIP","floor":5},{"not_picked":["Anger","Heavy Blade","Searing Blow"],"picked":"SKIP","floor":7}],"player_experience":3106248,"relics_obtained":[{"floor":7,"key":"Girya"}],"event_choices":[{"damage_healed":0.0,"max_hp_gain":5.0,"max_hp_loss":0.0,"gold_gain":0.0,"event_name":"Big Fish","player_choice":"Donut","floor":0.0,"gold_loss":0.0,"damage_taken":0.0},{"damage_healed":0,"gold_gain":0,"player_choice":"Leave","damage_taken":0,"max_hp_gain":0,"max_hp_loss":0,"event_name":"FaceTrader","floor":3,"gold_loss":0}],"is_beta":false,"boss_relics":[],"items_purged_floors":[],"is_endless":false,"potions_floor_spawned":[1],"killed_by":"Gremlin Nob","ascension_level":4}}