{"host":"sl5hpy1jvdbpn5jq","time":1613355489,"event":{"mods":["Act Like it!","Ascension Reborn","BaseMod","Better Skull","Downfall","Elementarium","GifTheSpireLib","Halation","Hubris","Minty Spire (QoL Compilation)","Permanent Neow","Replay The Spire","Shop Mod","Spicy Shops","StSLib","The Jungle"],"gold_per_floor":[99,99,99,99,99,204,204,291,396,489,540,352,469,466,520,826,838,850,898,961,833,833,429,482,581,686,695,336,254,254,356,404,698,698,698,758,758,758,788,788,836,929,1031,1130,1175,847,847,943,973,973,973,1063,606,606,626,651],"floor_reached":57,"language":"ENG","playtime":2770,"items_purged":["Writhe"],"score":1608,"play_id":"9c5cf4c3-fe8a-4a21-b3d2-9a0973378b12","local_time":"20210214201809","daily_mods":["Vintage","Heirloom","Time Dilation","Flight","downfall:Jewelcrafting","downfall:ChampStances","Elite Swarm","Lethality","Midas"],"is_ascension_mode":true,"campfire_choices":[{"floor":1,"key":"RECALL"},{"floor":35,"key":"DIG"},{"floor":47,"key":"REST"},{"floor":54,"key":"REST"}],"circlet_count":0,"master_deck":["champ:Strike","champ:Strike","champ:Defend","champ:Defend","champ:Defend","champ:Defend","champ:Execute+1","champ:Taunt+1","Guardian:ExploitGems","Guardian:ExploitGems+1","champ:CheapShot","champ:LastStand","champ:MurderStrike+1","champ:IgnorePain","hubris:DuctTapeCard","champ:UltimateStance","champ:EnragedBash+1","champ:GladiatorForm","champ:EndlessRage","champ:RapidStrikes","champ:ArenaPreparation","champ:VampiricStrike","champ:AdrenalArmor","champ:HeartStrike","Guardian:Gem_Orange","champ:Improvising","champ:StrikeOfGenius","champ:Improvising","champ:GladiatorForm","champ:AdrenalArmor"],"relics":["champ:ChampionCrown","Guardian:PickAxe","champ:ChampStancesModRelic","Replay:Kaleidoscope","hubris:Icosahedron","White Beast Statue","Blue Doll","Meat on the Bone","Question Card","MawBank","Darkstone Periapt","downfall:HeartBlessingBlue","downfall:HeartBlessingRed","hubris:DuctTape","Whetstone","Replay:Fungal Core","Potion Belt","Durian","Membership Card","Pear","PreservedInsect","hubris:SlimyHat","champ:BerserkersGuideToSlaughter","HandDrill","Sling","Bag of Marbles","hubris:BottledRain","Art of War","Toy Ornithopter","Replay:Towering Pillar of Hats","CeramicFish","ClockworkSouvenir","Onion Ring","Lantern","downfall:HeartBlessingGreen","Replay:Wax Seal","halation:SelfBoilingWater","halation:Toothbrush","Philosopher\u0027s Stone","Juzu Bracelet","Pen Nib","hubris:Towel","Vajra","Akabeko","sneckomod:BlankCard","champ:DuelingGlove","Bottled Lightning","ReplayTheSpireMod:Lightbulb","hubris:BundleOfHerbs","Replay:Accelerometer","hubris:HerbalPaste","hexamod:CandleOfCauterizing","Mummified Hand","Simple Rune","Bird Faced Urn","Replay:Baseball","Mango","Medical Kit","Lee\u0027s Waffle","halation:IllGainedPizza"],"acts_visited":["Exordium","TheCity","TheBeyond","TheEnding"],"potions_floor_usage":[55],"damage_taken":[{"damage":77,"enemies":"3 Sentries","floor":6,"turns":5},{"damage":25,"enemies":"Gremlin Nob","floor":8,"turns":3},{"damage":66,"enemies":"3 Sentries","floor":9,"turns":5},{"damage":63,"enemies":"Lagavulin","floor":10,"turns":5},{"damage":17,"enemies":"2 Louse","floor":11,"turns":2},{"damage":12,"enemies":"3 Sentries","floor":13,"turns":4},{"damage":40,"enemies":"downfall:FleeingMerchant","floor":14,"turns":5},{"damage":25,"enemies":"Small Slimes","floor":15,"turns":3},{"damage":51,"enemies":"SI_SHIV_ARCHETYPE","floor":16,"turns":4},{"damage":31,"enemies":"downfall:LooterAlt2","floor":19,"turns":2},{"damage":52,"enemies":"Shell Parasite","floor":20,"turns":3},{"damage":21,"enemies":"downfall:FleeingMerchant","floor":21,"turns":4},{"damage":58,"enemies":"Gremlin Leader","floor":25,"turns":3},{"damage":4,"enemies":"Book of Stabbing","floor":26,"turns":3},{"damage":0,"enemies":"Replay:Snechameleon","floor":31,"turns":1},{"damage":13,"enemies":"Centurion and Healer","floor":32,"turns":3},{"damage":19,"enemies":"WA_ARCHETYPE_CALM","floor":33,"turns":5},{"damage":2,"enemies":"Orb Walker","floor":36,"turns":2},{"damage":25,"enemies":"3 Shapes","floor":39,"turns":1},{"damage":0,"enemies":"Nemesis","floor":42,"turns":1},{"damage":34,"enemies":"Giant Head","floor":43,"turns":2},{"damage":44,"enemies":"Nemesis","floor":44,"turns":3},{"damage":31,"enemies":"3 Darklings","floor":45,"turns":2},{"damage":2,"enemies":"R_Hoarder","floor":48,"turns":3},{"damage":5,"enemies":"Jaw Worm Horde","floor":49,"turns":2},{"damage":7,"enemies":"IC_BLOCK_ARCHETYPE","floor":50,"turns":3},{"damage":8,"enemies":"downfall:CharBossMerchant","floor":52,"turns":2},{"damage":84,"enemies":"downfall:NeowBoss","floor":55,"turns":5},{"damage":92,"enemies":"downfall:NeowBossFinal","floor":56,"turns":6}],"seed_played":"200093031649065594","potions_obtained":[{"floor":6,"key":"Venom Potion"},{"floor":8,"key":"SneckoOil"},{"floor":9,"key":"Adrenaline Potion"},{"floor":10,"key":"champ:CounterPotion"},{"floor":19,"key":"Doom Potion"},{"floor":20,"key":"Reflective Coating"},{"floor":21,"key":"FairyPotion"},{"floor":25,"key":"DuplicationPotion"},{"floor":26,"key":"champ:OpenerPotion"}],"is_trial":true,"path_per_floor":["R","?","?","?","?","E","T","E","E","E","M","R","E","$","M","B",null,"R","M","M","$","?","$","T","E","E","?","$","R","T","E","M","B",null,"R","M","?","T","M","?","T","E","E","E","M","?","R","E","M","B",null,"E","$","R","B","B",null],"character_chosen":"THE_CHAMP","items_purchased":["Membership Card","Pear","PreservedInsect","hubris:SlimyHat","champ:RapidStrikes","HandDrill","Sling","Bag of Marbles","champ:ArenaPreparation","hubris:BottledRain","ClockworkSouvenir","Onion Ring","Lantern","champ:AdrenalArmor","champ:HeartStrike","Replay:Accelerometer","hubris:HerbalPaste","hexamod:CandleOfCauterizing","Replay:Baseball","Mango","Medical Kit","Lee\u0027s Waffle","halation:IllGainedPizza","champ:AdrenalArmor"],"campfire_rested":2,"item_purchase_floors":[21,21,21,21,21,23,23,23,23,23,28,28,28,28,28,46,46,46,53,53,53,53,53,53],"current_hp_per_floor":[90,90,90,83,93,81,81,81,65,52,62,72,70,75,82,61,110,110,89,82,81,81,81,81,85,81,87,87,87,87,87,104,90,131,134,134,134,134,134,134,134,134,134,119,133,133,134,134,134,134,134,134,155,155,155,113],"gold":651,"neow_bonus":"","is_daily":false,"chose_seed":false,"campfire_upgraded":0,"win_rate":0.0,"timestamp":1613355489,"path_taken":["R","?","?","?","?","E","T","E","E","E","?","R","E","$","M","BOSS","R","M","M","$","?","$","T","E","E","?","$","R","?","E","M","BOSS","R","M","?","?","M","?","T","E","E","E","M","?","R","E","M","BOSS","E","$","R","BOSS","BOSS"],"items_purchased_type":["Relic","Relic","Relic","Relic","Card","Relic","Relic","Relic","Card","Relic","Relic","Relic","Relic","Card","Card","Relic","Relic","Relic","Relic","Relic","Relic","Relic","Relic","Card"],"build_version":"2020-12-22","purchased_purges":1,"victory":true,"max_hp_per_floor":[90,90,90,90,100,100,100,100,100,100,100,110,110,110,110,110,110,110,110,115,125,125,125,125,125,125,131,131,131,131,131,131,131,131,134,134,134,134,134,134,134,134,134,134,134,134,134,134,134,134,134,134,155,155,155,155],"card_choices":[{"not_picked":["champ:SwordThrow","champ:DancingMaster"],"picked":"champ:CheapShot","floor":6},{"not_picked":["champ:UltimateStance","champ:MurderStrike"],"picked":"champ:LastStand","floor":8},{"not_picked":["champ:Improvising","champ:HoldFirm"],"picked":"champ:MurderStrike","floor":9},{"not_picked":["champ:MurderStrike","champ:SteelEdge","champ:Improvising"],"picked":"champ:IgnorePain","floor":10},{"not_picked":["champ:SteelEdge","champ:GladiatorForm","champ:Devastate"],"picked":"champ:UltimateStance","floor":13},{"not_picked":["champ:Duel","champ:Parry","champ:CalledShot"],"picked":"champ:EnragedBash","floor":14},{"not_picked":["champ:MurderStrike","champ:TripleStrike","champ:DancingMaster"],"picked":"champ:GladiatorForm","floor":16},{"not_picked":["champ:PerfectedStrike","champ:PreciseThrust","champ:Endure"],"picked":"champ:EndlessRage","floor":21},{"not_picked":["champ:Improvising","champ:GladiatorForm","champ:ShieldThrow"],"picked":"champ:VampiricStrike","floor":25},{"not_picked":["champ:UltimateStance","champ:Devastate","champ:SwordThrow","champ:ShieldThrow"],"picked":"SKIP","floor":26},{"not_picked":["champ:UltimateStance","champ:Devastate","champ:IgnorePain"],"picked":"champ:Improvising","floor":31},{"not_picked":["champ:VampiricStrike","champ:Devastate","champ:SwordThrow"],"picked":"champ:StrikeOfGenius","floor":33},{"not_picked":["champ:IgnorePain","champ:VampiricStrike","champ:UltimateStance"],"picked":"champ:Improvising","floor":42},{"not_picked":["champ:CheapShot","champ:SwordThrow","champ:Improvising"],"picked":"champ:GladiatorForm","floor":43},{"not_picked":["champ:GladiatorForm","champ:StrikeOfGenius","champ:Devastate","champ:TripleStrike"],"picked":"SKIP","floor":44},{"not_picked":["champ:HoldFirm","champ:StrikeOfGenius","champ:Improvising","champ:GladiatorForm"],"picked":"SKIP","floor":48},{"not_picked":["champ:MurderStrike","champ:SwordThrow","champ:ShieldThrow","champ:Improvising"],"picked":"SKIP","floor":52}],"player_experience":224549,"relics_obtained":[{"floor":6,"key":"Blue Doll"},{"floor":8,"key":"Meat on the Bone"},{"floor":9,"key":"Question Card"},{"floor":10,"key":"MawBank"},{"floor":11,"key":"Darkstone Periapt"},{"floor":13,"key":"hubris:DuctTape"},{"floor":15,"key":"Whetstone"},{"floor":19,"key":"Potion Belt"},{"floor":20,"key":"Durian"},{"floor":24,"key":"Art of War"},{"floor":25,"key":"Toy Ornithopter"},{"floor":26,"key":"Replay:Towering Pillar of Hats"},{"floor":30,"key":"Replay:Wax Seal"},{"floor":31,"key":"halation:SelfBoilingWater"},{"floor":32,"key":"halation:Toothbrush"},{"floor":35,"key":"Juzu Bracelet"},{"floor":36,"key":"Pen Nib"},{"floor":38,"key":"Vajra"},{"floor":39,"key":"Akabeko"},{"floor":41,"key":"sneckomod:BlankCard"},{"floor":42,"key":"champ:DuelingGlove"},{"floor":43,"key":"Bottled Lightning"},{"floor":44,"key":"ReplayTheSpireMod:Lightbulb"},{"floor":45,"key":"hubris:BundleOfHerbs"},{"floor":48,"key":"Mummified Hand"},{"floor":49,"key":"Simple Rune"},{"floor":52,"key":"Bird Faced Urn"}],"event_choices":[{"damage_healed":0,"gold_gain":0,"player_choice":"Success","damage_taken":7,"relics_obtained":["White Beast Statue"],"max_hp_gain":0,"max_hp_loss":0,"event_name":"Scrap Ooze","floor":4,"gold_loss":0}],"is_beta":false,"boss_relics":[{"not_picked":["halation:CatFaceCupcake","halation:Yufonium"],"picked":"Replay:Fungal Core"},{"not_picked":["Kintsugi","halation:MonkeysPaw"],"picked":"Philosopher\u0027s Stone"}],"items_purged_floors":[28],"is_endless":false,"potions_floor_spawned":[6,8,9,10,11,13,14,15,16,19,20,21,25,26,31,32,33,36,39,42,43,44,45,48,49,52],"ascension_level":0}}