{"host":"Ringo","time":1613399613,"event":{"mods":["BaseMod","Colored Map","Conspire","Dota2Spire","Hubris","Minty Spire (QoL Compilation)","Replay The Spire","StSLib","The Construct","[IsaacMod]ÒÔÈö¼âËþ","¡¾ÒÅÎï¿¨ÅÆ¡¿REMEMod"],"gold_per_floor":[115,147,197,223,223,249,282,314,314,347,347,375,404,435,435,509,509,526,170,249,260,271,300,333,4,4,29,57,74,103,135,135,212,212,227,227,272,44,72,123,150,180,180,239,14,44,73,84,84,84,84],"floor_reached":52,"language":"ZHS","playtime":1340,"items_purged":["Panacea"],"score":4091,"play_id":"521d1bd5-8bb0-4768-ac9a-55266c4a4340","local_time":"20210215223333","daily_mods":["SealedDeck","Vintage","Colorless Cards","Heirloom","Time Dilation","Flight","DeadlyEvents","Elite Swarm","Lethality","Binary"],"is_ascension_mode":true,"campfire_choices":[{"data":"Armaments","floor":11.0,"key":"SMITH"},{"data":"Blind","floor":15.0,"key":"SMITH"},{"data":"hubris:StunningStrike","floor":32.0,"key":"SMITH"},{"data":"Flex","floor":49,"key":"SMITH"}],"circlet_count":0,"master_deck":["AscendersBane","BettingIsNotGood+1","Headbutt","Run Through","Blind+1","Flex+1","Pommel Strike","Flash of Steel","Twin Strike","Shrug It Off","Armaments+1","Cleave","Dash","Thunderclap","Limit Break+1","hubris:StunningStrike+1","Inflame","conspire:Banana+1"],"relics":["Burning Blood","Busted Crown","HushsDoor","REME_ComplimentaryCards","replay:Trail_Library","Magic Flower","BelialBook","SatanicBible","BloodBag","Dota2Spire:Dagon","hubris:ToyBattleship","Dota2Spire:ArmletOfMordiggian","hubris:Icosahedron","hubris:SphereOfDissonance","PunchingBag","Bronze Scales","DeathBook","Ancient Tea Set","BookOfRevelations","Blue Doll","InkBottle","Runic Cube","ClockworkSouvenir","Omamori","conspire:TopHat","TheBible","GuppysPaw","BookofShadows","Dota2Spire:HeartOfTarrasque","Bottled Lightning","Dota2Spire:DrumOfEndurance","StoneCalendar","Du-Vu Doll","Calipers","Pantograph","SacredBark","Replay:Towering Pillar of Hats","Golden Egg","Guide Book","Quantum Egg","Champion Belt","Dota2Spire:EtherealBlade","Lantern","conspire:DecoderRing","conspire:GiftBox","ReplayTheSpireMod:CursedCoin","hubris:IronBody","Dota2Spire:ShadowBlade","MealTicket"],"acts_visited":["Exordium","TheCity","TheBeyond"],"potions_floor_usage":[33,33,51,51],"damage_taken":[{"damage":8.0,"enemies":"Jaw Worm","floor":1.0,"turns":2.0},{"damage":0.0,"enemies":"Cultist","floor":2.0,"turns":2.0},{"damage":0.0,"enemies":"Hiden Room Battle","floor":3.0,"turns":1.0},{"damage":0.0,"enemies":"Small Slimes","floor":4.0,"turns":1.0},{"damage":36.0,"enemies":"Gremlin Nob","floor":6.0,"turns":4.0},{"damage":0.0,"enemies":"3 Sentries","floor":7.0,"turns":2.0},{"damage":0.0,"enemies":"Gremlin Nob","floor":8.0,"turns":1.0},{"damage":0.0,"enemies":"3 Sentries","floor":10.0,"turns":1.0},{"damage":0.0,"enemies":"Gremlin Nob","floor":12.0,"turns":1.0},{"damage":0.0,"enemies":"3 Sentries","floor":13.0,"turns":2.0},{"damage":0.0,"enemies":"Replay:BlueRogue","floor":14.0,"turns":1.0},{"damage":0.0,"enemies":"Hexaghost","floor":16.0,"turns":1.0},{"damage":0.0,"enemies":"2 Thieves","floor":18.0,"turns":1.0},{"damage":0.0,"enemies":"Shell Parasite","floor":21.0,"turns":1.0},{"damage":0.0,"enemies":"conspire:HollyBat","floor":22.0,"turns":5.0},{"damage":0.0,"enemies":"conspire:Head Lice","floor":23.0,"turns":1.0},{"damage":0.0,"enemies":"REME_1_Revenger","floor":24.0,"turns":1.0},{"damage":0.0,"enemies":"Gremlin Leader","floor":27.0,"turns":2.0},{"damage":0.0,"enemies":"conspire:SneckoGhost","floor":28.0,"turns":1.0},{"damage":0.0,"enemies":"Shelled Parasite and Fungi","floor":29.0,"turns":1.0},{"damage":0.0,"enemies":"Replay:Snechameleon","floor":30.0,"turns":1.0},{"damage":0.0,"enemies":"Slavers","floor":31.0,"turns":1.0},{"damage":0,"enemies":"Automaton","floor":33,"turns":3},{"damage":0,"enemies":"3 Shapes","floor":35,"turns":1},{"damage":0,"enemies":"Giant Head","floor":37,"turns":4},{"damage":0,"enemies":"R_Hoarder","floor":39,"turns":2},{"damage":0,"enemies":"Reptomancer","floor":40,"turns":2},{"damage":0,"enemies":"R_Hoarder","floor":41,"turns":2},{"damage":0,"enemies":"Giant Head","floor":42,"turns":3},{"damage":0,"enemies":"R_Hoarder","floor":44,"turns":3},{"damage":0,"enemies":"Reptomancer","floor":46,"turns":2},{"damage":0,"enemies":"R_Hoarder","floor":47,"turns":3},{"damage":0,"enemies":"Orb Walker","floor":48,"turns":1},{"damage":0,"enemies":"hubris:GrandSnecko","floor":50,"turns":3},{"damage":0,"enemies":"Donu and Deca","floor":51,"turns":2}],"seed_played":"-4725058021449092025","potions_obtained":[{"floor":1.0,"key":"Doom Potion"},{"floor":3.0,"key":"Languid Potion"},{"floor":14.0,"key":"FearPotion"},{"floor":21.0,"key":"Elixir"},{"floor":31.0,"key":"Cursed Concoction"},{"floor":33,"key":"SneckoOil"},{"floor":35,"key":"Fire Potion"},{"floor":39,"key":"Toxic Potion"},{"floor":48,"key":"EssenceOfSteel"}],"is_trial":true,"path_per_floor":["M","M","?","M","?","E","E","E","T","E","R","E","E","E","R","B",null,"M","$","?","M","M","E","E","$","T","E","E","M","E","E","R","B",null,"M","?","E","$","E","E","E","E","T","E","$","E","E","M","R","B","B",null],"character_chosen":"IRONCLAD","items_purchased":["Limit Break","hubris:StunningStrike","Inflame","ClockworkSouvenir","Omamori","Dota2Spire:HeartOfTarrasque","Guide Book","conspire:Banana+1","ReplayTheSpireMod:CursedCoin"],"campfire_rested":0,"item_purchase_floors":[17,17,19,19,19,25,38,38,45],"current_hp_per_floor":[69,78,72,81,81,60,69,78,78,86,86,86,86,86,86,86,80,80,80,65,74,80,50,50,58,58,58,58,58,58,58,58,58,58,58,58,58,58,60,62,64,66,66,68,68,70,72,72,72,74,74],"gold":84,"neow_bonus":"","is_daily":false,"chose_seed":false,"campfire_upgraded":4,"win_rate":0.0,"timestamp":1613399613,"path_taken":["M","M","?","M","?","E","E","E","T","E","R","E","?","E","R","BOSS","M","$","?","M","M","E","E","?","T","E","E","M","E","E","R","BOSS","M","?","?","$","?","E","E","E","T","E","$","E","E","?","R","BOSS","BOSS"],"items_purchased_type":["Card","Card","Card","Relic","Relic","Relic","Relic","Card","Relic"],"build_version":"2020-12-18","purchased_purges":1,"victory":true,"max_hp_per_floor":[75,82,82,82,82,86,86,86,86,86,86,86,86,86,86,86,80,80,80,80,80,80,50,50,58,58,58,58,58,58,58,58,58,58,58,58,58,58,60,62,64,66,66,68,68,70,72,72,72,74,74],"card_choices":[{"not_picked":[],"picked":"BettingIsNotGood","floor":0.0}],"player_experience":698275,"relics_obtained":[{"floor":1.0,"key":"SatanicBible"},{"floor":2.0,"key":"BloodDonationMachine"},{"floor":3.0,"key":"Dota2Spire:Dagon"},{"floor":3.0,"key":"hubris:ToyBattleship"},{"floor":4.0,"key":"Dota2Spire:ArmletOfMordiggian"},{"floor":6.0,"key":"hubris:SphereOfDissonance"},{"floor":7.0,"key":"PunchingBag"},{"floor":8.0,"key":"Bronze Scales"},{"floor":9.0,"key":"DeathBook"},{"floor":10.0,"key":"Ancient Tea Set"},{"floor":12.0,"key":"BookOfRevelations"},{"floor":13.0,"key":"Blue Doll"},{"floor":14.0,"key":"InkBottle"},{"floor":21.0,"key":"conspire:TopHat"},{"floor":22.0,"key":"TheBible"},{"floor":23.0,"key":"GuppysPaw"},{"floor":24.0,"key":"BookofShadows"},{"floor":26.0,"key":"Bottled Lightning"},{"floor":27.0,"key":"Dota2Spire:DrumOfEndurance"},{"floor":28.0,"key":"StoneCalendar"},{"floor":29.0,"key":"Du-Vu Doll"},{"floor":30.0,"key":"Calipers"},{"floor":31.0,"key":"Pantograph"},{"floor":35,"key":"Replay:Towering Pillar of Hats"},{"floor":37,"key":"Golden Egg"},{"floor":39,"key":"Quantum Egg"},{"floor":40,"key":"Champion Belt"},{"floor":41,"key":"Dota2Spire:EtherealBlade"},{"floor":42,"key":"Lantern"},{"floor":43,"key":"conspire:DecoderRing"},{"floor":44,"key":"conspire:GiftBox"},{"floor":46,"key":"hubris:IronBody"},{"floor":47,"key":"Dota2Spire:ShadowBlade"},{"floor":48,"key":"MealTicket"}],"event_choices":[{"damage_healed":0.0,"max_hp_gain":0.0,"max_hp_loss":0.0,"gold_gain":0.0,"event_name":"HidenRoomEvent","player_choice":"Fight","floor":3.0,"gold_loss":0.0,"damage_taken":0.0},{"damage_healed":0,"gold_gain":0,"player_choice":"Ignored","damage_taken":0,"max_hp_gain":0,"max_hp_loss":0,"event_name":"Tomb of Lord Red Mask","floor":36,"gold_loss":0}],"is_beta":true,"boss_relics":[{"not_picked":["REME_ChargedStone","Electric Blood"],"picked":"Runic Cube"},{"not_picked":[]},{"not_picked":["Painkiller Herb","hubris:BlackHole"],"picked":"SacredBark"},{"not_picked":[]}],"items_purged_floors":[45],"is_endless":false,"potions_floor_spawned":[1,3,6,12,13,14,21,27,29,31,33,35,39,44,46,47,48],"ascension_level":20}}