{"host":"a3gu5zu37ht99mpa","time":1613407282,"event":{"mods":["100% Spire Juice","Act Like it!","Arknights","BaseMod","Better Silent Start","BetterRewards","Conspire","Downfall","Energized Spire","GifTheSpireLib","Gold Saver","Halation","Minty Spire (QoL Compilation)","Prisma Mod","Robot Space Explorer","Shop Mod","StSLib","Stuff the Spire","The Animator","The Servant 0.9.4","Virulent Crown","Wandering Minibosses","yUi"],"gold_per_floor":[99,111,111,111,111,157,183,183,213,8,38,28,28,67,89,211,211,211,252,26,66,66,66,119,127,127],"floor_reached":25,"language":"ENG","playtime":1787,"items_purged":[],"score":238,"play_id":"673dd2ef-88e0-423c-bbcf-8825604443de","local_time":"20210215114122","is_ascension_mode":true,"campfire_choices":[{"floor":1,"key":"RECALL"},{"floor":8,"key":"REST"},{"floor":13,"key":"REST"},{"data":"animator:Biyorigo","floor":18,"key":"SMITH"}],"circlet_count":0,"master_deck":["animator:Strike_GoblinSlayer","animator:Defend_GoblinSlayer","animator:Strike","animator:Strike","animator:Strike","animator:Defend","animator:Defend","animator:Defend","animator:LizardPriest","animator:DwarfShaman","animator:SayakaMiki","animator:SayakaMiki","animator:YachiyoNanami","animator:Spearman","animator:Shizu","animator:KyokoSakura","animator:Millim","animator:YunYun","animator:YuiTsuruno","animator:Witch","animator:Aisha","animator:GuildGirl","animator:HighElfArcher","animator:Biyorigo+1","animator:SuzuneAmano","animator:Hitei","animator:GazelDwargon","animator:Priestess","Pride"],"relics":["animator:LivingPicture","animator:TheMissingPiece","animator:PurgingStone","downfall:HeartsMalice","Dream Catcher","DataDisk","halation:IllGainedPizza","Odd Mushroom","animator:HolyGrailRelic","Chemical X","animator:WornHelmet","StuffTheSpire:GrapeVine","StuffTheSpire:OldFever"],"acts_visited":["Exordium","TheCity"],"potions_floor_usage":[15],"damage_taken":[{"damage":0,"enemies":"Cultist","floor":2,"turns":1},{"damage":0,"enemies":"Jaw Worm","floor":4,"turns":1},{"damage":0,"enemies":"downfall:FleeingMerchant","floor":5,"turns":1},{"damage":46,"enemies":"Gremlin Nob","floor":6,"turns":6},{"damage":0,"enemies":"2 Louse","floor":9,"turns":5},{"damage":0,"enemies":"downfall:FleeingMerchant","floor":10,"turns":4},{"damage":20,"enemies":"3 Sentries","floor":11,"turns":6},{"damage":10,"enemies":"downfall:FleeingMerchant","floor":12,"turns":4},{"damage":8,"enemies":"The Mushroom Lair","floor":14,"turns":3},{"damage":0,"enemies":"2 Fungi Beasts","floor":15,"turns":3},{"damage":4,"enemies":"WA_ARCHETYPE_RETAIN","floor":16,"turns":6},{"damage":10,"enemies":"Spheric Guardian","floor":19,"turns":4},{"damage":8,"enemies":"downfall:FleeingMerchant","floor":20,"turns":4},{"damage":12,"enemies":"conspire:FuzzyDice","floor":21,"turns":6},{"damage":55,"enemies":"3 Cultists","floor":25,"turns":4}],"seed_played":"1606824693903247549","potions_obtained":[{"floor":6,"key":"CultistPotion"},{"floor":9,"key":"Ancient Potion"},{"floor":11,"key":"bronze:BurnAndBuffPotion"},{"floor":14,"key":"Block Potion"}],"is_trial":false,"path_per_floor":["R","M","?","M","$","E","T","R","M","$","E","$","R","?","M","B",null,"R","M","$","M","?","?","T","M"],"character_chosen":"THE_ANIMATOR","items_purchased":["DataDisk","animator:YunYun","Chemical X","animator:GazelDwargon"],"campfire_rested":2,"item_purchase_floors":[10,10,20,20],"current_hp_per_floor":[66,66,66,66,67,21,21,41,41,41,22,13,33,25,26,22,78,78,70,63,53,53,53,53,0,0],"gold":127,"neow_bonus":"THREE_ENEMY_KILL","is_daily":false,"chose_seed":false,"campfire_upgraded":1,"win_rate":0.0,"timestamp":1613407282,"path_taken":["R","M","?","M","?","E","T","R","M","?","E","$","R","?","M","BOSS","R","M","$","M","?","?","T","M"],"items_purchased_type":["Relic","Card","Relic","Card"],"build_version":"2020-12-22","purchased_purges":0,"victory":false,"max_hp_per_floor":[66,66,66,66,67,67,67,67,67,67,68,69,69,69,70,70,78,78,80,81,83,83,83,83,83,83],"card_choices":[{"not_picked":["animator:AcuraTooru","animator:DolaRiku"],"picked":"animator:SayakaMiki","floor":2},{"not_picked":["animator:Benimaru","animator:AcuraTooru"],"picked":"animator:SayakaMiki","floor":4},{"not_picked":["animator:Rimuru","animator:AcuraTooru"],"picked":"animator:YachiyoNanami","floor":5},{"not_picked":["animator:LizardPriest","animator:DwarfShaman"],"picked":"animator:Spearman","floor":6},{"not_picked":["animator:MetalKnight","animator:Melzalgald"],"picked":"animator:Shizu","floor":8},{"not_picked":["animator:Benimaru","animator:Guy"],"picked":"animator:KyokoSakura","floor":9},{"not_picked":["animator:ChlammyZell","animator:Ciel"],"picked":"animator:Millim","floor":10},{"not_picked":["animator:Shuna","animator:Millim"],"picked":"animator:YuiTsuruno","floor":11},{"not_picked":["animator:Priestess","animator:CowGirl"],"picked":"animator:Witch","floor":12},{"not_picked":["animator:Kaijin","animator:Guy"],"picked":"animator:Aisha","floor":13},{"not_picked":["animator:DolaCouronne","animator:Chris"],"picked":"animator:GuildGirl","floor":14},{"not_picked":["animator:Ciel","animator:Lu"],"picked":"animator:HighElfArcher","floor":15},{"not_picked":["animator:MadokaKaname","animator:Elesis"],"picked":"animator:Biyorigo","floor":16},{"not_picked":["animator:YunYun","animator:Aqua"],"picked":"animator:SuzuneAmano","floor":19},{"not_picked":["animator:Ara+1","animator:Shuna"],"picked":"animator:Hitei","floor":20},{"not_picked":["animator:HighElfArcher","animator:Witch"],"picked":"animator:Priestess","floor":21}],"player_experience":90504,"relics_obtained":[{"floor":6,"key":"Dream Catcher"},{"floor":11,"key":"halation:IllGainedPizza"},{"floor":14,"key":"Odd Mushroom"},{"floor":24,"key":"StuffTheSpire:OldFever"}],"event_choices":[{"damage_healed":0,"gold_gain":0,"player_choice":"Leave","damage_taken":0,"max_hp_gain":0,"max_hp_loss":0,"event_name":"conspire:Investor","floor":3,"gold_loss":0},{"damage_healed":0,"gold_gain":0,"player_choice":"Fought Mushrooms","damage_taken":0,"max_hp_gain":0,"max_hp_loss":0,"event_name":"Mushrooms","floor":14,"gold_loss":0},{"damage_healed":0,"gold_gain":0,"player_choice":"Stole Relic","damage_taken":0,"relics_obtained":["StuffTheSpire:GrapeVine"],"max_hp_gain":0,"max_hp_loss":0,"event_name":"Addict","floor":23,"gold_loss":0,"cards_obtained":["Pride"]}],"is_beta":false,"boss_relics":[{"not_picked":["energizedSpire:HugeHouse","Fusion Hammer"],"picked":"animator:HolyGrailRelic"}],"items_purged_floors":[],"is_endless":false,"potions_floor_spawned":[6,9,11,14,21],"killed_by":"3 Cultists","ascension_level":1}}