{"host":"mgjbkrm6zb65cm01","time":1613398359,"event":{"mods":["ATMod(°¢èªMod)","BaseMod","Conspire","Good Game Mod","Minty Spire (QoL Compilation)","Quick Restart","Relic Stats","Spicy Shops","StSLib","UnlockEverythingMod","noobMod"],"gold_per_floor":[115,133,133,144,158,158,193,205,275,275,275,290,302,322,322,424,424,437,712,723,737,755,755,13,13,13,13,29,29,45,59,59,163,163,178,178,178,189,189,189,200,235,235,1,18,68,15,25,25,25,25,25,1,27,27],"floor_reached":56,"language":"ZHS","playtime":3012,"items_purged":["Strike_R"],"score":1285,"play_id":"d208c2df-5820-4add-9d73-d0df25490e9f","local_time":"20210215221239","is_ascension_mode":false,"campfire_choices":[{"data":"AT_LightSaberMaster","floor":6.0,"key":"SMITH"},{"data":"AT_ShrugMaster","floor":15.0,"key":"SMITH"},{"floor":23.0,"key":"RECALL"},{"data":"Armaments","floor":27.0,"key":"SMITH"},{"data":"AT_IchimonjiDouble","floor":29.0,"key":"SMITH"},{"data":"conspire:Charge","floor":32.0,"key":"SMITH"},{"data":"Terror","floor":40.0,"key":"SMITH"},{"floor":49,"key":"REST"},{"data":"Demon Form","floor":52,"key":"SMITH"}],"circlet_count":0,"master_deck":["Strike_R","Strike_R","Strike_R","Strike_R","Defend_R","Defend_R","Defend_R","Defend_R","Bash","Terror+1","AT_LightSaberMaster+1","Cleave","conspire:Charge+1","Twin Strike","AT_IchimonjiDouble+1","Armaments+1","Inflame","AT_ShrugMaster+1","Barricade","conspire:ExplosiveBarrier+1","Cleave","Blood for Blood+1","Ghostly Armor+1","Bandage Up+1","Metallicize+1","Heavy Blade","Offering+1","Hemokinesis+1","Sword Boomerang","Defend_B+1","Thunderclap+1","Cleave+1","Demon Form+1","Flex+1","Headbutt+1","Thunderclap+1","Iron Wave","Rampage+1","Warcry+1","Ghostly Armor+1"],"relics":["Burning Blood","REME:ComplimentaryCards","ice","AT_ATBox","NeowsBlessing","Bottled Lightning","Toxic Egg 2","Champion Belt","conspire:RunicOctahedron","Orichalcum","Frozen Eye","AT_Manta","Torii","Mark of Pain","Incense Burner","Strawberry","StoneCalendar","Vajra"],"acts_visited":["Exordium","TheCity","TheBeyond","TheEnding"],"potions_floor_usage":[50,50,50],"damage_taken":[{"damage":0.0,"enemies":"2 Louse","floor":1.0,"turns":1.0},{"damage":0.0,"enemies":"Small Slimes","floor":2.0,"turns":1.0},{"damage":0.0,"enemies":"Cultist","floor":4.0,"turns":1.0},{"damage":25.0,"enemies":"Exordium Thugs","floor":5.0,"turns":5.0},{"damage":30.0,"enemies":"Lagavulin","floor":7.0,"turns":4.0},{"damage":11.0,"enemies":"Gremlin Gang","floor":8.0,"turns":4.0},{"damage":12.0,"enemies":"Red Slaver","floor":12.0,"turns":3.0},{"damage":9.0,"enemies":"Blue Slaver","floor":13.0,"turns":2.0},{"damage":14.0,"enemies":"Exordium Wildlife","floor":14.0,"turns":3.0},{"damage":1.0,"enemies":"Slime Boss","floor":16.0,"turns":8.0},{"damage":10.0,"enemies":"3 Byrds","floor":18.0,"turns":4.0},{"damage":16.0,"enemies":"Spheric Guardian","floor":20.0,"turns":6.0},{"damage":25.0,"enemies":"Centurion and Healer","floor":21.0,"turns":4.0},{"damage":15.0,"enemies":"Sentry and Sphere","floor":22.0,"turns":5.0},{"damage":6.0,"enemies":"Snake Plant","floor":28.0,"turns":3.0},{"damage":15.0,"enemies":"Centurion and Healer","floor":30.0,"turns":4.0},{"damage":4.0,"enemies":"Shelled Parasite and Fungi","floor":31.0,"turns":3.0},{"damage":16.0,"enemies":"Champ","floor":33.0,"turns":8.0},{"damage":24.0,"enemies":"3 Shapes","floor":35.0,"turns":3.0},{"damage":19.0,"enemies":"3 Darklings","floor":38.0,"turns":3.0},{"damage":29.0,"enemies":"Jaw Worm Horde","floor":41.0,"turns":4.0},{"damage":44.0,"enemies":"Reptomancer","floor":42.0,"turns":3.0},{"damage":14.0,"enemies":"Maw","floor":45.0,"turns":4.0},{"damage":22.0,"enemies":"2 Orb Walkers","floor":46.0,"turns":4.0},{"damage":24,"enemies":"3 Darklings","floor":48,"turns":4},{"damage":25,"enemies":"Awakened One","floor":50,"turns":8},{"damage":71,"enemies":"Shield and Spear","floor":54,"turns":6},{"damage":34,"enemies":"The Heart","floor":55,"turns":6}],"seed_played":"-1251952811038019894","potions_obtained":[{"floor":1.0,"key":"Explosive Potion"},{"floor":2.0,"key":"Energy Potion"},{"floor":5.0,"key":"ElixirPotion"},{"floor":7.0,"key":"Weak Potion"},{"floor":20.0,"key":"SkillPotion"},{"floor":31.0,"key":"Dexterity Potion"},{"floor":33.0,"key":"Explosive Potion"},{"floor":35.0,"key":"Dexterity Potion"},{"floor":41.0,"key":"Fruit Juice"},{"floor":42.0,"key":"SteroidPotion"}],"is_trial":false,"path_per_floor":["M","M","?","M","M","R","E","M","T","?","?","M","M","M","R","B",null,"M","?","M","M","M","R","$","$","T","R","M","R","M","M","R","B",null,"M","?","T","M","?","R","M","E","T","$","M","?","$","M","R","B",null,"R","$","E","B",null],"character_chosen":"IRONCLAD","items_purchased":["Orichalcum","Frozen Eye","AT_Manta","Bandage Up+1","Demon Form","Flex+1","Iron Wave","Warcry+1"],"campfire_rested":1,"item_purchase_floors":[24,24,24,24,44,44,47,53],"current_hp_per_floor":[80,80,80,80,61,61,37,32,32,58,58,52,49,41,41,46,80,76,76,66,47,38,38,38,38,38,38,38,38,41,55,55,57,80,74,74,74,61,61,61,55,36,36,36,40,36,36,18,45,38,92,92,92,39,90],"gold":27,"neow_bonus":"THREE_ENEMY_KILL","is_daily":false,"chose_seed":false,"campfire_upgraded":7,"win_rate":0.0,"timestamp":1613398359,"path_taken":["M","M","?","M","M","R","E","M","T","?","?","M","?","M","R","BOSS","M","?","?","?","M","R","?","$","T","R","M","R","M","?","R","BOSS","M","?","?","?","?","R","?","E","T","?","M","?","$","M","R","BOSS","R","$","E","BOSS"],"items_purchased_type":["Relic","Relic","Relic","Card","Card","Card","Card","Card"],"build_version":"2020-12-22","purchased_purges":1,"victory":true,"max_hp_per_floor":[80,80,80,80,80,80,80,80,80,80,80,80,80,80,80,80,80,80,80,80,80,80,80,80,80,80,80,80,80,80,80,80,80,80,80,80,80,80,80,80,85,92,92,92,92,92,92,92,92,92,92,92,92,92,130],"relic_stats":{"Torii":42,"counters":[28,114],"StoneCalendar":[52],"Champion Belt":[59],"Orichalcum":[66],"obtain_stats":[{"AT_ATBox":0,"NeowsBlessing":0,"AT_Manta":24,"Torii":26,"Vajra":54,"conspire:RunicOctahedron":17,"StoneCalendar":46,"ice":0,"Incense Burner":37,"Orichalcum":24,"Burning Blood":0,"Frozen Eye":24,"REME:ComplimentaryCards":0,"Strawberry":42,"Mark of Pain":34,"Bottled Lightning":7,"Champion Belt":11,"Toxic Egg 2":9},{"AT_ATBox":0,"NeowsBlessing":0,"AT_Manta":14,"Torii":14,"Vajra":27,"conspire:RunicOctahedron":10,"StoneCalendar":24,"ice":0,"Incense Burner":19,"Orichalcum":14,"Burning Blood":0,"Frozen Eye":14,"REME:ComplimentaryCards":0,"Strawberry":22,"Mark of Pain":18,"Bottled Lightning":5,"Champion Belt":6,"Toxic Egg 2":6},{"AT_ATBox":0,"NeowsBlessing":0,"AT_Manta":51,"Torii":51,"Vajra":108,"conspire:RunicOctahedron":32,"StoneCalendar":90,"ice":0,"Incense Burner":72,"Orichalcum":51,"Burning Blood":0,"Frozen Eye":51,"REME:ComplimentaryCards":0,"Strawberry":82,"Mark of Pain":69,"Bottled Lightning":12,"Champion Belt":16,"Toxic Egg 2":16}],"Burning Blood":150},"card_choices":[{"not_picked":["Ghostly Armor","Clothesline"],"picked":"Cleave","floor":1.0},{"not_picked":["Iron Wave","AT_BodySlamDance"],"picked":"conspire:Charge","floor":2.0},{"not_picked":["Cleave","AT_BodySlamDance"],"picked":"Twin Strike","floor":4.0},{"not_picked":["Thunderclap","Shockwave"],"picked":"AT_IchimonjiDouble","floor":5.0},{"not_picked":["Twin Strike","AT_BodySlamDance"],"picked":"Armaments","floor":7.0},{"not_picked":["Wild Strike","Iron Wave"],"picked":"Inflame","floor":8.0},{"not_picked":["Carnage","Body Slam","Fire Breathing"],"picked":"SKIP","floor":12.0},{"not_picked":["Burning Pact+1","Berserk"],"picked":"AT_ShrugMaster","floor":13.0},{"not_picked":["Perfected Strike","Cleave","Feel No Pain"],"picked":"SKIP","floor":14.0},{"not_picked":["Fiend Fire","Impervious+1"],"picked":"Barricade","floor":16.0},{"not_picked":["Clothesline+1","Havoc+1"],"picked":"conspire:ExplosiveBarrier+1","floor":18.0},{"not_picked":["Twin Strike","Clash"],"picked":"Cleave","floor":20.0},{"not_picked":["AT_DrawKnifeCut+1","Flex+1"],"picked":"Blood for Blood+1","floor":21.0},{"not_picked":["Armaments+1","AT_BodySlamDance+1"],"picked":"Ghostly Armor+1","floor":22.0},{"not_picked":["Disarm+1","conspire:ExplosiveBarrier+1","Anger"],"picked":"SKIP","floor":28.0},{"not_picked":["AT_GerminateFire+1","Shrug It Off+1"],"picked":"Metallicize+1","floor":30.0},{"not_picked":["Twin Strike+1","Iron Wave"],"picked":"Heavy Blade","floor":31.0},{"not_picked":["Impervious+1","Bludgeon"],"picked":"Offering+1","floor":33.0},{"not_picked":["Evolve","Heavy Blade"],"picked":"Hemokinesis+1","floor":35.0},{"not_picked":["Iron Wave+1","Shockwave+1"],"picked":"Sword Boomerang","floor":38.0},{"not_picked":["Infernal Blade+1","AT_IchimonjiDouble"],"picked":"Thunderclap+1","floor":41.0},{"not_picked":["Fire Breathing","AT_DiedThrough+1"],"picked":"Cleave+1","floor":42.0},{"not_picked":["Pommel Strike+1","Sentinel+1"],"picked":"Headbutt+1","floor":45.0},{"not_picked":["AT_IchimonjiDouble+1","True Grit+1"],"picked":"Thunderclap+1","floor":46.0},{"not_picked":["Fire Breathing+1","Anger"],"picked":"Rampage+1","floor":48},{"not_picked":["True Grit+1","Power Through+1"],"picked":"Ghostly Armor+1","floor":54}],"player_experience":165346,"relics_obtained":[{"floor":7.0,"key":"Bottled Lightning"},{"floor":9.0,"key":"Toxic Egg 2"},{"floor":26.0,"key":"Torii"},{"floor":37.0,"key":"Incense Burner"},{"floor":42.0,"key":"Strawberry"},{"floor":46.0,"key":"StoneCalendar"},{"floor":54,"key":"Vajra"}],"event_choices":[{"damage_healed":0.0,"max_hp_gain":0.0,"max_hp_loss":0.0,"gold_gain":0.0,"event_name":"conspire:LoneGhost","player_choice":"Disagree","floor":3.0,"gold_loss":0.0,"damage_taken":0.0},{"damage_healed":26.0,"max_hp_gain":0.0,"max_hp_loss":0.0,"gold_gain":0.0,"event_name":"Big Fish","player_choice":"Banana","floor":10.0,"gold_loss":0.0,"damage_taken":0.0},{"damage_healed":0.0,"max_hp_gain":0.0,"max_hp_loss":0.0,"gold_gain":0.0,"event_name":"WeMeetAgain","player_choice":"Gave Potion","floor":11.0,"gold_loss":0.0,"damage_taken":0.0,"relics_obtained":["Champion Belt"]},{"damage_healed":0.0,"max_hp_gain":0.0,"max_hp_loss":0.0,"gold_gain":275.0,"event_name":"Golden Shrine","player_choice":"Desecrate","floor":19.0,"gold_loss":0.0,"damage_taken":0.0,"cards_obtained":["Regret"]},{"damage_healed":0.0,"max_hp_gain":0.0,"max_hp_loss":0.0,"gold_gain":0.0,"event_name":"conspire:Investor","player_choice":"Leave","floor":36.0,"gold_loss":0.0,"damage_taken":0.0},{"cards_removed":["Regret"],"damage_healed":0.0,"max_hp_gain":0.0,"max_hp_loss":0.0,"gold_gain":0.0,"event_name":"NoteForYourself","player_choice":"Took Card","floor":39.0,"gold_loss":0.0,"damage_taken":0.0,"cards_obtained":["Defend_B"]},{"damage_healed":0.0,"max_hp_gain":0.0,"max_hp_loss":0.0,"gold_gain":0.0,"event_name":"Mysterious Sphere","player_choice":"Fight","floor":46.0,"gold_loss":0.0,"damage_taken":0.0}],"is_beta":false,"boss_relics":[{"not_picked":["Snecko Eye","Runic Pyramid"],"picked":"conspire:RunicOctahedron"},{"not_picked":["Calling Bell","Velvet Choker"],"picked":"Mark of Pain"}],"items_purged_floors":[24],"is_endless":false,"potions_floor_spawned":[1,2,5,7,20,31,33,35,41,42],"ascension_level":0}}