{"host":"9viy3memdfgcf4vy","time":1613407286,"event":{"mods":["BaseMod","Colored Map","Downfall","Minty Spire (QoL Compilation)","StSLib"],"gold_per_floor":[99,99,99,162,162,179,227,243,257,257,286,211,61,91,105,182,182,132,81,81,99,199,184,184,203,233,272,299,315,165,176,187,265,265,215,234,252,277,293,243,243,257,267,117,117,146,146,160,178,178,178,213,144,94,94,94,94,94],"floor_reached":56,"language":"ENG","playtime":5445,"items_purged":[],"score":1347,"play_id":"ac6330ac-2a8c-4588-99cf-10eb456e7d1f","local_time":"20210215184126","is_ascension_mode":true,"campfire_choices":[{"data":"Slimebound:Split","floor":1,"key":"SMITH"},{"floor":10,"key":"RECALL"},{"data":"Slimebound:TongueLash","floor":13,"key":"SMITH"},{"data":"Slimebound:RejuvenatingLick","floor":18,"key":"SMITH"},{"data":"Slimebound:Gluttony","floor":30,"key":"SMITH"},{"data":"Slimebound:Recycling","floor":35,"key":"SMITH"},{"floor":40,"key":"DIG"},{"floor":44,"key":"DIG"},{"data":"Slimebound:GrowthPunch","floor":54,"key":"SMITH"}],"circlet_count":0,"master_deck":["AscendersBane","Slimebound:Strike_Slimebound+1","Slimebound:Defend_Slimebound","Slimebound:Defend_Slimebound","Slimebound:Split+1","Slimebound:CorrosiveSpit","Slimebound:TongueLash+1","Slimebound:Prepare","Slimebound:SamplingLick","Slimebound:RejuvenatingLick+1","Slimebound:Nibble","Slimebound:LeechLife","Slimebound:ItLooksTasty","Slimebound:Gluttony+1","Slimebound:LivingWall+1","Slimebound:Schlurp+1","Slimebound:LevelUp+1","Slimebound:SlimeSpikes+1","Slimebound:Recycling+1","Slimebound:SlimeSpikes+1","Slimebound:Recollect+1","Slimebound:MegaLick+1","Slimebound:AcidTongue+1","Slimebound:GoopSpray+1","Slimebound:SlimeTap+1","Slimebound:RejuvenatingLick+1","Slimebound:HauntingLick+1","Slimebound:GrowthPunch+1"],"relics":["Slimebound:AbsorbEndCombat","downfall:HeartsMalice","Mercury Hourglass","Charon\u0027s Ashes","Omamori","Oddly Smooth Stone","Meat on the Bone","Slimebound:GreedOozeRelic","downfall:HeartBlessingRed","Shovel","Black Star","Potion Belt","Ornamental Fan","Toxic Egg 2","MawBank","champ:DuelingGlove","PreservedInsect","Turnip","downfall:HeartBlessingGreen","Astrolabe","TungstenRod","Darkstone Periapt","downfall:HeartBlessingBlue","Regal Pillow","Vajra","Art of War","Lantern","Mummified Hand"],"acts_visited":["Exordium","TheCity","TheBeyond","TheEnding"],"potions_floor_usage":[16,33,37,38,46,50,52,56],"damage_taken":[{"damage":0,"enemies":"Small Slimes","floor":2,"turns":1},{"damage":0,"enemies":"Jaw Worm","floor":3,"turns":1},{"damage":0,"enemies":"Gremlin Nob","floor":4,"turns":1},{"damage":3,"enemies":"Cultist","floor":6,"turns":3},{"damage":1,"enemies":"Exordium Wildlife","floor":8,"turns":2},{"damage":7,"enemies":"Exordium Thugs","floor":9,"turns":2},{"damage":7,"enemies":"3 Sentries","floor":11,"turns":4},{"damage":9,"enemies":"Lagavulin","floor":14,"turns":5},{"damage":3,"enemies":"Blue Slaver","floor":15,"turns":2},{"damage":8,"enemies":"SI_SHIV_ARCHETYPE","floor":16,"turns":7},{"damage":7,"enemies":"downfall:FleeingMerchant","floor":19,"turns":4},{"damage":3,"enemies":"Shell Parasite","floor":21,"turns":3},{"damage":0,"enemies":"downfall:LadyInBlue","floor":22,"turns":6},{"damage":4,"enemies":"downfall:FleeingMerchant","floor":23,"turns":4},{"damage":3,"enemies":"Chosen","floor":25,"turns":3},{"damage":21,"enemies":"Book of Stabbing","floor":26,"turns":4},{"damage":8,"enemies":"downfall:FleeingMerchant","floor":27,"turns":4},{"damage":19,"enemies":"Gremlin Leader","floor":28,"turns":4},{"damage":18,"enemies":"Snake Plant","floor":29,"turns":3},{"damage":1,"enemies":"Centurion and Healer","floor":31,"turns":3},{"damage":0,"enemies":"Shelled Parasite and Fungi","floor":32,"turns":2},{"damage":22,"enemies":"WA_ARCHETYPE_CALM","floor":33,"turns":8},{"damage":6,"enemies":"3 Shapes","floor":36,"turns":4},{"damage":10,"enemies":"3 Darklings","floor":37,"turns":3},{"damage":0,"enemies":"3 Darklings","floor":38,"turns":4},{"damage":16,"enemies":"Transient","floor":39,"turns":5},{"damage":12,"enemies":"Jaw Worm Horde","floor":42,"turns":4},{"damage":8,"enemies":"Writhing Mass","floor":43,"turns":5},{"damage":22,"enemies":"Nemesis","floor":46,"turns":5},{"damage":0,"enemies":"Nemesis","floor":47,"turns":3},{"damage":2,"enemies":"Maw","floor":48,"turns":5},{"damage":5,"enemies":"3 Darklings","floor":49,"turns":4},{"damage":55,"enemies":"DF_ARCHETYPE_ORBS","floor":50,"turns":9},{"damage":28,"enemies":"downfall:CharBossMerchant","floor":52,"turns":6},{"damage":43,"enemies":"downfall:NeowBoss","floor":55,"turns":18},{"damage":87,"enemies":"downfall:NeowBossFinal","floor":56,"turns":8}],"seed_played":"-8129711893652262210","potions_obtained":[{"floor":4,"key":"ColorlessPotion"},{"floor":6,"key":"Explosive Potion"},{"floor":11,"key":"Dexterity Potion"},{"floor":15,"key":"Swift Potion"},{"floor":16,"key":"FairyPotion"},{"floor":22,"key":"Energy Potion"},{"floor":22,"key":"FearPotion"},{"floor":26,"key":"Slimebound:SpawnSlimePotion"},{"floor":33,"key":"Explosive Potion"},{"floor":42,"key":"ColorlessPotion"},{"floor":43,"key":"Slimebound:SpawnSlimePotion"},{"floor":49,"key":"Dexterity Potion"}],"is_trial":false,"path_per_floor":["R","M","M","?","?","M","T","M","M","R","E","?","R","E","M","B",null,"R","$","?","M","?","$","T","M","E","$","E","M","R","M","M","B",null,"R","M","M","?","M","R","T","M","M","R","?","E","?","M","M","B",null,"E","$","R","B","B"],"character_chosen":"SLIMEBOUND","items_purchased":["Slimebound:Gluttony","champ:DuelingGlove","Slimebound:GrowthPunch"],"campfire_rested":0,"item_purchase_floors":[19,27,53],"current_hp_per_floor":[53,53,53,53,53,52,52,53,52,52,49,49,49,46,45,45,56,56,57,45,48,59,59,59,58,42,42,43,41,41,48,54,47,56,56,54,52,59,59,59,59,51,47,57,57,60,66,69,69,69,69,45,45,45,30,0,0,0],"gold":94,"neow_bonus":"THREE_ENEMY_KILL","is_daily":false,"chose_seed":false,"campfire_upgraded":6,"win_rate":0.0,"timestamp":1613407286,"path_taken":["R","M","M","?","?","M","T","M","M","R","E","?","R","E","M","BOSS","R","$","?","?","?","?","T","M","E","$","E","M","R","M","M","BOSS","R","M","M","?","M","R","T","M","M","R","?","E","?","M","M","BOSS","E","$","R","BOSS","BOSS"],"items_purchased_type":["Card","Relic","Card"],"build_version":"2020-12-22","purchased_purges":0,"victory":false,"max_hp_per_floor":[59,59,59,59,59,59,59,59,59,59,59,59,59,59,59,59,59,59,59,59,59,59,59,59,59,59,59,59,59,59,59,59,59,59,59,59,59,59,59,59,59,59,59,69,69,69,69,69,69,69,69,69,69,69,69,69,69,69],"card_choices":[{"not_picked":["Slimebound:SlimeTap","Slimebound:LivingWall"],"picked":"Slimebound:TongueLash","floor":2},{"not_picked":["Slimebound:PressTheAttack","Slimebound:ProtectTheBoss"],"picked":"Slimebound:Prepare","floor":3},{"not_picked":["Slimebound:WasteNot","Slimebound:LevelUp"],"picked":"Slimebound:SamplingLick","floor":6},{"not_picked":["Slimebound:GoopSpray","Slimebound:SplitBruiser","Slimebound:ProtectTheBoss"],"picked":"SKIP","floor":8},{"not_picked":["Slimebound:SplitBruiser","Slimebound:RollThrough","Slimebound:TongueLash"],"picked":"SKIP","floor":9},{"not_picked":["Slimebound:SplitAcid","Slimebound:SamplingLick"],"picked":"Slimebound:RejuvenatingLick","floor":11},{"not_picked":["Slimebound:GoopSpray","Slimebound:SlimeTap"],"picked":"Slimebound:Nibble","floor":14},{"not_picked":["Slimebound:LivingWall","Slimebound:GrowthPunch","Slimebound:ComboTackle"],"picked":"SKIP","floor":15},{"not_picked":["Slimebound:Overexert","Slimebound:RallyTheTroops"],"picked":"Slimebound:LeechLife","floor":16},{"not_picked":["Slimebound:LeechEnergy","Slimebound:SplitBruiser"],"picked":"Slimebound:ItLooksTasty","floor":19},{"not_picked":["Slimebound:PressTheAttack","Slimebound:SlimeBarrage+1","Slimebound:FlameTackle"],"picked":"SKIP","floor":21},{"not_picked":["Slimebound:LeadByExample","Slimebound:FlameTackle","Slimebound:ItLooksTasty"],"picked":"SKIP","floor":23},{"not_picked":["Slimebound:Prepare","Slimebound:SplitAcid"],"picked":"Slimebound:LivingWall+1","floor":25},{"not_picked":["Slimebound:FlameTackle","Slimebound:GoopSpray+1"],"picked":"Slimebound:Schlurp+1","floor":26},{"not_picked":["Slimebound:SplitMire+1","Slimebound:Replication+1","Slimebound:RollThrough"],"picked":"SKIP","floor":27},{"not_picked":["Slimebound:Dissolve+1","Slimebound:ServeAndProtect+1","Slimebound:Teamwork+1"],"picked":"SKIP","floor":28},{"not_picked":["Slimebound:ItLooksTasty","Slimebound:FormOfPuddle+1"],"picked":"Slimebound:LevelUp+1","floor":29},{"not_picked":["Slimebound:FinishingTackle","Slimebound:Gluttony+1"],"picked":"Slimebound:SlimeSpikes+1","floor":31},{"not_picked":["Slimebound:GoopTackle","Slimebound:Prepare+1","Slimebound:SplitBruiser+1"],"picked":"SKIP","floor":32},{"not_picked":["Slimebound:SelfFormingGoo","Slimebound:Darklings+1"],"picked":"Slimebound:Recycling","floor":33},{"not_picked":["Slimebound:ComboTackle","Slimebound:SlimeTap+1","Slimebound:DivideAndConquer"],"picked":"SKIP","floor":36},{"not_picked":["Slimebound:FinishingTackle","Slimebound:SplitAcid+1"],"picked":"Slimebound:AcidTongue+1","floor":37},{"not_picked":["Slimebound:Gluttony+1","Slimebound:FinishingTackle+1"],"picked":"Slimebound:GoopSpray+1","floor":39},{"not_picked":["Slimebound:Prepare+1","Slimebound:Equalize"],"picked":"Slimebound:SlimeTap+1","floor":42},{"not_picked":["Slimebound:ServeAndProtect+1","Slimebound:Prepare+1","Slimebound:LeechEnergy"],"picked":"SKIP","floor":43},{"not_picked":["Slimebound:RainOfGoop+1","Slimebound:PrepareCrush+1"],"picked":"Slimebound:RejuvenatingLick+1","floor":46},{"not_picked":["Slimebound:ItLooksTasty","Slimebound:AcidTongue"],"picked":"Slimebound:HauntingLick+1","floor":48},{"not_picked":["Slimebound:Equalize+1","Slimebound:BestDefense","Slimebound:SplitLeeching+1"],"picked":"SKIP","floor":49},{"not_picked":["Slimebound:TagTeam","Slimebound:RainOfGoop+1","Slimebound:PressTheAttack"],"picked":"SKIP","floor":52}],"player_experience":531638,"relics_obtained":[{"floor":4,"key":"Omamori"},{"floor":7,"key":"Oddly Smooth Stone"},{"floor":11,"key":"Meat on the Bone"},{"floor":14,"key":"Shovel"},{"floor":22,"key":"Potion Belt"},{"floor":24,"key":"Ornamental Fan"},{"floor":26,"key":"Toxic Egg 2"},{"floor":26,"key":"MawBank"},{"floor":28,"key":"PreservedInsect"},{"floor":28,"key":"Turnip"},{"floor":38,"key":"TungstenRod"},{"floor":40,"key":"Darkstone Periapt"},{"floor":44,"key":"Regal Pillow"},{"floor":46,"key":"Vajra"},{"floor":46,"key":"Art of War"},{"floor":52,"key":"Lantern"},{"floor":52,"key":"Mummified Hand"}],"event_choices":[{"cards_removed":["Slimebound:Strike_Slimebound"],"damage_healed":0,"gold_gain":0,"player_choice":"Card Removal","damage_taken":0,"max_hp_gain":0,"max_hp_loss":0,"event_name":"The Cleric","floor":5,"gold_loss":0}],"is_beta":false,"boss_relics":[{"not_picked":["Pandora\u0027s Box","Runic Pyramid"],"picked":"Black Star"},{"not_picked":["Velvet Choker","SacredBark"],"picked":"Astrolabe"}],"items_purged_floors":[],"is_endless":false,"potions_floor_spawned":[4,6,9,11,15,16,21,26,29,33,36,37,42,43,49],"killed_by":"downfall:NeowBossFinal","ascension_level":15}}