{"host":"o7j6aatxjwpw1421","time":1613422886,"event":{"mods":["2.2 Compatiblity","AchievementEnabler","BaseMod","Colored Map","DeckTracker","Highlight Path","Keyboard Shortcuts","Minty Spire (QoL Compilation)","Permanent Neow","Quick Restart","StSLib","SuperFastMode","everything is the same but u backflip on backflip"],"gold_per_floor":[116,130,29,79,8,8,8,41,66,66,66,66,93,113,113,187,187,206,106,31,48,67,99,99,134,161,176,193,193,193,212,212,288,338,349,365,382,398,410,410,439,439,465,507,133,144,144,157,157,157,157,157,7,33,33],"floor_reached":56,"language":"KOR","playtime":4081,"items_purged":["Writhe","Riddle With Holes","Dagger Spray","Deadly Poison"],"score":2100,"play_id":"8636baba-d25a-4213-8231-a22cedcd25f6","local_time":"20210216060126","is_ascension_mode":true,"campfire_choices":[{"data":"Storm of Steel","floor":6.0,"key":"SMITH"},{"data":"Glass Knife","floor":11.0,"key":"SMITH"},{"data":"Noxious Fumes","floor":15.0,"key":"SMITH"},{"floor":24.0,"key":"REST"},{"floor":29.0,"key":"REST"},{"floor":32.0,"key":"REST"},{"data":"Calculated Gamble","floor":40.0,"key":"SMITH"},{"data":"Phantasmal Killer","floor":42.0,"key":"SMITH"},{"data":"Reflex","floor":47.0,"key":"SMITH"},{"floor":49.0,"key":"RECALL"},{"data":"Tactician","floor":52.0,"key":"SMITH"}],"circlet_count":0,"master_deck":["AscendersBane","Survivor+1","Neutralize","Storm of Steel+1","Noxious Fumes+1","Dagger Throw","Footwork","Glass Knife+1","Acrobatics+1","Burst","Adrenaline","Expertise","Phantasmal Killer+1","Envenom","Predator","Grand Finale+1","Grand Finale","Calculated Gamble+1","Tactician+1","Prepared+1","Reflex+1","Concentrate+1","Blur","Eviscerate+1","Adrenaline","Escape Plan"],"relics":["Ring of the Snake","StoneCalendar","Oddly Smooth Stone","Tough Bandages","Pandora\u0027s Box","White Beast Statue","Blood Vial","Lantern","Tiny House","Question Card","MawBank","Bag of Preparation","Bottled Lightning","War Paint"],"acts_visited":["Exordium","TheCity","TheBeyond","TheEnding"],"potions_floor_usage":[55],"damage_taken":[{"damage":0.0,"enemies":"Small Slimes","floor":1.0,"turns":3.0},{"damage":0.0,"enemies":"Cultist","floor":2.0,"turns":4.0},{"damage":14.0,"enemies":"Gremlin Nob","floor":8.0,"turns":4.0},{"damage":22.0,"enemies":"Lagavulin","floor":13.0,"turns":7.0},{"damage":0.0,"enemies":"Jaw Worm","floor":14.0,"turns":1.0},{"damage":3.0,"enemies":"Hexaghost","floor":16.0,"turns":9.0},{"damage":0.0,"enemies":"Shell Parasite","floor":18.0,"turns":2.0},{"damage":0.0,"enemies":"3 Byrds","floor":21.0,"turns":4.0},{"damage":0.0,"enemies":"3 Cultists","floor":22.0,"turns":2.0},{"damage":44.0,"enemies":"Gremlin Leader","floor":23.0,"turns":6.0},{"damage":18.0,"enemies":"Book of Stabbing","floor":25.0,"turns":4.0},{"damage":11.0,"enemies":"Snecko","floor":27.0,"turns":3.0},{"damage":0.0,"enemies":"Cultist and Chosen","floor":28.0,"turns":2.0},{"damage":0.0,"enemies":"Snake Plant","floor":31.0,"turns":3.0},{"damage":12.0,"enemies":"Automaton","floor":33.0,"turns":7.0},{"damage":0.0,"enemies":"3 Shapes","floor":35.0,"turns":1.0},{"damage":0.0,"enemies":"3 Darklings","floor":36.0,"turns":4.0},{"damage":1.0,"enemies":"Sphere and 2 Shapes","floor":37.0,"turns":6.0},{"damage":10.0,"enemies":"Writhing Mass","floor":38.0,"turns":7.0},{"damage":8.0,"enemies":"Maw","floor":39.0,"turns":7.0},{"damage":0.0,"enemies":"Giant Head","floor":41.0,"turns":5.0},{"damage":0.0,"enemies":"Nemesis","floor":44.0,"turns":3.0},{"damage":0.0,"enemies":"3 Darklings","floor":46.0,"turns":3.0},{"damage":0.0,"enemies":"Sphere and 2 Shapes","floor":48.0,"turns":4.0},{"damage":10.0,"enemies":"Donu and Deca","floor":50.0,"turns":4.0},{"damage":0,"enemies":"Shield and Spear","floor":54,"turns":2},{"damage":92,"enemies":"The Heart","floor":55,"turns":7}],"seed_played":"4487370879626341788","potions_obtained":[{"floor":1.0,"key":"Regen Potion"},{"floor":13.0,"key":"CunningPotion"},{"floor":18.0,"key":"PowerPotion"},{"floor":23.0,"key":"DuplicationPotion"},{"floor":25.0,"key":"EssenceOfSteel"},{"floor":27.0,"key":"EssenceOfSteel"},{"floor":28.0,"key":"Fire Potion"},{"floor":31.0,"key":"FairyPotion"},{"floor":33.0,"key":"Strength Potion"},{"floor":34.0,"key":"Block Potion"},{"floor":35.0,"key":"Ancient Potion"},{"floor":39.0,"key":"Swift Potion"},{"floor":41.0,"key":"Swift Potion"},{"floor":44.0,"key":"PowerPotion"},{"floor":54,"key":"Explosive Potion"}],"is_trial":false,"path_per_floor":["M","M","$","?","$","R","?","E","T","?","R","T","E","M","R","B",null,"M","$","?","M","M","E","R","E","T","M","M","R","?","M","R","B",null,"M","M","M","M","M","R","E","R","T","E","$","M","R","M","R","B",null,"R","$","E","B",null],"character_chosen":"THE_SILENT","items_purchased":["Dagger Throw","Footwork","Bottled Lightning"],"campfire_rested":3,"item_purchase_floors":[3,5,45],"current_hp_per_floor":[59,59,59,53,53,53,53,39,39,39,39,39,32,32,32,29,57,57,57,57,57,57,13,32,14,14,5,7,26,20,22,41,31,62,64,66,67,59,53,53,55,55,55,57,57,59,59,61,61,53,67,67,67,69,21],"gold":33,"neow_bonus":"THREE_RARE_CARDS","is_daily":false,"chose_seed":false,"campfire_upgraded":7,"win_rate":0.0,"timestamp":1613422886,"path_taken":["M","M","$","?","?","R","?","E","T","?","R","?","E","M","R","BOSS","M","$","?","?","M","E","R","E","T","M","M","R","?","M","R","BOSS","M","M","M","M","M","R","E","R","T","E","$","M","R","M","R","BOSS","R","$","E","BOSS"],"items_purchased_type":["Card","Card","Relic"],"build_version":"2020-12-22","purchased_purges":4,"victory":true,"max_hp_per_floor":[66,66,66,66,66,66,66,66,66,66,66,66,66,66,66,66,66,66,66,66,66,66,66,66,66,66,66,66,66,66,66,66,66,71,71,71,71,71,71,71,71,71,71,71,71,71,71,71,71,71,71,71,71,71,71],"card_choices":[{"not_picked":["After Image","Burst"],"picked":"Storm of Steel","floor":0.0},{"not_picked":["PiercingWail","Riddle With Holes"],"picked":"Dagger Spray","floor":1.0},{"not_picked":["Dagger Throw","Reflex"],"picked":"Noxious Fumes","floor":2.0},{"not_picked":["Slice","Quick Slash"],"picked":"Glass Knife","floor":8.0},{"not_picked":["Noxious Fumes","Prepared"],"picked":"Acrobatics","floor":13.0},{"not_picked":["Footwork","PiercingWail","Deflect"],"picked":"SKIP","floor":14.0},{"not_picked":["Night Terror","Bullet Time"],"picked":"Burst","floor":16.0},{"not_picked":["Masterful Stab","Dagger Throw","Dodge and Roll"],"picked":"SKIP","floor":18.0},{"not_picked":["Deflect","Flying Knee"],"picked":"Calculated Gamble","floor":21.0},{"not_picked":["Noxious Fumes","Backstab","Expertise+1"],"picked":"SKIP","floor":22.0},{"not_picked":["Accuracy","Reflex"],"picked":"Tactician","floor":23.0},{"not_picked":["Grand Finale","Sucker Punch+1","Underhanded Strike"],"picked":"SKIP","floor":25.0},{"not_picked":["Dash","Quick Slash+1"],"picked":"Prepared+1","floor":27.0},{"not_picked":["Flying Knee","PiercingWail"],"picked":"Reflex","floor":28.0},{"not_picked":["Deadly Poison+1","Quick Slash","Backstab"],"picked":"SKIP","floor":31.0},{"not_picked":["Slice","Bane"],"picked":"Concentrate+1","floor":35.0},{"not_picked":["Slice","Dagger Spray"],"picked":"Blur","floor":36.0},{"not_picked":["Eviscerate+1","Bane+1","Underhanded Strike"],"picked":"SKIP","floor":37.0},{"not_picked":["Bane+1","Underhanded Strike"],"picked":"Eviscerate+1","floor":37.0},{"not_picked":["Crippling Poison","Deflect"],"picked":"Adrenaline","floor":38.0},{"not_picked":["Flying Knee","PiercingWail","Accuracy"],"picked":"SKIP","floor":39.0},{"not_picked":["Blade Dance+1","Predator+1","Sucker Punch"],"picked":"SKIP","floor":41.0},{"not_picked":["Blur+1","Leg Sweep","Cloak And Dagger","Bane"],"picked":"SKIP","floor":44.0},{"not_picked":["Dagger Spray","Blur","Sucker Punch","Flying Knee"],"picked":"SKIP","floor":46.0},{"not_picked":["Deflect","Heel Hook","Burst","Eviscerate"],"picked":"SKIP","floor":48.0},{"not_picked":["Blade Dance","Dagger Spray","Setup"],"picked":"Escape Plan","floor":54}],"player_experience":610842,"relics_obtained":[{"floor":8.0,"key":"StoneCalendar"},{"floor":9.0,"key":"Oddly Smooth Stone"},{"floor":13.0,"key":"Tough Bandages"},{"floor":23.0,"key":"White Beast Statue"},{"floor":25.0,"key":"Blood Vial"},{"floor":26.0,"key":"Lantern"},{"floor":41.0,"key":"Question Card"},{"floor":43.0,"key":"MawBank"},{"floor":44.0,"key":"Bag of Preparation"},{"floor":54,"key":"War Paint"}],"event_choices":[{"damage_healed":0.0,"max_hp_gain":0.0,"max_hp_loss":0.0,"gold_gain":50.0,"event_name":"FaceTrader","player_choice":"Touch","floor":4.0,"gold_loss":0.0,"damage_taken":6.0},{"damage_healed":0.0,"max_hp_gain":0.0,"max_hp_loss":0.0,"gold_gain":0.0,"event_name":"Dead Adventurer","player_choice":"Searched \u00270\u0027 times","floor":7.0,"gold_loss":0.0,"damage_taken":0.0},{"cards_removed":["Strike_G"],"damage_healed":0.0,"max_hp_gain":0.0,"max_hp_loss":0.0,"gold_gain":0.0,"event_name":"Living Wall","player_choice":"Forget","floor":10.0,"gold_loss":0.0,"damage_taken":0.0},{"damage_healed":0.0,"max_hp_gain":0.0,"max_hp_loss":0.0,"gold_gain":0.0,"cards_transformed":["Unload","Glass Knife"],"event_name":"Designer","player_choice":"Transformed Cards","floor":20.0,"gold_loss":75.0,"damage_taken":0.0,"cards_obtained":["Grand Finale","Grand Finale"]},{"damage_healed":0.0,"max_hp_gain":0.0,"max_hp_loss":0.0,"gold_gain":0.0,"event_name":"Knowing Skull","player_choice":"","floor":30.0,"potions_obtained":[],"gold_loss":0.0,"damage_taken":6.0,"cards_obtained":[]}],"is_beta":false,"boss_relics":[{"not_picked":["Philosopher\u0027s Stone","SlaversCollar"],"picked":"Pandora\u0027s Box"},{"not_picked":["Sozu","Fusion Hammer"],"picked":"Tiny House"}],"items_purged_floors":[3,19,45,53],"is_endless":false,"potions_floor_spawned":[1,13,18,22,23,25,27,28,31,33,35,36,37,38,39,41,44,46,48,54],"ascension_level":15}}