{"host":"jksq986fwerfio60","time":1613366739,"event":{"mods":["BaseMod","Colored Map","Colored Powertips","Downfall","Hermit","Jorbs\u0027s Wanderer Trilogy","Marisa¡]Ãú«B¡@Å]²z¨F¡^","Minty Spire (QoL Compilation)","Replay The Spire","Shop Mod","StSLib","The Construct","UnlockEverythingMod"],"gold_per_floor":[99,111,128,146,156,156,183,183,195,195,36,36,36,36,50,152,152,152,163,163,263,263,279,306,321,345,360,360,387,387,401,415,519,519,519,519,544,572,591,591,616,654,321,52,52,69,103,103,122,122,122,122],"floor_reached":50,"language":"ZHS","playtime":4679,"items_purged":["Slimebound:Defend_Slimebound"],"score":517,"play_id":"ce6ee80d-14f6-4c39-b64f-a964ae19d473","local_time":"20210215132539","is_ascension_mode":false,"campfire_choices":[{"data":"Slimebound:Split","floor":1.0,"key":"SMITH"},{"data":"Slimebound:SpikyOuterGoop","floor":8.0,"key":"SMITH"},{"data":"Slimebound:RainOfGoop","floor":10.0,"key":"SMITH"},{"data":"Slimebound:SlimeSpikes","floor":13.0,"key":"SMITH"},{"data":"Slimebound:DuplicatedForm","floor":18.0,"key":"SMITH"},{"floor":30.0,"key":"REST"},{"data":"Slimebound:RejuvenatingLick","floor":35.0,"key":"SMITH"},{"floor":40,"key":"REST"},{"data":"Slimebound:CorrosiveSpit","floor":45,"key":"SMITH"}],"circlet_count":0,"master_deck":["Slimebound:Strike_Slimebound","Slimebound:Strike_Slimebound","Slimebound:Tackle","Slimebound:Defend_Slimebound","Slimebound:Split+1","Slimebound:CorrosiveSpit+1","Slimebound:SlimeSpikes+1","Slimebound:MegaLick+1","Slimebound:SlimeTap","Slimebound:SpikyOuterGoop+1","Slimebound:RainOfGoop+1","Slimebound:RejuvenatingLick+1","Slimebound:RejuvenatingLick+1","Slimebound:GoopSpray","Slimebound:Chomp","Slimebound:Replication","Slimebound:Chomp","Slimebound:DisruptingSlam+1","Slimebound:SamplingLick","Slimebound:LeechEnergy+1","Slimebound:GoopSpray+1","Slimebound:LevelUp+1","Slimebound:AcidTongue","Slimebound:MinionMaster","Slimebound:Nibble","Slimebound:Schlurp+1","Slimebound:ItLooksTasty","Slimebound:LeechingTouch","Slimebound:LeechingTouch+1","Slimebound:RejuvenatingLick+1"],"relics":["Slimebound:AbsorbEndCombatUpgraded","Tiny Chest","MutagenicStrength","Blue Candle","Replay:Mystery Machine","War Paint","Juzu Bracelet","Black Star","CeramicFish","ReplayTheSpireMod:Lightbulb","StrikeDummy","Blue Doll","Garlic","Unceasing Top","Oddly Smooth Stone"],"acts_visited":["Exordium","TheCity","TheBeyond"],"potions_floor_usage":[47,50,50],"damage_taken":[{"damage":5.0,"enemies":"2 Louse","floor":2.0,"turns":2.0},{"damage":3.0,"enemies":"Small Slimes","floor":3.0,"turns":3.0},{"damage":1.0,"enemies":"Jaw Worm","floor":4.0,"turns":5.0},{"damage":8.0,"enemies":"Large Slime","floor":5.0,"turns":5.0},{"damage":0.0,"enemies":"Blue Slaver","floor":9.0,"turns":3.0},{"damage":5.0,"enemies":"downfall:FleeingMerchant","floor":11.0,"turns":4.0},{"damage":13.0,"enemies":"2 Fungi Beasts","floor":15.0,"turns":4.0},{"damage":27.0,"enemies":"DF_ARCHETYPE_STREAMLINE","floor":16.0,"turns":11.0},{"damage":0.0,"enemies":"Shell Parasite","floor":19.0,"turns":7.0},{"damage":54.0,"enemies":"downfall:Augmenter","floor":21.0,"turns":7.0},{"damage":14.0,"enemies":"Chosen","floor":23.0,"turns":5.0},{"damage":12.0,"enemies":"Snecko","floor":25.0,"turns":6.0},{"damage":17.0,"enemies":"Shelled Parasite and Fungi","floor":27.0,"turns":3.0},{"damage":0.0,"enemies":"Centurion and Healer","floor":31.0,"turns":5.0},{"damage":23.0,"enemies":"Snake Plant","floor":32.0,"turns":4.0},{"damage":35.0,"enemies":"WA_ARCHETYPE_CALM","floor":33.0,"turns":11.0},{"damage":6.0,"enemies":"3 Darklings","floor":38.0,"turns":4.0},{"damage":37.0,"enemies":"3 Shapes","floor":39.0,"turns":5.0},{"damage":77,"enemies":"Reptomancer","floor":42,"turns":6},{"damage":0,"enemies":"downfall:FleeingMerchant","floor":44,"turns":4},{"damage":33,"enemies":"Sphere and 2 Shapes","floor":46,"turns":7},{"damage":23,"enemies":"Nemesis","floor":47,"turns":7},{"damage":22,"enemies":"Spire Growth","floor":49,"turns":5},{"damage":96,"enemies":"SI_POISON_ARCHETYPE","floor":50,"turns":21}],"seed_played":"2429478582047631568","potions_obtained":[{"floor":4.0,"key":"bronze:BurnAndBuffPotion"},{"floor":5.0,"key":"Dexterity Potion"},{"floor":9.0,"key":"Swift Potion"},{"floor":15.0,"key":"SkillPotion"},{"floor":25.0,"key":"Elixir"},{"floor":27.0,"key":"BlessingOfTheForge"},{"floor":32.0,"key":"Venom Potion"},{"floor":42,"key":"Regen Potion"},{"floor":46,"key":"Fire Potion"},{"floor":47,"key":"Explosive Potion"}],"is_trial":false,"path_per_floor":["R_BF","M","M","M","M","?","T","R","M","R","$","?","R","?","M","B",null,"R","M","?","?","?","M","T","M","T","M","?","T","R","M","M","B",null,"R","?","T","M","M","R","T","E","?","$","R","M","E","?","M","B"],"character_chosen":"SLIMEBOUND","items_purchased":["Slimebound:RejuvenatingLick","Slimebound:LeechingTouch","Garlic"],"campfire_rested":2,"item_purchase_floors":[11,44,44],"current_hp_per_floor":[71,66,65,70,67,67,67,67,71,71,70,70,70,63,54,35,71,71,71,71,29,24,19,19,22,22,20,20,20,41,50,36,16,71,71,71,71,71,49,70,70,8,80,80,80,56,63,63,50,0,0,0],"gold":122,"neow_bonus":"TEN_PERCENT_HP_BONUS","is_daily":false,"chose_seed":false,"campfire_upgraded":7,"win_rate":0.0,"timestamp":1613366739,"path_taken":["R_BF","M","M","M","M","?","T","R","M","R","$","?","R","?","M","BOSS","R","M","?","?","?","M","T","M","?","M","?","?","R","M","M","BOSS","R","?","?","M","M","R","T","E","?","$","R","M","E","?","M","BOSS"],"items_purchased_type":["Card","Card","Relic"],"build_version":"2020-12-22","purchased_purges":1,"victory":false,"max_hp_per_floor":[71,71,71,71,71,71,71,71,71,71,71,71,71,71,71,71,71,71,71,71,71,71,71,71,71,71,71,71,71,71,71,71,71,71,71,71,71,71,71,71,71,71,80,80,80,80,80,80,80,80,80,80],"card_choices":[{"not_picked":["Slimebound:ItLooksTasty","Slimebound:ViciousTackle"],"picked":"Slimebound:SlimeSpikes","floor":2.0},{"not_picked":["Slimebound:SplitAcid","Slimebound:SlimeSpikes"],"picked":"Slimebound:MegaLick","floor":3.0},{"not_picked":["Slimebound:FlameTackle","Slimebound:Prepare"],"picked":"Slimebound:SlimeTap","floor":4.0},{"not_picked":["Slimebound:SplitLeeching","Slimebound:Chomp"],"picked":"Slimebound:SpikyOuterGoop","floor":5.0},{"not_picked":["Slimebound:SlimeSpikes","Slimebound:Prepare"],"picked":"Slimebound:RainOfGoop","floor":9.0},{"not_picked":["Slimebound:GrowthPunch","Slimebound:RallyTheTroops"],"picked":"Slimebound:RejuvenatingLick","floor":11.0},{"not_picked":["Slimebound:SplitAcid","Slimebound:SplitBruiser"],"picked":"Slimebound:GoopSpray","floor":15.0},{"not_picked":["Slimebound:DouseInSlime","Slimebound:Overexert"],"picked":"Slimebound:DuplicatedForm","floor":16.0},{"not_picked":["Slimebound:SlimeSpikes+1","Slimebound:FlameTackle"],"picked":"Slimebound:Chomp","floor":19.0},{"not_picked":["Slimebound:Replication+1","Slimebound:SplitBruiser"],"picked":"Slimebound:DisruptingSlam+1","floor":21.0},{"not_picked":["Slimebound:SplitLeeching","Slimebound:Gluttony"],"picked":"Slimebound:SamplingLick","floor":23.0},{"not_picked":["Slimebound:RollThrough","Slimebound:ViciousTackle"],"picked":"Slimebound:LeechEnergy+1","floor":25.0},{"not_picked":["Slimebound:Repurpose","Slimebound:SpikyOuterGoop+1"],"picked":"Slimebound:GoopSpray+1","floor":27.0},{"not_picked":["Slimebound:Prepare","Slimebound:BestDefense+1"],"picked":"Slimebound:LevelUp+1","floor":31.0},{"not_picked":["Slimebound:PrepareCrush","Slimebound:GoopSpray"],"picked":"Slimebound:AcidTongue","floor":32.0},{"not_picked":["Slimebound:Overexert","Slimebound:Teamwork"],"picked":"Slimebound:MinionMaster","floor":33.0},{"not_picked":["Slimebound:SplitAcid","Slimebound:LeechEnergy"],"picked":"Slimebound:Nibble","floor":38.0},{"not_picked":["Slimebound:ComboTackle+1","Slimebound:PressTheAttack+1"],"picked":"Slimebound:Schlurp+1","floor":39.0},{"not_picked":["Slimebound:SplitLeeching","Slimebound:FirmFortitude"],"picked":"Slimebound:ItLooksTasty","floor":42},{"not_picked":["Slimebound:LivingWall","Slimebound:RallyTheTroops","Slimebound:DisruptingSlam+1"],"picked":"SKIP","floor":44},{"not_picked":["Slimebound:FinishingTackle","Slimebound:BestDefense","Slimebound:Prepare"],"picked":"SKIP","floor":46},{"not_picked":["Slimebound:PressTheAttack+1","Slimebound:ForwardTackle"],"picked":"Slimebound:LeechingTouch+1","floor":47},{"not_picked":["Slimebound:HauntingLick","Slimebound:FinishingTackle+1"],"picked":"Slimebound:RejuvenatingLick+1","floor":49}],"player_experience":8603,"relics_obtained":[{"floor":21.0,"key":"MutagenicStrength"},{"floor":24.0,"key":"Replay:Mystery Machine"},{"floor":26.0,"key":"War Paint"},{"floor":29.0,"key":"Juzu Bracelet"},{"floor":37.0,"key":"CeramicFish"},{"floor":41,"key":"ReplayTheSpireMod:Lightbulb"},{"floor":42,"key":"StrikeDummy"},{"floor":42,"key":"Blue Doll"},{"floor":47,"key":"Unceasing Top"},{"floor":47,"key":"Oddly Smooth Stone"}],"event_choices":[{"damage_healed":0.0,"max_hp_gain":0.0,"max_hp_loss":0.0,"gold_gain":0.0,"event_name":"Scrap Ooze","player_choice":"Success","floor":14.0,"gold_loss":0.0,"damage_taken":7.0,"relics_obtained":["Tiny Chest"]}],"is_beta":false,"boss_relics":[{"not_picked":["Painkiller Herb","Sozu"],"picked":"Slimebound:AbsorbEndCombatUpgraded"},{"not_picked":["Astrolabe","Kintsugi"],"picked":"Black Star"}],"items_purged_floors":[11],"is_endless":false,"potions_floor_spawned":[4,5,9,15,25,27,32,42,46,47],"killed_by":"SI_POISON_ARCHETYPE","ascension_level":0}}