{"host":"7m635teefjn47zxe","time":1613391421,"event":{"mods":["BaseMod","Colored Map","Minty Spire (QoL Compilation)","Permanent Neow","Relic Stats","StSLib","everything is the same but u backflip on backflip"],"gold_per_floor":[117,133,146,161,236,261,436,436,436],"floor_reached":8,"language":"ENG","playtime":560,"items_purged":[],"score":67,"play_id":"c8b8f2a9-65f2-4a4f-ab0a-cecb5241ff7b","local_time":"20210215131701","is_ascension_mode":true,"campfire_choices":[],"circlet_count":0,"master_deck":["Survivor","Neutralize","Distraction","Tactician","Choke","Bane","Tactician","Heel Hook","Flechettes","Venomology","Prepared","Die Die Die","Dodge and Roll","Cloak And Dagger","Acrobatics","Footwork","Prepared","Doubt"],"relics":["Pandora\u0027s Box","Pantograph"],"acts_visited":["Exordium"],"potions_floor_usage":[2,3,4,6,8],"damage_taken":[{"damage":0,"enemies":"Cultist","floor":1,"turns":3},{"damage":12,"enemies":"Jaw Worm","floor":2,"turns":2},{"damage":8,"enemies":"Small Slimes","floor":3,"turns":2},{"damage":7,"enemies":"Looter","floor":4,"turns":2},{"damage":19,"enemies":"Lagavulin","floor":6,"turns":9},{"damage":20,"enemies":"Gremlin Nob","floor":8,"turns":3}],"seed_played":"-1633010574138417723","potions_obtained":[{"floor":1,"key":"SmokeBomb"}],"is_trial":false,"path_per_floor":["M","M","M","M","?","E","?","E"],"character_chosen":"THE_SILENT","items_purchased":[],"campfire_rested":0,"item_purchase_floors":[],"current_hp_per_floor":[70,58,50,48,37,18,18,0,0],"gold":436,"neow_bonus":"BOSS_RELIC","is_daily":false,"chose_seed":false,"campfire_upgraded":0,"win_rate":0.0,"timestamp":1613391421,"path_taken":["M","M","?","M","?","E","?","E"],"items_purchased_type":[],"build_version":"2020-12-22","purchased_purges":0,"victory":false,"max_hp_per_floor":[70,70,70,70,70,70,70,70,70],"relic_stats":{"counters":[6,21],"Pantograph":0,"Pandora\u0027s Box":["Distraction","Tactician","Choke","Bane","Tactician","Heel Hook","Flechettes","Venomology","Prepared","Die Die Die"],"obtain_stats":[{"Pantograph":6,"Pandora\u0027s Box":0,"Ring of the Snake":0},{"Pantograph":5,"Pandora\u0027s Box":0,"Ring of the Snake":0},{"Pantograph":18,"Pandora\u0027s Box":0,"Ring of the Snake":0}]},"card_choices":[{"not_picked":["Bane","PiercingWail"],"picked":"Dodge and Roll","floor":1},{"not_picked":["Poisoned Stab","Dagger Throw"],"picked":"Cloak And Dagger","floor":2},{"not_picked":["Sucker Punch","Distraction"],"picked":"Acrobatics","floor":3},{"not_picked":["Skewer","Dagger Spray"],"picked":"Footwork","floor":4},{"not_picked":["Escape Plan","Envenom"],"picked":"Prepared","floor":6}],"player_experience":185351,"relics_obtained":[{"floor":6,"key":"Pantograph"}],"event_choices":[{"damage_healed":0,"gold_gain":75,"player_choice":"Gather Gold","damage_taken":11,"max_hp_gain":0,"max_hp_loss":0,"event_name":"World of Goop","floor":5,"gold_loss":0},{"damage_healed":0,"gold_gain":175,"player_choice":"AGREE","damage_taken":0,"max_hp_gain":0,"max_hp_loss":0,"event_name":"Liars Game","floor":7,"gold_loss":0,"cards_obtained":["Doubt"]}],"is_beta":false,"boss_relics":[],"items_purged_floors":[],"is_endless":false,"potions_floor_spawned":[1],"killed_by":"Gremlin Nob","ascension_level":3}}