{"host":"6azrrw3tf7wb0f4b","time":1613407993,"event":{"mods":["BaseMod","DeckTracker","Minty Spire (QoL Compilation)","SuperFastMode"],"gold_per_floor":[118,118,43,193,204,230,155,155,155,155,175,34,63,76,76,153,153,167,187,201,214,214,214,214],"floor_reached":23,"language":"KOR","playtime":410,"items_purged":["Strike_B","Strike_B"],"score":418,"play_id":"ac96892d-fdc8-476f-99d9-fa351ea00b33","local_time":"20210216015313","is_ascension_mode":true,"campfire_choices":[{"data":"Defragment","floor":8,"key":"SMITH"},{"data":"Go for the Eyes","floor":15,"key":"SMITH"}],"circlet_count":0,"master_deck":["AscendersBane","Strike_B","Defend_B","Defend_B","Defend_B","Defend_B","Zap","Dualcast+1","Go for the Eyes+1","Ball Lightning","Defragment+1","Leap","Self Repair","Sweeping Beam","Capacitor","Electrodynamics","Lockon","Coolheaded","Auto Shields","Loop"],"relics":["FrozenCore","NeowsBlessing","Akabeko","Pen Nib","Darkstone Periapt","Bottled Tornado"],"acts_visited":["Exordium","TheCity"],"potions_floor_usage":[20,23],"damage_taken":[{"damage":0,"enemies":"Small Slimes","floor":1,"turns":1},{"damage":0,"enemies":"2 Louse","floor":5,"turns":1},{"damage":0,"enemies":"Gremlin Nob","floor":6,"turns":1},{"damage":0,"enemies":"Cultist","floor":11,"turns":2},{"damage":11,"enemies":"Lagavulin","floor":13,"turns":6},{"damage":6,"enemies":"2 Fungi Beasts","floor":14,"turns":2},{"damage":28,"enemies":"The Guardian","floor":16,"turns":11},{"damage":18,"enemies":"Chosen","floor":18,"turns":6},{"damage":7,"enemies":"3 Byrds","floor":19,"turns":4},{"damage":19,"enemies":"Centurion and Healer","floor":20,"turns":5},{"damage":13,"enemies":"Cultist and Chosen","floor":21,"turns":6},{"damage":30,"enemies":"Slavers","floor":23,"turns":2}],"seed_played":"2507733899445353097","potions_obtained":[{"floor":6,"key":"SteroidPotion"},{"floor":14,"key":"Ancient Potion"},{"floor":16,"key":"SneckoOil"},{"floor":18,"key":"SkillPotion"},{"floor":20,"key":"EssenceOfDarkness"}],"is_trial":false,"path_per_floor":["M","?","$","?","M","E","?","R","T","?","M","$","E","M","R","B",null,"M","M","M","M","?","E"],"character_chosen":"DEFECT","items_purchased":["Self Repair"],"campfire_rested":0,"item_purchase_floors":[12],"current_hp_per_floor":[64,46,46,46,46,46,46,46,46,46,46,46,42,43,43,22,59,48,48,36,30,30,0,0],"gold":214,"neow_bonus":"THREE_ENEMY_KILL","is_daily":false,"chose_seed":false,"campfire_upgraded":2,"win_rate":0.0,"timestamp":1613407993,"path_taken":["M","?","$","?","M","E","?","R","T","?","M","$","E","M","R","BOSS","M","M","?","M","?","E"],"items_purchased_type":["Card"],"build_version":"2020-12-22","purchased_purges":2,"victory":false,"max_hp_per_floor":[71,71,71,71,71,71,71,71,71,71,71,71,71,71,71,71,71,71,71,71,71,71,71,71],"card_choices":[{"not_picked":["Beam Cell","Barrage"],"picked":"Go for the Eyes","floor":1},{"not_picked":["Sweeping Beam","Turbo"],"picked":"Ball Lightning","floor":5},{"not_picked":["Skim","Biased Cognition"],"picked":"Defragment","floor":6},{"not_picked":["Redo","Barrage"],"picked":"Leap","floor":11},{"not_picked":["Go for the Eyes","Turbo"],"picked":"Sweeping Beam","floor":13},{"not_picked":["Streamline","Conserve Battery"],"picked":"Capacitor","floor":14},{"not_picked":["Multi-Cast","Hyperbeam"],"picked":"Electrodynamics","floor":16},{"not_picked":["Static Discharge","Conserve Battery"],"picked":"Lockon","floor":18},{"not_picked":["Streamline+1","Gash+1"],"picked":"Coolheaded","floor":19},{"not_picked":["Beam Cell","Sweeping Beam"],"picked":"Auto Shields","floor":20},{"not_picked":["Doom and Gloom","Stack"],"picked":"Loop","floor":21}],"player_experience":791232,"relics_obtained":[{"floor":6,"key":"Pen Nib"},{"floor":9,"key":"Darkstone Periapt"},{"floor":13,"key":"Bottled Tornado"}],"event_choices":[{"damage_healed":0,"gold_gain":0,"player_choice":"Success","damage_taken":18,"relics_obtained":["Akabeko"],"max_hp_gain":0,"max_hp_loss":0,"event_name":"Scrap Ooze","floor":2,"gold_loss":0},{"damage_healed":0,"gold_gain":150,"player_choice":"AGREE","damage_taken":0,"max_hp_gain":0,"max_hp_loss":0,"event_name":"Liars Game","floor":4,"gold_loss":0,"cards_obtained":["Doubt"]},{"cards_removed":["Doubt"],"damage_healed":0,"gold_gain":0,"player_choice":"Card Removal","damage_taken":0,"max_hp_gain":0,"max_hp_loss":0,"event_name":"The Cleric","floor":7,"gold_loss":75},{"damage_healed":0,"gold_gain":0,"player_choice":"Forge","damage_taken":0,"max_hp_gain":0,"max_hp_loss":0,"event_name":"Accursed Blacksmith","floor":10,"gold_loss":0,"cards_upgraded":["Dualcast"]},{"cards_removed":["Strike_B"],"damage_healed":0,"gold_gain":0,"player_choice":"Elegance","damage_taken":0,"max_hp_gain":0,"max_hp_loss":0,"event_name":"Back to Basics","floor":22,"gold_loss":0}],"is_beta":false,"boss_relics":[{"not_picked":["Black Star","SlaversCollar"],"picked":"FrozenCore"}],"items_purged_floors":[3,12],"is_endless":false,"potions_floor_spawned":[6,14,16,18,20],"killed_by":"Slavers","ascension_level":17}}