{"host":"5raohst9sk3kvp5v","time":1613418347,"event":{"mods":["BaseMod","Colored Powertips","Highlight Path","Minty Spire (QoL Compilation)","Quick Restart","Relic Stats","StSLib"],"gold_per_floor":[109,124,7,26,26,56,56,67,116,116,126,152,77,107,107,107,107],"floor_reached":16,"language":"ENG","playtime":831,"items_purged":["Strike_R"],"score":234,"play_id":"35d10b8e-356f-4c81-98e7-2483d6b88e26","local_time":"20210215134547","is_ascension_mode":true,"campfire_choices":[{"floor":10,"key":"REST"},{"data":"Rupture","floor":15,"key":"SMITH"}],"circlet_count":0,"master_deck":["AscendersBane","Strike_R","Strike_R","Strike_R","Defend_R","Defend_R","Defend_R","Defend_R","Bash","Brutality","Twin Strike","Battle Trance","Feel No Pain","Carnage","Seeing Red","Hemokinesis","Whirlwind","Ghostly Armor","Rupture+1","Sword Boomerang"],"relics":["Burning Blood","Kunai","Oddly Smooth Stone","Lantern","Art of War"],"acts_visited":["Exordium"],"potions_floor_usage":[14,16],"damage_taken":[{"damage":9,"enemies":"Small Slimes","floor":1,"turns":4},{"damage":3,"enemies":"Cultist","floor":2,"turns":3},{"damage":3,"enemies":"2 Louse","floor":4,"turns":3},{"damage":32,"enemies":"Gremlin Nob","floor":6,"turns":4},{"damage":31,"enemies":"Exordium Wildlife","floor":8,"turns":5},{"damage":9,"enemies":"Blue Slaver","floor":11,"turns":3},{"damage":13,"enemies":"3 Sentries","floor":12,"turns":6},{"damage":12,"enemies":"Gremlin Nob","floor":14,"turns":3},{"damage":2,"enemies":"Slime Boss","floor":16,"turns":3}],"seed_played":"3713212554669897689","potions_obtained":[{"floor":1,"key":"ElixirPotion"},{"floor":4,"key":"SmokeBomb"},{"floor":11,"key":"Energy Potion"},{"floor":14,"key":"EntropicBrew"}],"is_trial":false,"path_per_floor":["M","M","$","M","$","E","?","M","T","R","M","E","$","E","R","B"],"character_chosen":"IRONCLAD","items_purchased":["Feel No Pain","Carnage"],"campfire_rested":1,"item_purchase_floors":[3,3],"current_hp_per_floor":[65,68,68,71,71,45,45,20,20,42,39,32,32,26,26,24,24],"gold":107,"neow_bonus":"TRANSFORM_CARD","is_daily":false,"chose_seed":false,"campfire_upgraded":1,"win_rate":0.0,"timestamp":1613418347,"path_taken":["M","M","$","M","$","E","?","?","T","R","M","E","?","E","R","BOSS"],"items_purchased_type":["Card","Card"],"build_version":"2020-12-22","purchased_purges":1,"victory":false,"max_hp_per_floor":[75,75,75,75,75,75,75,75,75,75,75,75,75,75,75,75,75],"relic_stats":{"counters":[9,34],"Art of War":[0],"Kunai":[4],"obtain_stats":[{"Lantern":12,"Oddly Smooth Stone":7,"Art of War":14,"Kunai":6,"Burning Blood":0},{"Lantern":7,"Oddly Smooth Stone":4,"Art of War":8,"Kunai":4,"Burning Blood":0},{"Lantern":28,"Oddly Smooth Stone":14,"Art of War":31,"Kunai":14,"Burning Blood":0}],"Burning Blood":48},"card_choices":[{"not_picked":["Evolve","Clash"],"picked":"Twin Strike","floor":1},{"not_picked":["Perfected Strike","Dark Embrace"],"picked":"Battle Trance","floor":2},{"not_picked":["Fire Breathing","Pummel"],"picked":"Seeing Red","floor":4},{"not_picked":["Brutality","Thunderclap"],"picked":"Hemokinesis","floor":6},{"not_picked":["Blood for Blood","True Grit"],"picked":"Whirlwind","floor":8},{"not_picked":["Searing Blow","Flex"],"picked":"Ghostly Armor","floor":11},{"not_picked":["Fire Breathing","Heavy Blade"],"picked":"Rupture","floor":12},{"not_picked":["Sever Soul","Reckless Charge"],"picked":"Sword Boomerang","floor":14}],"player_experience":1734179,"relics_obtained":[{"floor":6,"key":"Kunai"},{"floor":12,"key":"Lantern"},{"floor":14,"key":"Art of War"}],"event_choices":[{"damage_healed":0,"gold_gain":0,"player_choice":"Gave Potion","damage_taken":0,"relics_obtained":["Oddly Smooth Stone"],"max_hp_gain":0,"max_hp_loss":0,"event_name":"WeMeetAgain","floor":7,"gold_loss":0}],"is_beta":false,"boss_relics":[],"items_purged_floors":[13],"is_endless":false,"potions_floor_spawned":[1,4,11,14],"killed_by":"Slime Boss","ascension_level":19}}