{"host":"684z1xpuwaoqmmh1","time":1613416280,"event":{"mods":["A Magickal Journey","BaseMod","Downfall","Hermit","Jorbs\u0027s Wanderer Trilogy","Marisa????????","Minty Spire (QoL Compilation)","Robot Space Explorer","Shade Mod","StSLib","The Bug Knight","The Dragon Tamer","The Elementalist","The Hayseed","The Hierophant","The Marked","The Mystic","The Runesmith","The Saiyan","The Senshi","The Spell Scribe","The Vixen","TheBandit","TheFirefly"],"gold_per_floor":[111,121,196,210,229,229,560,576,649,680,680,680,680,713,713,713,713],"floor_reached":16,"language":"ENG","playtime":743,"items_purged":[],"score":204,"play_id":"22077271-317b-41d1-89f8-187c95b42956","local_time":"20210215211120","is_ascension_mode":true,"campfire_choices":[{"data":"Shade:Brains","floor":6,"key":"SMITH"},{"data":"Shade:SoulPierce","floor":11,"key":"SMITH"},{"data":"Shade:Tombstone","floor":15,"key":"SMITH"}],"circlet_count":0,"master_deck":["Shade:Strike_Shade","Shade:Strike_Shade","Shade:Strike_Shade","Shade:Defend_Shade","Shade:Defend_Shade","Shade:Defend_Shade","Shade:Defend_Shade","Shade:AnimateDead","Shade:CarefulCut","Shade:CoffinDance","Shade:Brains+1","Shade:FleshOffering+1","Shade:SoulPierce+1","Shade:Premonition","Shade:Excise","Shade:Brains+1","Shade:Tombstone+1"],"relics":["Shade:YorickSkull","Old Coin","Toxic Egg 2","Ginger","Toy Ornithopter"],"acts_visited":["Exordium"],"potions_floor_usage":[7,10],"damage_taken":[{"damage":0,"enemies":"Jaw Worm","floor":1,"turns":4},{"damage":0,"enemies":"Cultist","floor":2,"turns":4},{"damage":0,"enemies":"Small Slimes","floor":4,"turns":3},{"damage":0,"enemies":"Blue Slaver","floor":5,"turns":3},{"damage":21,"enemies":"3 Sentries","floor":7,"turns":9},{"damage":1,"enemies":"Large Slime","floor":8,"turns":7},{"damage":0,"enemies":"Gremlin Nob","floor":10,"turns":3},{"damage":0,"enemies":"Lagavulin","floor":14,"turns":8},{"damage":39,"enemies":"Hexaghost","floor":16,"turns":9}],"seed_played":"2034416240726792045","potions_obtained":[{"floor":4,"key":"EntropicBrew"},{"floor":5,"key":"LiquidBronze"},{"floor":8,"key":"Energy Potion"},{"floor":10,"key":"SpeedPotion"}],"is_trial":false,"path_per_floor":["M","M","?","M","M","R","E","M","T","E","R","?","?","E","R","B"],"character_chosen":"SHADE","items_purchased":[],"campfire_rested":0,"item_purchase_floors":[],"current_hp_per_floor":[65,65,59,59,59,59,38,37,37,37,37,37,37,37,37,0,0],"gold":713,"neow_bonus":"REMOVE_CARD","is_daily":false,"chose_seed":false,"campfire_upgraded":3,"win_rate":0.0,"timestamp":1613416280,"path_taken":["M","M","?","M","?","R","E","M","T","E","R","?","?","E","R","BOSS"],"items_purchased_type":[],"build_version":"2020-12-22","purchased_purges":0,"victory":false,"max_hp_per_floor":[65,65,65,65,65,65,65,65,65,65,65,65,65,65,65,65,65],"card_choices":[{"not_picked":["Shade:Premonition","Shade:BoneShards"],"picked":"Shade:CoffinDance","floor":1},{"not_picked":["Shade:SanguineRitual","Shade:CallWraith"],"picked":"Shade:Brains","floor":2},{"not_picked":["Shade:RavenousHorde","Shade:Frenzy"],"picked":"Shade:FleshOffering","floor":4},{"not_picked":["Shade:Brains","Shade:Trample"],"picked":"Shade:SoulPierce","floor":5},{"not_picked":["Shade:ClawBack","Shade:LyeBath"],"picked":"Shade:Premonition","floor":7},{"not_picked":["Shade:RitualOffering","Shade:OpenGraves"],"picked":"Shade:Excise","floor":8},{"not_picked":["Shade:PotionOfRestlessness","Shade:FeralStrike"],"picked":"Shade:Brains+1","floor":10},{"not_picked":["Shade:SkeletonArmy+1","Shade:PoundOfFlesh"],"picked":"Shade:Tombstone","floor":14}],"player_experience":3312574,"relics_obtained":[{"floor":7,"key":"Old Coin"},{"floor":9,"key":"Toxic Egg 2"},{"floor":10,"key":"Ginger"},{"floor":14,"key":"Toy Ornithopter"}],"event_choices":[{"damage_healed":0,"gold_gain":75,"player_choice":"Touch","damage_taken":6,"max_hp_gain":0,"max_hp_loss":0,"event_name":"FaceTrader","floor":3,"gold_loss":0},{"damage_healed":0,"gold_gain":0,"player_choice":"Grow","damage_taken":0,"max_hp_gain":0,"max_hp_loss":0,"event_name":"Living Wall","floor":12,"gold_loss":0,"cards_upgraded":["Shade:FleshOffering"]}],"is_beta":false,"boss_relics":[],"items_purged_floors":[],"is_endless":false,"potions_floor_spawned":[4,5,8,10],"killed_by":"Hexaghost","ascension_level":4}}