{"host":"knk89g45d3vzr5fm","time":1613412549,"event":{"mods":["2.2 Compatiblity","BaseMod","Downfall","Minty Spire (QoL Compilation)","Relic Stats","Reliquary","Replay The Spire","StSLib","The Marked"],"gold_per_floor":[99,116,116,126,143,173,173,173,191,191,191,191],"floor_reached":10,"language":"FRA","playtime":360,"items_purged":[],"score":102,"play_id":"708761c4-0748-4dc0-9132-d17f11e1d316","local_time":"20210215190909","is_ascension_mode":true,"campfire_choices":[],"circlet_count":0,"master_deck":["AscendersBane","sneckomod:Strike","sneckomod:Strike","sneckomod:Defend","sneckomod:Defend","sneckomod:Defend","sneckomod:TailWhip","sneckomod:SnekBite","sneckomod:Unknown+1","sneckomod:Unknown","sneckomod:UnknownUncommonAttack","sneckomod:SoulRoll","sneckomod:Memorize","sneckomod:UnknownClassGREEN"],"relics":["sneckomod:SneckoSoul","The Courier","reliquary:QuartzCube"],"acts_visited":["Exordium"],"potions_floor_usage":[6],"damage_taken":[{"damage":22,"enemies":"2 Louse","floor":2,"turns":5},{"damage":4,"enemies":"Small Slimes","floor":4,"turns":3},{"damage":7,"enemies":"Jaw Worm","floor":5,"turns":3},{"damage":27,"enemies":"Gremlin Nob","floor":6,"turns":5},{"damage":13,"enemies":"Large Slime","floor":9,"turns":4},{"damage":35,"enemies":"3 Sentries","floor":10,"turns":3}],"seed_played":"7243282217525996526","potions_obtained":[{"floor":2,"key":"Adrenaline Potion"}],"is_trial":false,"path_per_floor":["R","M","?","M","M","E","T","?","M","E"],"character_chosen":"THE_SNECKO","items_purchased":[],"campfire_rested":0,"item_purchase_floors":[],"current_hp_per_floor":[90,75,80,76,69,42,42,42,29,0,0,0],"gold":191,"neow_bonus":"TEN_PERCENT_HP_BONUS","is_daily":false,"chose_seed":false,"campfire_upgraded":0,"win_rate":0.0,"timestamp":1613412549,"path_taken":["R","M","?","M","M","E","T","?","M","E"],"items_purchased_type":[],"build_version":"2020-12-22","purchased_purges":0,"victory":false,"max_hp_per_floor":[99,99,104,104,104,104,104,104,104,104,104,104],"relic_stats":{"counters":[6,23],"obtain_stats":[{"The Courier":6,"sneckomod:SneckoSoul":0,"reliquary:QuartzCube":7},{"The Courier":4,"sneckomod:SneckoSoul":0,"reliquary:QuartzCube":4},{"The Courier":16,"sneckomod:SneckoSoul":0,"reliquary:QuartzCube":16}]},"card_choices":[{"not_picked":["sneckomod:UnknownWeak","sneckomod:RainOfDice","sneckomod:UnknownClassGUARDIAN"],"picked":"SKIP","floor":2},{"not_picked":["sneckomod:UnknownClassTHE_BRONZE_AUTOMATON","sneckomod:QuickBite"],"picked":"sneckomod:UnknownUncommonAttack","floor":4},{"not_picked":["sneckomod:MixItUp","sneckomod:UnknownClassMARKED_PURPLE_COLOR"],"picked":"sneckomod:SoulRoll","floor":5},{"not_picked":["sneckomod:SoulExchange","sneckomod:DiceBoulder"],"picked":"sneckomod:Memorize","floor":6},{"not_picked":["sneckomod:UnknownCommonSkill","sneckomod:UnknownWeak"],"picked":"sneckomod:UnknownClassGREEN","floor":9}],"player_experience":2170653,"relics_obtained":[{"floor":6,"key":"The Courier"},{"floor":7,"key":"reliquary:QuartzCube"}],"event_choices":[{"damage_healed":0,"gold_gain":0,"player_choice":"Donut","damage_taken":0,"max_hp_gain":5,"max_hp_loss":0,"event_name":"Big Fish","floor":3,"gold_loss":0}],"is_beta":false,"boss_relics":[],"items_purged_floors":[],"is_endless":false,"potions_floor_spawned":[2],"killed_by":"3 Sentries","ascension_level":10}}