{"host":"2d926qfvvz477zl6","time":1613352919,"event":{"mods":["Aspiration","BaseMod","Bossed Relics","Challenge The Spire","Conspire","Downfall","Energized Spire","GungeonMod","Halation","Hermit","Hubris","Infinite Spire","Marked Mod","Minty Spire (QoL Compilation)","Morshu Shopkeeper","Rare Cards Sparkle","Reliquary","Replay The Spire","Retaliation","Shedinja","Somnambulant","Spicy Shops","StSLib","Td1madao Mod","The Blue Laboratory","The Bug Knight","The Disciple","The Hierophant","The IronCluck","The Senshi","Wandering Minibosses","Wide Potions","everything is the same but u backflip on backflip","slay the spire mod where everything is the same but ironclad has a cowboy hat"],"gold_per_floor":[115,90,90,15,46,75,75,100,100,100,100,60,79,98,98,193,193,208,79,94,109,127,153,153,153,153,163,163,163,163,174,174,269,269,279,279,295,295,311,339,365,377,434,465,477,489,380,408,420,432,444,456,17,42,42],"floor_reached":56,"language":"ENG","playtime":2566,"items_purged":["Shedinja:Scratch"],"score":1480,"play_id":"dbc94765-2f0c-4fc6-8846-2241ad036085","local_time":"20210214203519","is_ascension_mode":false,"campfire_choices":[{"data":"Shedinja:WillOWisp","floor":7.0,"key":"SMITH"},{"data":"Shedinja:FocusSash","floor":10.0,"key":"SMITH"},{"data":"Shedinja:Toxic","floor":25.0,"key":"SMITH"},{"floor":28.0,"key":"RECALL"},{"data":"Shedinja:WillOWisp","floor":32.0,"key":"SMITH"},{"data":"hubris:Rewind","floor":49.0,"key":"SMITH"},{"data":"infinitespire:Execution","floor":52,"key":"SMITH"}],"circlet_count":0,"master_deck":["Shedinja:Endure","Shedinja:Endure","Shedinja:Endure","Shedinja:Endure","Shedinja:Endure","Shedinja:FocusSash","Shedinja:FocusSash+1","hermit:Strike_Hermit","sneckomod:Unknown","Shedinja:ShadowSneak","Shedinja:ShadowBall","Shedinja:WillOWisp+1","Shedinja:PowerBracer","Shedinja:FurySwipes","Shedinja:NightSlash","Shedinja:StringShot","Shedinja:ShadowBall+1","Shedinja:RockyHelmet","Shedinja:Substitute","Shedinja:Ether","Shedinja:Toxic+1","Shedinja:WillOWisp+1","Shedinja:GigaDrain","Shedinja:StringShot+1","Shedinja:WillOWisp","Shedinja:WillOWisp","Shedinja:StruggleBug","Shedinja:ArtifactCard+1","Shedinja:Rest","Shedinja:PowerBelt","infinitespire:Execution+1","Shedinja:StringShot+1","hubris:Rewind+1","infinitespire:SevenWalls","infinitespire:Gouge","Shedinja:Elixir+1","Shedinja:RockyHelmet+1","wanderingMiniBosses:FinaleOfPromise","Shedinja:ShadowSneak","Skewer","Flying Knee","Finisher","Shedinja:PowerBelt+1","Shedinja:StringShot+1","Shedinja:PhantomForce","Shedinja:Trick","Shedinja:DoubleTeam"],"relics":["Shedinja:WonderGuard","DemoMod:PartiallyEatenCheese","DemoMod:GlassGuonStoneRelic","Shedinja:ExtraMaxHp","theSenshi:FeatherClipsRelic","Bag of Preparation","Shedinja:WonderGuardNSCommon","infinitespire:FocusingShard","Simple Rune","reliquary:WritOfMandamus","Akabeko","Omamori","Bottled Tornado","hubris:BottledHeart","ReplayTheSpireMod:Ring of Exchange","Ring of Panic","reliquary:RedCape","halation:WeightlessCrab","aspiration:RitualDagger","MawBank","wanderingMiniBosses:Blackblade","reliquary:RoseTintedGlasses","halation:BlueSoulGem","Dead Branch","reliquary:Bookmark","ReplayTheSpireMod:TigerMarble","ReplayTheSpireMod:Shallot"],"acts_visited":["Exordium","TheCity","TheBeyond","TheEnding"],"potions_floor_usage":[55],"damage_taken":[{"damage":0.0,"enemies":"Small Slimes","floor":1.0,"turns":4.0},{"damage":0.0,"enemies":"conspire:MimicChest","floor":5.0,"turns":2.0},{"damage":0.0,"enemies":"Gremlin Nob","floor":6.0,"turns":4.0},{"damage":0.0,"enemies":"Lagavulin","floor":8.0,"turns":9.0},{"damage":0.0,"enemies":"2 Louse","floor":13.0,"turns":4.0},{"damage":0.0,"enemies":"Jaw Worm","floor":14.0,"turns":3.0},{"damage":0.0,"enemies":"Fading Forest","floor":16.0,"turns":11.0},{"damage":0.0,"enemies":"Shell Parasite","floor":18.0,"turns":6.0},{"damage":0.0,"enemies":"2 Thieves","floor":20.0,"turns":8.0},{"damage":0.0,"enemies":"3 Cultists","floor":21.0,"turns":5.0},{"damage":0.0,"enemies":"Snecko","floor":22.0,"turns":5.0},{"damage":0.0,"enemies":"Book of Stabbing","floor":23.0,"turns":6.0},{"damage":0.0,"enemies":"Cultist and Chosen","floor":27.0,"turns":7.0},{"damage":0.0,"enemies":"Chosen and Byrds","floor":31.0,"turns":6.0},{"damage":0.0,"enemies":"hubris:MusketHawk","floor":33.0,"turns":9.0},{"damage":0.0,"enemies":"Orb Walker","floor":35.0,"turns":4.0},{"damage":0.0,"enemies":"3 Shapes","floor":37.0,"turns":6.0},{"damage":0.0,"enemies":"Maw","floor":39.0,"turns":4.0},{"damage":0.0,"enemies":"Giant Head","floor":40.0,"turns":1.0},{"damage":0.0,"enemies":"Sphere and 2 Shapes","floor":41.0,"turns":7.0},{"damage":0.0,"enemies":"Jaw Worm Horde","floor":44.0,"turns":5.0},{"damage":0.0,"enemies":"Writhing Mass","floor":48.0,"turns":3.0},{"damage":0,"enemies":"Replay:Hell Engine","floor":50,"turns":8},{"damage":0,"enemies":"Shield and Spear","floor":54,"turns":2},{"damage":0,"enemies":"The Heart","floor":55,"turns":8}],"seed_played":"-2447158892807343966","potions_obtained":[{"floor":1.0,"key":"DemoMod:LeadSkinPotion"},{"floor":5.0,"key":"blueLaboratory:BottleOfVodka"},{"floor":13.0,"key":"Energy Potion"},{"floor":21.0,"key":"SpeedPotion"},{"floor":33.0,"key":"SkillPotion"},{"floor":44.0,"key":"DuplicationPotion"},{"floor":54,"key":"blueLaboratory:HorrorPotion"}],"is_trial":false,"path_per_floor":["M","$","?","$","?","E","R","E","T","R","?","$","M","M","R","B",null,"M","$","M","M","M","E","?","R","T","M","R","?","?","M","R","B",null,"M","?","M","AVR","M","E","M","?","T","M","?","?","?","M","R","B",null,"R","$","E","B",null],"character_chosen":"THE_DEFAULT","items_purchased":["Shedinja:ShadowBall","Shedinja:WillOWisp","Shedinja:PowerBracer","Shedinja:ShadowBall+1","Akabeko","Omamori","Shedinja:PhantomForce","reliquary:Bookmark","ReplayTheSpireMod:TigerMarble","Shedinja:Trick"],"campfire_rested":0,"item_purchase_floors":[2,4,4,12,19,19,53,53,53,53],"current_hp_per_floor":[1,1,1,1,1,1,1,1,1,1,1,1,1,1,1,1,1,1,1,1,1,1,1,1,1,1,1,1,1,1,1,1,1,1,1,1,1,1,1,1,1,1,1,1,1,1,1,1,1,1,1,1,1,1,1],"gold":42,"neow_bonus":"ONE_RARE_RELIC","is_daily":false,"chose_seed":false,"campfire_upgraded":6,"win_rate":0.0,"timestamp":1613352919,"path_taken":["M","$","?","$","?","E","R","E","T","R","?","$","M","M","R","BOSS","M","$","M","M","M","E","?","R","T","M","R","?","?","?","R","BOSS","M","?","M","AVR","M","E","M","?","T","?","?","?","?","M","R","BOSS","R","$","E","BOSS"],"items_purchased_type":["Card","Card","Card","Card","Relic","Relic","Card","Relic","Relic","Card"],"build_version":"2020-12-22","purchased_purges":1,"victory":true,"max_hp_per_floor":[1,1,1,1,1,1,1,1,1,1,1,1,1,1,1,1,1,1,1,1,1,1,1,1,1,1,1,1,1,1,1,1,1,1,1,1,1,1,1,1,1,1,1,1,1,1,1,1,1,1,1,1,1,1,1],"card_choices":[{"not_picked":["Shedinja:PowerBracer","Shedinja:Mimic"],"picked":"Shedinja:ShadowSneak","floor":1.0},{"not_picked":["Shedinja:SafetyGoggles","Shedinja:NightSlash"],"picked":"Shedinja:FurySwipes","floor":5.0},{"not_picked":["Shedinja:Harden","Shedinja:PowerBracer"],"picked":"Shedinja:NightSlash","floor":6.0},{"not_picked":["Shedinja:ShadowClaw","Shedinja:Harden"],"picked":"Shedinja:StringShot","floor":8.0},{"not_picked":["Shedinja:ShadowBall","Shedinja:Facade"],"picked":"Shedinja:RockyHelmet","floor":13.0},{"not_picked":["Shedinja:GigaDrain","Shedinja:ShadowClaw"],"picked":"Shedinja:Substitute","floor":14.0},{"not_picked":["Shedinja:Substitute","Shedinja:HYPERBEAM"],"picked":"Shedinja:Toxic","floor":16.0},{"not_picked":["Shedinja:PowerBelt","Shedinja:ShadowClaw"],"picked":"Shedinja:WillOWisp","floor":18.0},{"not_picked":["Shedinja:ArtifactCard","Shedinja:HoneClaws"],"picked":"Shedinja:GigaDrain","floor":20.0},{"not_picked":["Shedinja:Mimic","Shedinja:Absorb"],"picked":"Shedinja:StringShot+1","floor":21.0},{"not_picked":["Shedinja:Harden","Shedinja:MetalClaw"],"picked":"Shedinja:WillOWisp","floor":22.0},{"not_picked":["Shedinja:MetalClaw+1","Shedinja:BugBuzz"],"picked":"Shedinja:WillOWisp","floor":23.0},{"not_picked":["Shedinja:ShadowBall+1","Shedinja:Agility"],"picked":"Shedinja:StruggleBug","floor":27.0},{"not_picked":["Shedinja:Facade+1","Shedinja:Agility"],"picked":"Shedinja:ArtifactCard+1","floor":31.0},{"not_picked":["Shedinja:LumBerry","Shedinja:Substitute"],"picked":"Shedinja:Rest","floor":33.0},{"not_picked":["Shedinja:MetalClaw","Shedinja:Facade+1"],"picked":"Shedinja:PowerBelt","floor":35.0},{"not_picked":["infinitespire:NeuralNetwork","infinitespire:FinalStrike"],"picked":"infinitespire:Execution","floor":36.0},{"not_picked":["Shedinja:Round+1","Shedinja:MindReader"],"picked":"Shedinja:StringShot+1","floor":37.0},{"not_picked":["Shedinja:SuckerPunch","Shedinja:WillOWisp+1"],"picked":"Shedinja:Elixir+1","floor":39.0},{"not_picked":["Shedinja:HoneClaws+1","Shedinja:Absorb+1"],"picked":"Shedinja:RockyHelmet+1","floor":40.0},{"not_picked":[],"picked":"wanderingMiniBosses:FinaleOfPromise","floor":41.0},{"not_picked":["Shedinja:RockyHelmet","Shedinja:WillOWisp"],"picked":"Shedinja:ShadowSneak","floor":41.0},{"not_picked":["Shedinja:Ether","Shedinja:Thief"],"picked":"Shedinja:PowerBelt+1","floor":44.0},{"not_picked":["Shedinja:PowerBelt","Shedinja:GigaDrain"],"picked":"Shedinja:StringShot+1","floor":48.0},{"not_picked":["Shedinja:PowerBracer","Shedinja:ShadowBall+1"],"picked":"Shedinja:DoubleTeam","floor":54}],"player_experience":422875,"relics_obtained":[{"floor":5.0,"key":"theSenshi:FeatherClipsRelic"},{"floor":6.0,"key":"Bag of Preparation"},{"floor":8.0,"key":"Shedinja:WonderGuardNSCommon"},{"floor":9.0,"key":"infinitespire:FocusingShard"},{"floor":11.0,"key":"Simple Rune"},{"floor":23.0,"key":"Bottled Tornado"},{"floor":30.0,"key":"ReplayTheSpireMod:Ring of Exchange"},{"floor":30.0,"key":"Ring of Panic"},{"floor":40.0,"key":"MawBank"},{"floor":41.0,"key":"wanderingMiniBosses:Blackblade"},{"floor":43.0,"key":"reliquary:RoseTintedGlasses"},{"floor":54,"key":"ReplayTheSpireMod:Shallot"}],"event_choices":[{"damage_healed":0.0,"max_hp_gain":5.0,"max_hp_loss":0.0,"gold_gain":0.0,"event_name":"Forgotten Altar","player_choice":"Shed Blood","floor":29.0,"gold_loss":0.0,"damage_taken":0.0},{"damage_healed":0.0,"max_hp_gain":0.0,"max_hp_loss":0.0,"gold_gain":0.0,"event_name":"Winding Halls","player_choice":"Max HP","floor":46.0,"gold_loss":0.0,"damage_taken":0.0},{"damage_healed":0.0,"max_hp_gain":0.0,"max_hp_loss":0.0,"gold_gain":0.0,"event_name":"WeMeetAgain","player_choice":"Paid Gold","floor":47.0,"gold_loss":121.0,"damage_taken":0.0,"relics_obtained":["Dead Branch"]}],"is_beta":false,"boss_relics":[{"not_picked":["halation:PlatinumPhoenix","aspiration:FutureDiary"],"picked":"reliquary:WritOfMandamus"},{"not_picked":["Honey Jar","Coffee Dripper"],"picked":"reliquary:RedCape"}],"items_purged_floors":[38],"is_endless":false,"potions_floor_spawned":[1,5,13,18,21,33,39,40,44,54],"ascension_level":0}}