{"host":"7c48c022du196gjj","time":1613370931,"event":{"mods":["BaseMod","Better Third Choice","Colored Map","Hubris","Minty Spire (QoL Compilation)","Monster B Gone","Quick Restart","Reliquary","Replay The Spire","Say the Spire","Smile Girya","Spicy Shops","StSLib"],"gold_per_floor":[109,109,109,128,3,3,3,33,81,81,81],"floor_reached":10,"language":"ENG","playtime":228,"items_purged":[],"score":165,"play_id":"85459173-2d25-42fc-9a8e-d39c706d4c29","local_time":"20210215003531","is_ascension_mode":true,"campfire_choices":[{"data":"ReplayTheSpireMod:Scrap Shanks","floor":6,"key":"SMITH"}],"circlet_count":0,"master_deck":["AscendersBane","Strike_G","Strike_G","Strike_G","Strike_G","Defend_G","Defend_G","Defend_G","Defend_G","Defend_G","Survivor","Neutralize","ReplayTheSpireMod:Scrap Shanks+1","Dagger Throw","Concentrate","Accuracy","Regret","Dodge and Roll"],"relics":["Ring of the Snake","NeowsBlessing","Durian","hubris:TenFootPole","reliquary:Stiletto","Dream Catcher"],"acts_visited":["Exordium"],"potions_floor_usage":[],"damage_taken":[{"damage":0,"enemies":"Small Slimes","floor":1,"turns":1},{"damage":0,"enemies":"2 Louse","floor":4,"turns":1},{"damage":0,"enemies":"Lagavulin","floor":8,"turns":1},{"damage":38,"enemies":"Gremlin Nob","floor":10,"turns":6}],"seed_played":"-2848812671287638730","potions_obtained":[],"is_trial":false,"path_per_floor":["M","?","?","M","$","R","?","E","T","E"],"character_chosen":"THE_SILENT","items_purchased":["Durian"],"campfire_rested":0,"item_purchase_floors":[5],"current_hp_per_floor":[59,59,59,59,64,64,64,64,64,26,26],"gold":81,"neow_bonus":"THREE_ENEMY_KILL","is_daily":false,"chose_seed":false,"campfire_upgraded":1,"win_rate":0.0,"timestamp":1613370931,"path_taken":["M","?","?","M","$","R","?","E","T","E"],"items_purchased_type":["Relic"],"build_version":"2020-12-22","purchased_purges":0,"victory":false,"max_hp_per_floor":[66,66,66,66,71,71,71,71,71,71,71],"card_choices":[{"not_picked":["Dagger Spray","Accuracy"],"picked":"ReplayTheSpireMod:Scrap Shanks","floor":1},{"not_picked":["ReplayTheSpireMod:Scrap Shanks","Dodge and Roll"],"picked":"Accuracy","floor":4},{"not_picked":["Dash","Bouncing Flask"],"picked":"Dodge and Roll","floor":8}],"player_experience":890428,"relics_obtained":[{"floor":8,"key":"reliquary:Stiletto"},{"floor":9,"key":"Dream Catcher"}],"event_choices":[{"damage_healed":0,"gold_gain":0,"cards_transformed":["Strike_G"],"player_choice":"Change","damage_taken":0,"max_hp_gain":0,"max_hp_loss":0,"event_name":"Living Wall","floor":2,"gold_loss":0,"cards_obtained":["Dagger Throw"]},{"damage_healed":0,"gold_gain":0,"player_choice":"Box","damage_taken":0,"relics_obtained":["hubris:TenFootPole"],"max_hp_gain":0,"max_hp_loss":0,"event_name":"Big Fish","floor":7,"gold_loss":0,"cards_obtained":["Regret"]}],"is_beta":false,"boss_relics":[],"items_purged_floors":[],"is_endless":false,"potions_floor_spawned":[],"killed_by":"Gremlin Nob","ascension_level":17}}