{"host":"y4fuci1jk2rsxnep","time":1613412779,"event":{"mods":["AchievementEnabler","BaseMod","Colored Powertips","Custom Start","Defuse TimeMaze Blight","Dio Mod","Downfall","Hermit","Hero for Fun","Hubris","Hunter ??","Infinite Spire","Minty Spire (QoL Compilation)","Quick Restart","Reliquary","Remove Card Discount Mod","Replay The Spire","StSLib","The Blackbeard","The Bug Knight","The Mystic","The Runesmith"],"gold_per_floor":[113,132,328,341,354,379,379,379,432,432,443,443,118,118,118,216,216,232,243,66,76,76,76,90,90,117,117,127,46,46,58,58,157,157,186,182,531,531,582,582,582,582],"floor_reached":41,"language":"ENG","playtime":2920,"items_purged":["mysticmod:Strike_Mystic","mysticmod:Strike_Mystic","mysticmod:Strike_Mystic","mysticmod:Strike_Mystic"],"score":566,"play_id":"07c32e78-c4cf-49fd-9118-a66e8f839048","local_time":"20210215191259","is_ascension_mode":false,"campfire_choices":[{"data":"mysticmod:StyleChange","floor":10,"key":"SMITH"},{"data":"mysticmod:MagicWeapon","floor":12,"key":"SMITH"},{"floor":15,"key":"REST"},{"data":"mysticmod:ComboCaster","floor":23,"key":"SMITH"},{"floor":25,"key":"REST"},{"data":"mysticmod:ComponentsPouch","floor":27,"key":"SMITH"},{"data":"mysticmod:Dedication","floor":30,"key":"SMITH"},{"floor":32,"key":"REST"},{"floor":40,"key":"REST"}],"circlet_count":0,"master_deck":["mysticmod:Defend_Mystic","mysticmod:Defend_Mystic","mysticmod:Defend_Mystic","mysticmod:ArcaneDodge","mysticmod:ShockingGrasp","mysticmod:CorrosiveTouch","mysticmod:Probe","mysticmod:PowerSlash+1","mysticmod:ComponentsPouch+1","mysticmod:StyleChange+1","mysticmod:ArcaneAccuracy","mysticmod:MagicWeapon+1","Panache","mysticmod:ShockingGrasp","mysticmod:Sideswipe","Poisoned Strike","mysticmod:ComboCaster+1","mysticmod:PowerSlash+1","mysticmod:Dedication+1","mysticmod:CorrosiveTouch","mysticmod:Lunge","mysticmod:PowerSlash","hermit:Virtue","hermit:Showdown"],"relics":["mysticmod:SpellBook","NeowsBlessing","Replay:Accelerometer","Lantern","Oddly Smooth Stone","mysticmod:CrystalBall","Vajra","infinitespire:EvilPickle","Cursed Key","Old Coin"],"acts_visited":["Exordium","TheCity","TheBeyond"],"potions_floor_usage":[33],"damage_taken":[{"damage":0,"enemies":"Small Slimes","floor":1,"turns":1},{"damage":0,"enemies":"2 Louse","floor":2,"turns":1},{"damage":0,"enemies":"Cultist","floor":4,"turns":1},{"damage":6,"enemies":"Looter","floor":5,"turns":3},{"damage":45,"enemies":"Lagavulin","floor":6,"turns":7},{"damage":0,"enemies":"Large Slime","floor":11,"turns":4},{"damage":9,"enemies":"Slime Boss","floor":16,"turns":6},{"damage":0,"enemies":"Chosen","floor":18,"turns":3},{"damage":10,"enemies":"Spheric Guardian","floor":19,"turns":3},{"damage":28,"enemies":"Shelled Parasite and Fungi","floor":21,"turns":5},{"damage":26,"enemies":"Sentry and Sphere","floor":24,"turns":5},{"damage":11,"enemies":"Chosen and Byrds","floor":28,"turns":5},{"damage":11,"enemies":"Snecko","floor":31,"turns":4},{"damage":36,"enemies":"Pondfish","floor":33,"turns":9},{"damage":3,"enemies":"3 Shapes","floor":35,"turns":3},{"damage":63,"enemies":"2 Orb Walkers","floor":37,"turns":5},{"damage":10,"enemies":"Orb Walker","floor":39,"turns":3},{"damage":41,"enemies":"Spire Growth","floor":41,"turns":3}],"seed_played":"-4207544790565501109","potions_obtained":[{"floor":1,"key":"Weak Potion"},{"floor":4,"key":"Weak Potion"},{"floor":5,"key":"LiquidMemories"},{"floor":31,"key":"SpeedPotion"},{"floor":33,"key":"BlessingOfTheForge"},{"floor":35,"key":"Ancient Potion"}],"is_trial":false,"path_per_floor":["M","M","?","M","M","E","?","?","T","R","M","R","$","?","R","B",null,"M","M","$","M","?","R","M","R","T","R","M","$","R","M","R","B",null,"M","$","?","?","M","R","M"],"character_chosen":"MYSTIC_CLASS","items_purchased":["Oddly Smooth Stone","Panache","Poisoned Strike","mysticmod:Dedication"],"campfire_rested":4,"item_purchase_floors":[13,13,20,29],"current_hp_per_floor":[77,77,77,77,71,26,26,26,26,26,26,26,26,26,49,40,77,77,67,67,39,39,39,13,36,36,36,25,25,25,14,37,1,77,74,74,11,11,1,24,0,0],"gold":582,"neow_bonus":"THREE_ENEMY_KILL","is_daily":false,"chose_seed":false,"campfire_upgraded":5,"win_rate":0.0,"timestamp":1613412779,"path_taken":["M","M","?","?","M","E","?","?","T","R","M","R","$","?","R","BOSS","M","?","$","M","?","R","M","R","T","R","M","$","R","?","R","BOSS","M","$","?","?","M","R","M"],"items_purchased_type":["Relic","Card","Card","Card"],"build_version":"2020-12-22","purchased_purges":4,"victory":false,"max_hp_per_floor":[77,77,77,77,77,77,77,77,77,77,77,77,77,77,77,77,77,77,77,77,77,77,77,77,77,77,77,77,77,77,77,77,77,77,77,77,77,77,77,77,77,77],"card_choices":[{"not_picked":["mysticmod:Daze","mysticmod:EbbAndFlow"],"picked":"mysticmod:CorrosiveTouch","floor":1},{"not_picked":["hermit:LowProfile","mysticmod:Feint"],"picked":"mysticmod:Probe","floor":2},{"not_picked":["hermit:EyeOfTheStorm","hermit:Dive"],"picked":"mysticmod:PowerSlash","floor":3},{"not_picked":["hermit:Coalescence","hermit:HighCaliber"],"picked":"mysticmod:ComponentsPouch","floor":4},{"not_picked":["hermit:Misfire","hermit:FlashPowder"],"picked":"mysticmod:StyleChange","floor":5},{"not_picked":["hermit:CalledShot","mysticmod:Doublecast"],"picked":"mysticmod:ArcaneAccuracy","floor":6},{"not_picked":["hermit:FlashPowder","mysticmod:CureLightWounds"],"picked":"mysticmod:MagicWeapon","floor":11},{"not_picked":["mysticmod:Riposte","hermit:Ricochet"],"picked":"mysticmod:Sideswipe","floor":18},{"not_picked":["hermit:Feint","hermit:ShadowCloak+1","hermit:Brawl"],"picked":"SKIP","floor":19},{"not_picked":["hermit:BodyArmor","hermit:Ricochet","hermit:HighCaliber+1"],"picked":"SKIP","floor":21},{"not_picked":["hermit:Manifest","hermit:TrackingShot"],"picked":"mysticmod:PowerSlash+1","floor":24},{"not_picked":["mysticmod:SpellCombat","hermit:Manifest","hermit:Gestalt+1"],"picked":"SKIP","floor":28},{"not_picked":["hermit:GhostlyPresence","hermit:Showdown+1"],"picked":"mysticmod:CorrosiveTouch","floor":31},{"not_picked":["mysticmod:Discipline","hermit:Dissolve"],"picked":"mysticmod:Lunge","floor":33},{"not_picked":["hermit:EyeOfTheStorm+1","mysticmod:CorrosiveTouch+1"],"picked":"mysticmod:PowerSlash","floor":35},{"not_picked":["mysticmod:EnergizedRift","hermit:Ricochet+1"],"picked":"hermit:Virtue","floor":37},{"not_picked":["hermit:Headshot","hermit:ShadowCloak","mysticmod:Riposte"],"picked":"SKIP","floor":39}],"player_experience":584937,"relics_obtained":[{"floor":6,"key":"Replay:Accelerometer"},{"floor":9,"key":"Lantern"},{"floor":26,"key":"Vajra"},{"floor":37,"key":"Old Coin"}],"event_choices":[{"damage_healed":0,"gold_gain":0,"player_choice":"1 cards matched","damage_taken":0,"max_hp_gain":0,"max_hp_loss":0,"event_name":"Match and Keep!","floor":14,"gold_loss":0,"cards_obtained":["mysticmod:ShockingGrasp"]},{"damage_healed":0,"gold_gain":0,"player_choice":"Read","damage_taken":0,"max_hp_gain":0,"max_hp_loss":0,"event_name":"The Library","floor":22,"gold_loss":0,"cards_obtained":["mysticmod:ComboCaster"]},{"damage_healed":0,"gold_gain":0,"player_choice":"Fight","damage_taken":0,"max_hp_gain":0,"max_hp_loss":0,"event_name":"Mysterious Sphere","floor":37,"gold_loss":0},{"damage_healed":0,"gold_gain":0,"cards_transformed":["mysticmod:Defend_Mystic"],"player_choice":"Transformed","damage_taken":0,"max_hp_gain":0,"max_hp_loss":0,"event_name":"Transmorgrifier","floor":38,"gold_loss":0,"cards_obtained":["hermit:Showdown"]}],"is_beta":false,"boss_relics":[{"not_picked":["Replay:Grab Bag","Runic Dome"],"picked":"mysticmod:CrystalBall"},{"not_picked":["hubris:Stopwatch","Calling Bell"],"picked":"Cursed Key"}],"items_purged_floors":[29,29,36,36],"is_endless":false,"potions_floor_spawned":[1,4,5,11,21,31,33,35],"killed_by":"Spire Growth","ascension_level":0}}