{"host":"uc8wz0q199a7d901","time":1613415446,"event":{"mods":["2.2 Compatiblity","BaseMod","Colored Map","DeckTracker","Highlight Path","Minty Spire (QoL Compilation)","Permanent Neow","Quick Restart","SuperFastMode"],"gold_per_floor":[117,117,127,127,138,138,167,167,167,196,215,227,23,38,38,110,110,122,122,139,139,11,11,11],"floor_reached":23,"language":"KOR","playtime":996,"items_purged":["Writhe"],"score":402,"play_id":"dda4491f-8572-4225-9991-43e59b178f65","local_time":"20210216035726","is_ascension_mode":true,"campfire_choices":[{"data":"Phantasmal Killer","floor":6.0,"key":"SMITH"},{"floor":8.0,"key":"REST"},{"data":"Bouncing Flask","floor":15.0,"key":"SMITH"}],"circlet_count":0,"master_deck":["AscendersBane","Strike_G+1","Strike_G+1","Strike_G","Strike_G","Defend_G","Defend_G","Defend_G","Defend_G","Survivor","Neutralize","Phantasmal Killer+1","Well Laid Plans","Footwork","Calculated Gamble","Bouncing Flask+1","Backflip","Doppelganger","Tactician","Footwork","Dagger Spray","Bandage Up","Acrobatics","Glass Knife","Prepared"],"relics":["Ring of the Snake","Pear","Pantograph","Gremlin Horn","Empty Cage","HornCleat"],"acts_visited":["Exordium","TheCity"],"potions_floor_usage":[23],"damage_taken":[{"damage":2.0,"enemies":"Jaw Worm","floor":1.0,"turns":4.0},{"damage":7.0,"enemies":"2 Louse","floor":3.0,"turns":4.0},{"damage":3.0,"enemies":"Small Slimes","floor":5.0,"turns":4.0},{"damage":19.0,"enemies":"3 Sentries","floor":7.0,"turns":14.0},{"damage":6.0,"enemies":"Lagavulin","floor":10.0,"turns":6.0},{"damage":2.0,"enemies":"Exordium Wildlife","floor":11.0,"turns":6.0},{"damage":4.0,"enemies":"Looter","floor":12.0,"turns":3.0},{"damage":2.0,"enemies":"2 Fungi Beasts","floor":14.0,"turns":2.0},{"damage":30.0,"enemies":"The Guardian","floor":16.0,"turns":11.0},{"damage":28.0,"enemies":"Shell Parasite","floor":18.0,"turns":6.0},{"damage":32.0,"enemies":"2 Thieves","floor":20.0,"turns":5.0},{"damage":33,"enemies":"Book of Stabbing","floor":23,"turns":4}],"seed_played":"7611619228168509126","potions_obtained":[{"floor":3.0,"key":"ColorlessPotion"},{"floor":11.0,"key":"Energy Potion"},{"floor":12.0,"key":"SneckoOil"},{"floor":14.0,"key":"AttackPotion"}],"is_trial":false,"path_per_floor":["M","?","M","?","M","R","E","R","T","E","M","M","$","M","R","B",null,"M","?","M","?","$","E"],"character_chosen":"THE_SILENT","items_purchased":["Footwork","Dagger Spray","Bandage Up","Strength Potion"],"campfire_rested":1,"item_purchase_floors":[13,13,13,22],"current_hp_per_floor":[57,37,30,35,32,32,23,47,47,41,39,35,35,37,37,36,70,46,46,18,18,18,0,0],"gold":11,"neow_bonus":"ONE_RANDOM_RARE_CARD","is_daily":false,"chose_seed":false,"campfire_upgraded":2,"win_rate":0.0,"timestamp":1613415446,"path_taken":["M","?","M","?","M","R","E","R","T","E","M","M","$","M","R","BOSS","M","?","M","?","$","E"],"items_purchased_type":["Card","Card","Card","Potion"],"build_version":"2020-12-22","purchased_purges":1,"victory":false,"max_hp_per_floor":[66,66,66,71,71,71,81,81,81,81,81,81,81,81,81,81,81,81,81,81,81,81,81,81],"card_choices":[{"not_picked":["Deflect","PiercingWail"],"picked":"Well Laid Plans","floor":1.0},{"not_picked":["Slice","Deadly Poison"],"picked":"Footwork","floor":3.0},{"not_picked":["Well Laid Plans","Expertise"],"picked":"Calculated Gamble","floor":5.0},{"not_picked":["Quick Slash","Setup"],"picked":"Bouncing Flask","floor":7.0},{"not_picked":["Infinite Blades","Slice"],"picked":"Backflip","floor":10.0},{"not_picked":["Bouncing Flask","Endless Agony"],"picked":"Doppelganger","floor":11.0},{"not_picked":["Deadly Poison","Backflip"],"picked":"Tactician","floor":12.0},{"not_picked":["Bouncing Flask","Dodge and Roll"],"picked":"Acrobatics","floor":14.0},{"not_picked":["Envenom","A Thousand Cuts"],"picked":"Glass Knife","floor":16.0},{"not_picked":["Dagger Spray","Underhanded Strike"],"picked":"Prepared","floor":18.0},{"not_picked":["Footwork","Dagger Spray","Outmaneuver"],"picked":"SKIP","floor":20.0},{"not_picked":["Footwork","Dagger Spray","Outmaneuver"],"picked":"SKIP","floor":20.0}],"player_experience":743745,"relics_obtained":[{"floor":7.0,"key":"Pear"},{"floor":9.0,"key":"Pantograph"},{"floor":10.0,"key":"Gremlin Horn"}],"event_choices":[{"damage_healed":0.0,"max_hp_gain":0.0,"max_hp_loss":0.0,"gold_gain":0.0,"event_name":"Shining Light","player_choice":"Entered Light","floor":2.0,"gold_loss":0.0,"damage_taken":20.0,"cards_upgraded":["Strike_G","Strike_G"]},{"damage_healed":0.0,"max_hp_gain":5.0,"max_hp_loss":0.0,"gold_gain":0.0,"event_name":"Big Fish","player_choice":"Donut","floor":4.0,"gold_loss":0.0,"damage_taken":0.0},{"damage_healed":0.0,"max_hp_gain":0.0,"max_hp_loss":0.0,"gold_gain":0.0,"event_name":"Vampires","player_choice":"Ignored","floor":19.0,"gold_loss":0.0,"damage_taken":0.0},{"damage_healed":0.0,"max_hp_gain":0.0,"max_hp_loss":0.0,"gold_gain":0.0,"event_name":"The Mausoleum","player_choice":"Opened","floor":21.0,"gold_loss":0.0,"damage_taken":0.0,"relics_obtained":["HornCleat"],"cards_obtained":["Writhe"]}],"is_beta":false,"boss_relics":[{"not_picked":["Snecko Eye","Coffee Dripper"],"picked":"Empty Cage"}],"items_purged_floors":[22],"is_endless":false,"potions_floor_spawned":[3,11,12,14],"killed_by":"Book of Stabbing","ascension_level":20}}