{"host":"n59wzi8u174zdegx","time":1613396515,"event":{"mods":["AchievementEnabler","BaseMod","Colored Map","Colored Powertips","Downfall","Hubris","Infinite Spire","Minty Spire (QoL Compilation)","Rare Cards Sparkle","StSLib","The Animator"],"gold_per_floor":[99,116,116,126,226,236,236,236,252,252,252,272,272,292,312,409,459,459,472,489,489,489,508,508,31,231,231,250,48,67,67,87,87,87,87],"floor_reached":33,"language":"ENG","playtime":2301,"items_purged":["Slimebound:Defend_Slimebound","Slimebound:Tackle+1","Slimebound:Tackle+1"],"score":241,"play_id":"15567a3f-bf39-4745-afe5-ab62ad4b005e","local_time":"20210215074155","is_ascension_mode":false,"campfire_choices":[{"data":"Slimebound:Split","floor":1,"key":"SMITH"},{"data":"Slimebound:CorrosiveSpit","floor":8,"key":"SMITH"},{"data":"Impatience","floor":11,"key":"SMITH"},{"data":"Slimebound:MassRepurpose","floor":13,"key":"SMITH"},{"data":"Slimebound:MegaLick","floor":18,"key":"SMITH"},{"floor":27,"key":"RECALL"}],"circlet_count":0,"master_deck":["Slimebound:Tackle","Slimebound:Defend_Slimebound+1","Slimebound:Defend_Slimebound","Slimebound:Defend_Slimebound","Slimebound:Split+1","Slimebound:CorrosiveSpit+1","Impatience+1","Slimebound:SplitMire+1","Slimebound:SplitMire","Slimebound:SlimeSpikes","Slimebound:MassRepurpose+1","Slimebound:PressTheAttack","Slimebound:OozeBath+1","Slimebound:MegaLick+1","Slimebound:SplitLeeching","Slimebound:ItLooksTasty+1","Slimebound:Tackle+1","Slimebound:Repurpose+1","Slimebound:SplitBruiser+1","Slimebound:LevelUp","Slimebound:SplitBruiser+1","Slimebound:RallyTheTroops","Flash of Steel","Slimebound:LivingWall+1"],"relics":["Slimebound:AbsorbEndCombat","infinitespire:FocusingShard","Tiny House","Bag of Preparation","Frozen Eye"],"acts_visited":["Exordium","TheCity"],"potions_floor_usage":[16,19,23,28,29,33,33,33],"damage_taken":[{"damage":7,"enemies":"2 Louse","floor":2,"turns":3},{"damage":6,"enemies":"Jaw Worm","floor":4,"turns":3},{"damage":0,"enemies":"Cultist","floor":6,"turns":3},{"damage":7,"enemies":"downfall:LooterAlt","floor":9,"turns":3},{"damage":3,"enemies":"Exordium Wildlife","floor":12,"turns":3},{"damage":12,"enemies":"Blue Slaver","floor":14,"turns":2},{"damage":7,"enemies":"Exordium Thugs","floor":15,"turns":4},{"damage":30,"enemies":"WA_ARCHETYPE_RETAIN","floor":16,"turns":5},{"damage":10,"enemies":"Spheric Guardian","floor":19,"turns":4},{"damage":14,"enemies":"Shell Parasite","floor":20,"turns":5},{"damage":32,"enemies":"Sentry and Sphere","floor":23,"turns":5},{"damage":9,"enemies":"downfall:FleeingMerchant","floor":25,"turns":4},{"damage":18,"enemies":"downfall:FleeingMerchant","floor":26,"turns":3},{"damage":15,"enemies":"3 Cultists","floor":28,"turns":4},{"damage":2,"enemies":"downfall:FleeingMerchant","floor":29,"turns":4},{"damage":20,"enemies":"Snake Plant","floor":30,"turns":3},{"damage":15,"enemies":"downfall:FleeingMerchant","floor":31,"turns":3},{"damage":13,"enemies":"Shelled Parasite and Fungi","floor":32,"turns":5},{"damage":16,"enemies":"SI_MIRROR_ARCHETYPE","floor":33,"turns":4}],"seed_played":"732249514106601263","potions_obtained":[{"floor":9,"key":"SpeedPotion"},{"floor":12,"key":"Swift Potion"},{"floor":17,"key":"GamblersBrew"},{"floor":19,"key":"hexamod:SoulburnPotion"},{"floor":23,"key":"FairyPotion"},{"floor":28,"key":"Slimebound:SlimyTonguePotion"}],"is_trial":false,"path_per_floor":["R","M","?","M","?","M","T","R","M","?","R","M","R","M","M","B",null,"R","M","M","?","?","M","T","$","?","R","M","$","M","$","M","B"],"character_chosen":"SLIMEBOUND","items_purchased":["Bag of Preparation","Frozen Eye","Slimebound:ThreeZeroPotion","Slimebound:LevelUp","Slimebound:SlimedPotion","Slimebound:RallyTheTroops","Flash of Steel","BlessingOfTheForge"],"campfire_rested":0,"item_purchase_floors":[25,25,25,29,29,31,31,31],"current_hp_per_floor":[65,60,60,56,56,62,62,62,59,59,59,62,62,52,49,27,70,70,62,56,56,56,32,32,31,17,17,10,16,23,14,9,0,0,0],"gold":87,"neow_bonus":"RANDOM_COLORLESS","is_daily":false,"chose_seed":false,"campfire_upgraded":5,"win_rate":0.0,"timestamp":1613396515,"path_taken":["R","M","?","M","?","M","T","R","M","?","R","?","R","M","M","BOSS","R","M","M","?","?","?","T","$","?","R","M","$","M","?","M","BOSS"],"items_purchased_type":["Relic","Relic","Potion","Card","Potion","Card","Card","Potion"],"build_version":"2020-12-22","purchased_purges":3,"victory":false,"max_hp_per_floor":[65,65,65,65,65,65,65,65,65,65,65,65,65,65,65,65,70,70,70,70,70,70,70,70,70,70,70,70,70,70,70,70,70,70,70],"card_choices":[{"not_picked":["Panacea","Discovery"],"picked":"Impatience","floor":0},{"not_picked":["Slimebound:GoopSpray","Slimebound:Gluttony","Slimebound:LivingWall"],"picked":"SKIP","floor":2},{"not_picked":["Slimebound:SplitAcid","Slimebound:Equalize"],"picked":"Slimebound:SplitMire","floor":4},{"not_picked":["Slimebound:GoopSpray","Slimebound:LeechEnergy"],"picked":"Slimebound:SplitMire","floor":6},{"not_picked":["Slimebound:ItLooksTasty","Slimebound:GoopSpray"],"picked":"Slimebound:SlimeSpikes","floor":9},{"not_picked":["Slimebound:SplitLeeching","Slimebound:TongueLash"],"picked":"Slimebound:MassRepurpose","floor":12},{"not_picked":["Slimebound:FormOfPuddle","Slimebound:Replication","Slimebound:RainOfGoop"],"picked":"SKIP","floor":14},{"not_picked":["Slimebound:Dissolve","Slimebound:ForwardTackle"],"picked":"Slimebound:PressTheAttack","floor":15},{"not_picked":["Slimebound:DuplicatedForm","Slimebound:MassFeed"],"picked":"Slimebound:OozeBath","floor":16},{"not_picked":["Slimebound:GoopSpray","Slimebound:RollThrough"],"picked":"Slimebound:MegaLick","floor":17},{"not_picked":["Slimebound:ComboTackle","Slimebound:Schlurp"],"picked":"Slimebound:SplitLeeching","floor":19},{"not_picked":["Slimebound:PressTheAttack","Slimebound:FlameTackle"],"picked":"Slimebound:ItLooksTasty+1","floor":20},{"not_picked":["Slimebound:AcidTongue+1","Slimebound:SlimeTap"],"picked":"Slimebound:Repurpose+1","floor":23},{"not_picked":["Slimebound:SlimeSpikes","Slimebound:GoopSpray"],"picked":"Slimebound:SplitBruiser+1","floor":25},{"not_picked":["Slimebound:ItLooksTasty","Slimebound:SlimeSpikes","Slimebound:FinishingTackle"],"picked":"SKIP","floor":28},{"not_picked":["Slimebound:DisruptingSlam","Slimebound:WasteNot","Slimebound:SplitAcid"],"picked":"SKIP","floor":29},{"not_picked":["Slimebound:FinishingTackle","Slimebound:RollThrough"],"picked":"Slimebound:SplitBruiser+1","floor":30},{"not_picked":["Slimebound:SplitAcid","Slimebound:SplitBruiser","Slimebound:HauntingLick"],"picked":"SKIP","floor":31},{"not_picked":["Slimebound:SplitBruiser","Slimebound:SamplingLick"],"picked":"Slimebound:LivingWall+1","floor":32}],"player_experience":55274,"relics_obtained":[{"floor":7,"key":"infinitespire:FocusingShard"}],"event_choices":[{"cards_removed":["downfall:Malfunctioning"],"damage_healed":0,"gold_gain":0,"player_choice":"Card Removal","damage_taken":0,"max_hp_gain":0,"max_hp_loss":0,"event_name":"The Cleric","floor":10,"gold_loss":0},{"damage_healed":0,"gold_gain":0,"player_choice":"Forge","damage_taken":0,"max_hp_gain":0,"max_hp_loss":0,"event_name":"Accursed Blacksmith","floor":22,"gold_loss":0,"cards_upgraded":["Slimebound:OozeBath"]}],"is_beta":false,"boss_relics":[{"not_picked":["hubris:TerracottaHorce","Fusion Hammer"],"picked":"Tiny House"}],"items_purged_floors":[25,29,31],"is_endless":false,"potions_floor_spawned":[9,12,19,23,28,32],"killed_by":"SI_MIRROR_ARCHETYPE","ascension_level":0}}