{"host":"ox77rn1xcurm2t5a","time":1613424551,"event":{"mods":["2.2 Compatiblity","AchievementEnabler","Act Like it!","Aspiration","BaseMod","Best Route Mod","Better Match","Better Note","Better Sensory Stone","Block Reminder","Colored Map","Colored Powertips","Conjunction","Conspire","Custom Start","Energized Spire","GifTheSpireLib","Gold Saver","Gremlin Skip","Halation","Highlight Path","Hubris","Infinite Spire","Minty Spire (QoL Compilation)","Pale of the Ancients","Quick Restart","Replay The Spire","Reworked Bosses","ShortenTheSpire","Spire Exporter","StSLib","Stuff the Spire","Wandering Minibosses"],"gold_per_floor":[110,61,61,61,61,61,76,102,102,102,129,28,46,46,46,141,141,161,61,72,20,20,51,51,80,80,112,112,129,164,176,176,176,176],"floor_reached":33,"language":"ENG","playtime":948,"items_purged":["Defend_R","Defend_R"],"score":455,"play_id":"2f365683-4370-4b4f-bf48-d87cd033647e","local_time":"20210215232911","is_ascension_mode":true,"campfire_choices":[{"floor":6.0,"key":"RECALL"},{"data":"Uppercut","floor":10.0,"key":"SMITH"},{"data":"Clash","floor":15.0,"key":"SMITH"},{"data":"Anger","floor":24.0,"key":"SMITH"},{"floor":32,"key":"REST"}],"circlet_count":0,"master_deck":["Strike_R","Strike_R","Strike_R","Strike_R","Strike_R","Defend_R","Defend_R","Bash+1","Heavy Blade","Clash+1","Anger+1","Uppercut+1","Iron Wave+1","Sword Boomerang+1","Headbutt+1","Headbutt+1"],"relics":["Burning Blood","NeowsBlessing","Ornamental Fan","Blue Doll","aspiration:SecretTechniqueScroll","infinitespire:Satchel","halation:KoshaPiece","Tiny Chest","FossilizedHelix","ReplayTheSpireMod:TigerMarble"],"acts_visited":["Exordium","TheCity"],"potions_floor_usage":[27,29],"damage_taken":[{"damage":0.0,"enemies":"2 Louse","floor":1.0,"turns":1.0},{"damage":0.0,"enemies":"conspire:RoseBush","floor":7.0,"turns":1.0},{"damage":0.0,"enemies":"Lagavulin","floor":8.0,"turns":1.0},{"damage":8.0,"enemies":"Gremlin Nob","floor":11.0,"turns":3.0},{"damage":7.0,"enemies":"Jaw Worm","floor":13.0,"turns":2.0},{"damage":71.0,"enemies":"Slime Boss","floor":16.0,"turns":14.0},{"damage":20.0,"enemies":"conspire:FuzzyDice","floor":18.0,"turns":6.0},{"damage":3.0,"enemies":"2 Thieves","floor":20.0,"turns":3.0},{"damage":12.0,"enemies":"Replay:Snechameleon","floor":23.0,"turns":5.0},{"damage":0,"enemies":"Gremlin Leader","floor":25,"turns":7},{"damage":17,"enemies":"conspire:Head Lice","floor":27,"turns":7},{"damage":14,"enemies":"Centurion and Healer","floor":29,"turns":5},{"damage":54,"enemies":"Slavers","floor":30,"turns":5},{"damage":0,"enemies":"Chosen and Byrds","floor":31,"turns":3},{"damage":81,"enemies":"bossMod:newCollector","floor":33,"turns":7}],"seed_played":"-199735063633632236","potions_obtained":[{"floor":7.0,"key":"Strength Potion"},{"floor":8.0,"key":"BlessingOfTheForge"},{"floor":11.0,"key":"PowerPotion"},{"floor":16.0,"key":"Block Potion"},{"floor":18.0,"key":"LiquidMemories"},{"floor":25,"key":"Strength Potion"},{"floor":27,"key":"BlessingOfTheForge"},{"floor":31,"key":"Milkshake"}],"is_trial":false,"path_per_floor":["M","$","?","$","?","R","M","E","T","R","E","$","M","?","R","B",null,"M","$","M","?","?","E","R","E","T","E","?","M","E","M","R","B"],"character_chosen":"IRONCLAD","items_purchased":["Clash","Iron Wave+1"],"campfire_rested":1,"item_purchase_floors":[2,12],"current_hp_per_floor":[80,80,80,80,80,80,80,80,80,80,78,78,77,77,77,12,80,66,66,69,69,69,63,63,69,69,58,66,58,10,16,40,0,0],"gold":176,"neow_bonus":"THREE_ENEMY_KILL","is_daily":false,"chose_seed":false,"campfire_upgraded":3,"win_rate":0.0,"timestamp":1613424551,"path_taken":["M","$","?","$","?","R","M","E","T","R","E","?","M","?","R","BOSS","M","$","M","?","?","E","R","E","T","E","?","M","E","?","R","BOSS"],"items_purchased_type":["Card","Card"],"build_version":"2020-12-22","purchased_purges":2,"victory":false,"max_hp_per_floor":[80,80,80,80,80,80,80,80,80,80,80,80,80,80,80,80,80,80,80,80,80,80,80,80,80,80,80,80,80,80,80,80,80,80],"card_choices":[{"not_picked":["Body Slam","Whirlwind"],"picked":"Heavy Blade","floor":1.0},{"not_picked":["Twin Strike","Wild Strike"],"picked":"Anger","floor":7.0},{"not_picked":["StuffTheSpire:Pyroclast","Sword Boomerang"],"picked":"Uppercut","floor":8.0},{"not_picked":["Impervious","Intimidate","Bloodletting"],"picked":"SKIP","floor":11.0},{"not_picked":["Iron Wave","StuffTheSpire:RockThrow","Flex"],"picked":"SKIP","floor":13.0},{"not_picked":["conspire:Charge","Blood for Blood","Fire Breathing"],"picked":"SKIP","floor":18.0},{"not_picked":["StuffTheSpire:Incineration","Anger"],"picked":"Sword Boomerang+1","floor":20.0},{"not_picked":["Combust","Rampage","StuffTheSpire:Pyroclast"],"picked":"SKIP","floor":23.0},{"not_picked":["Seeing Red","Defy Death","Warcry"],"picked":"SKIP","floor":25},{"not_picked":["StuffTheSpire:RagingBull","Eclipse","Headbutt"],"picked":"SKIP","floor":27},{"not_picked":["Feel No Pain","ReplayReversal","Sword Boomerang"],"picked":"SKIP","floor":29},{"not_picked":["Battle Trance","StuffTheSpire:Resist"],"picked":"Headbutt+1","floor":30},{"not_picked":["Warcry","Pommel Strike"],"picked":"Headbutt+1","floor":31}],"player_experience":3106248,"relics_obtained":[{"floor":8.0,"key":"Ornamental Fan"},{"floor":11.0,"key":"Blue Doll"},{"floor":23.0,"key":"halation:KoshaPiece"},{"floor":26,"key":"Tiny Chest"},{"floor":27,"key":"FossilizedHelix"},{"floor":30,"key":"ReplayTheSpireMod:TigerMarble"}],"event_choices":[{"damage_healed":0.0,"max_hp_gain":0.0,"max_hp_loss":0.0,"gold_gain":0.0,"event_name":"WeMeetAgain","player_choice":"Paid Gold","floor":21.0,"gold_loss":52.0,"damage_taken":0.0,"relics_obtained":["infinitespire:Satchel"]},{"damage_healed":0.0,"max_hp_gain":0.0,"max_hp_loss":0.0,"gold_gain":0.0,"event_name":"betterNote:BetterNote","player_choice":"Ignored","floor":22.0,"gold_loss":0.0,"damage_taken":0.0,"cards_obtained":["Strike_P"]}],"is_beta":false,"boss_relics":[{"not_picked":["Replay:Drink Me","Honey Jar"],"picked":"aspiration:SecretTechniqueScroll"}],"items_purged_floors":[12,19],"is_endless":false,"potions_floor_spawned":[7,8,11,16,18,25,27,31],"killed_by":"bossMod:newCollector","ascension_level":4}}