{"host":"cd25ms2o8pjhjp7m","time":1613431358,"event":{"mods":["Aspiration","BaseMod","Bestiary","Better Third Choice","BetterRewards","Conspire","Curses Come First","Friendly Minions","GifTheSpireLib","Hubris","Infinite Spire","Minty Spire (QoL Compilation)","Rare Cards Sparkle","Relic Stats","Reliquary","Replay The Spire","Robot Space Explorer","StSLib","The Poker Player","The Runesmith","Uncapped","[IsaacMod]????","??????REMEMod"],"gold_per_floor":[112,112,128,15,15,15,29,49,76,76,103,103,103,123,123,228,228,248,439,449,449,364,394,394,413,440,440,497,594,594,640,640,791,791,817,864,930,930,991,991,1050,1070,1070],"floor_reached":42,"language":"DEU","playtime":2366,"items_purged":["REME_MusicOfDeath","RobotSpaceExplorer:Strike"],"score":497,"play_id":"b9ea9823-5ef2-4607-ab29-85974c3c362a","local_time":"20210216002238","is_ascension_mode":false,"campfire_choices":[{"data":"RobotSpaceExplorer:PlasmaMissile","floor":6,"key":"SMITH"},{"data":"RobotSpaceExplorer:DoubleFind","floor":10,"key":"SMITH"},{"floor":13,"key":"REST"},{"data":"RobotSpaceExplorer:StarDust","floor":15,"key":"SMITH"},{"floor":24,"key":"REST"},{"floor":27,"key":"REST"},{"floor":32,"key":"REST"},{"floor":40,"key":"REST"}],"circlet_count":0,"master_deck":["RobotSpaceExplorer:Strike","RobotSpaceExplorer:Strike","RobotSpaceExplorer:Defend","RobotSpaceExplorer:Defend+1","RobotSpaceExplorer:Defend+1","RobotSpaceExplorer:Defend+1","RobotSpaceExplorer:Scan","RobotSpaceExplorer:MiniLasers","EpicFetus","RobotSpaceExplorer:PlasmaMissile+1","RobotSpaceExplorer:Fix","RobotSpaceExplorer:IronShell","RobotSpaceExplorer:Discharger","RobotSpaceExplorer:DoubleFind+1","RobotSpaceExplorer:StarDust+1","RobotSpaceExplorer:SurgingStrike","RobotSpaceExplorer:PlasmaMissile","RobotSpaceExplorer:DroneSwarm","hubris:Rewind","RobotSpaceExplorer:TurboDodge+1","RobotSpaceExplorer:Electroshield","RobotSpaceExplorer:DroneSwarm","RobotSpaceExplorer:GlueSpray+1","RobotSpaceExplorer:StarLightning","RobotSpaceExplorer:GearShield+1","RobotSpaceExplorer:Wormhole","RobotSpaceExplorer:Multitool","RobotSpaceExplorer:SlimeMissile","Doubt","infinitespire:Fortify","RobotSpaceExplorer:Multitool","Panacea"],"relics":["RobotSpaceExplorer:RoboCore","REME_ComplimentaryCards","HushsDoor","War Paint","PillsDrop","hubris:Towel","hubris:PeanutButter","reliquary:Sideboard","reliquary:RedCape","SatanicBible","Orrery","reliquary:ThirdArm","Pet Ghost","ReplayFunnel","Replay:Bandana","ReplayTheSpireMod:SealedPack","Pen Nib"],"acts_visited":["Exordium","TheCity","TheBeyond"],"potions_floor_usage":[16,16,25,36,37,37,39],"damage_taken":[{"damage":1,"enemies":"Cultist","floor":1,"turns":4},{"damage":2,"enemies":"2 Louse","floor":3,"turns":2},{"damage":2,"enemies":"Jaw Worm","floor":7,"turns":4},{"damage":0,"enemies":"3 Louse","floor":8,"turns":3},{"damage":48,"enemies":"Lagavulin","floor":11,"turns":12},{"damage":0,"enemies":"conspire:2 RoseBushes","floor":14,"turns":5},{"damage":21,"enemies":"Hexaghost","floor":16,"turns":7},{"damage":0,"enemies":"conspire:FuzzyDice","floor":18,"turns":5},{"damage":0,"enemies":"Chosen","floor":20,"turns":5},{"damage":42,"enemies":"Slavers","floor":23,"turns":4},{"damage":8,"enemies":"Centurion and Healer","floor":25,"turns":6},{"damage":0,"enemies":"Snake Plant","floor":28,"turns":6},{"damage":0,"enemies":"3 Cultists","floor":29,"turns":5},{"damage":15,"enemies":"Shelled Parasite and Fungi","floor":31,"turns":7},{"damage":21,"enemies":"hubris:MusketHawk","floor":33,"turns":9},{"damage":18,"enemies":"3 Shapes","floor":35,"turns":5},{"damage":10,"enemies":"Orb Walker","floor":36,"turns":5},{"damage":3,"enemies":"Sphere and 2 Shapes","floor":37,"turns":8},{"damage":35,"enemies":"Transient","floor":39,"turns":5},{"damage":27,"enemies":"Writhing Mass","floor":41,"turns":7},{"damage":20,"enemies":"3 Darklings","floor":42,"turns":3}],"seed_played":"7763838469454294907","potions_obtained":[{"floor":1,"key":"FearPotion"},{"floor":3,"key":"Weak Potion"},{"floor":11,"key":"Strength Potion"},{"floor":14,"key":"Strength Potion"},{"floor":18,"key":"DuplicationPotion"},{"floor":23,"key":"BlessingOfTheForge"},{"floor":29,"key":"FairyPotion"},{"floor":36,"key":"Block Potion"},{"floor":37,"key":"AttackPotion"},{"floor":39,"key":"SpeedPotion"}],"is_trial":false,"path_per_floor":["M","T","M","$","?","R","M","M","T","R","E","?","R","M","R","B",null,"M","?","M","AVR","?","E","R","M","T","R","M","M","?","M","R","B",null,"M","M","M","?","M","R","M","M"],"character_chosen":"RobotSpaceExplorer","items_purchased":["RobotSpaceExplorer:IronShell","RobotSpaceExplorer:PlasmaMissile","SatanicBible"],"campfire_rested":5,"item_purchase_floors":[4,17,17],"current_hp_per_floor":[74,74,72,72,72,72,73,75,75,75,31,31,53,57,57,40,62,62,62,62,62,62,24,42,38,38,56,60,60,60,47,62,49,62,44,34,35,35,4,22,17,0,0],"gold":1070,"neow_bonus":"RANDOM_COMMON_RELIC","is_daily":false,"chose_seed":false,"campfire_upgraded":3,"win_rate":0.0,"timestamp":1613431358,"path_taken":["M","?","?","$","?","R","?","M","T","R","E","?","R","M","R","BOSS","M","?","M","AVR","?","E","R","M","T","R","?","M","?","M","R","BOSS","M","M","M","?","M","R","M","M"],"items_purchased_type":["Card","Card","Relic"],"build_version":"2020-12-22","purchased_purges":2,"victory":false,"max_hp_per_floor":[75,75,75,75,75,75,75,75,75,75,75,75,75,75,75,75,62,62,62,62,62,62,62,62,62,62,62,62,62,62,62,62,62,62,62,62,62,62,62,62,62,62,62],"relic_stats":{"counters":[21,117],"Pen Nib":[3],"War Paint":["RobotSpaceExplorer:Defend","RobotSpaceExplorer:Defend"],"obtain_stats":[{"KeepersGift":0,"ReplayFunnel":23,"reliquary:Sideboard":11,"RobotSpaceExplorer:RoboCore":0,"ReplayTheSpireMod:SealedPack":34,"Pen Nib":35,"War Paint":0,"hubris:Towel":5,"reliquary:RedCape":17,"reliquary:ThirdArm":21,"Pet Ghost":22,"SatanicBible":17,"Replay:Bandana":26,"PillsDrop":0,"Orrery":21,"hubris:PeanutButter":9,"HushsDoor":0,"REME_ComplimentaryCards":0},{"KeepersGift":0,"ReplayFunnel":10,"reliquary:Sideboard":5,"RobotSpaceExplorer:RoboCore":0,"ReplayTheSpireMod:SealedPack":15,"Pen Nib":16,"War Paint":0,"hubris:Towel":2,"reliquary:RedCape":7,"reliquary:ThirdArm":9,"Pet Ghost":9,"SatanicBible":7,"Replay:Bandana":11,"PillsDrop":0,"Orrery":9,"hubris:PeanutButter":4,"HushsDoor":0,"REME_ComplimentaryCards":0},{"KeepersGift":0,"ReplayFunnel":51,"reliquary:Sideboard":25,"RobotSpaceExplorer:RoboCore":0,"ReplayTheSpireMod:SealedPack":84,"Pen Nib":89,"War Paint":0,"hubris:Towel":6,"reliquary:RedCape":37,"reliquary:ThirdArm":47,"Pet Ghost":47,"SatanicBible":37,"Replay:Bandana":57,"PillsDrop":0,"Orrery":47,"hubris:PeanutButter":13,"HushsDoor":0,"REME_ComplimentaryCards":0}]},"card_choices":[{"not_picked":[],"picked":"EpicFetus","floor":0},{"not_picked":["RobotSpaceExplorer:StunGrenade","RobotSpaceExplorer:GlueShot"],"picked":"RobotSpaceExplorer:PlasmaMissile","floor":1},{"not_picked":["RobotSpaceExplorer:ScrapToss","RobotSpaceExplorer:ShockKick"],"picked":"RobotSpaceExplorer:Fix","floor":3},{"not_picked":["RobotSpaceExplorer:ImprovisedAttack","RobotSpaceExplorer:PowerGlove"],"picked":"RobotSpaceExplorer:Discharger","floor":7},{"not_picked":["RobotSpaceExplorer:StunGrenade","RobotSpaceExplorer:ShovelStrike"],"picked":"RobotSpaceExplorer:DoubleFind","floor":8},{"not_picked":["RobotSpaceExplorer:Explosion","RobotSpaceExplorer:DoubleFind"],"picked":"RobotSpaceExplorer:StarDust","floor":11},{"not_picked":["RobotSpaceExplorer:Probe","RobotSpaceExplorer:Blitz"],"picked":"RobotSpaceExplorer:SurgingStrike","floor":14},{"not_picked":["RobotSpaceExplorer:HighVoltage","RobotSpaceExplorer:Asteroid"],"picked":"RobotSpaceExplorer:DroneSwarm","floor":16},{"not_picked":["RobotSpaceExplorer:StunGrenade","RobotSpaceExplorer:ExhaustFan+1","RobotSpaceExplorer:DoubleFind+1"],"picked":"SKIP","floor":18},{"not_picked":["RobotSpaceExplorer:ScrapShield+1","RobotSpaceExplorer:Counterblock+1","RobotSpaceExplorer:ImprovisedAttack"],"picked":"SKIP","floor":20},{"not_picked":["RobotSpaceExplorer:Blitz","RobotSpaceExplorer:ScrapShield"],"picked":"RobotSpaceExplorer:TurboDodge+1","floor":21},{"not_picked":["RobotSpaceExplorer:Probe+1","RobotSpaceExplorer:GlueSpray"],"picked":"RobotSpaceExplorer:Electroshield","floor":21},{"not_picked":["RobotSpaceExplorer:ShovelStrike","RobotSpaceExplorer:ScrapMissile"],"picked":"RobotSpaceExplorer:SlimeMissile+1","floor":21},{"not_picked":["RobotSpaceExplorer:GlueShot","RobotSpaceExplorer:StunGrenade"],"picked":"RobotSpaceExplorer:GlueSpray+1","floor":21},{"not_picked":["RobotSpaceExplorer:Discharger","RobotSpaceExplorer:ScrapMissile"],"picked":"RobotSpaceExplorer:DroneSwarm","floor":21},{"not_picked":["RobotSpaceExplorer:Calculate","RobotSpaceExplorer:FranticSearch"],"picked":"RobotSpaceExplorer:SlimeMissile","floor":23},{"not_picked":["RobotSpaceExplorer:Jetpack","RobotSpaceExplorer:FrostMissile"],"picked":"RobotSpaceExplorer:GearShield+1","floor":25},{"not_picked":["RobotSpaceExplorer:StunGrenade","RobotSpaceExplorer:DoubleBlock+1"],"picked":"RobotSpaceExplorer:StarLightning","floor":28},{"not_picked":["RobotSpaceExplorer:SurgingStrike","RobotSpaceExplorer:GlueShot+1","RobotSpaceExplorer:SlimeMissile"],"picked":"SKIP","floor":29},{"not_picked":["RobotSpaceExplorer:SurgingStrike","RobotSpaceExplorer:GlueShot+1","RobotSpaceExplorer:SlimeMissile"],"picked":"SKIP","floor":29},{"not_picked":["RobotSpaceExplorer:Smokescreen","RobotSpaceExplorer:Wormhole","RobotSpaceExplorer:MiniDrones"],"picked":"SKIP","floor":31},{"not_picked":["RobotSpaceExplorer:Smokescreen","RobotSpaceExplorer:MiniDrones"],"picked":"RobotSpaceExplorer:Wormhole","floor":31},{"not_picked":["RobotSpaceExplorer:DroneSwarm","RobotSpaceExplorer:Accelerator"],"picked":"RobotSpaceExplorer:Multitool","floor":33},{"not_picked":["Neutralize","Eruption"],"picked":"RobotSpaceExplorer:LuckyFind","floor":34},{"not_picked":["RobotSpaceExplorer:DroneSwarm","RobotSpaceExplorer:Blaster"],"picked":"RobotSpaceExplorer:Multitool","floor":34},{"not_picked":["REME_TheoryOfElimination","Forethought"],"picked":"Panacea","floor":34},{"not_picked":["Replay:Fractal Strike","ReplayTheSpireMod:Echoes of Time"],"picked":"infinitespire:Fortify","floor":34},{"not_picked":["RobotSpaceExplorer:Reload","RobotSpaceExplorer:DoubleFind"],"picked":"RobotSpaceExplorer:FreezingShield+1","floor":35},{"not_picked":["RobotSpaceExplorer:GearShield","RobotSpaceExplorer:Smokescreen"],"picked":"RobotSpaceExplorer:SwiftStep+1","floor":36},{"not_picked":["RobotSpaceExplorer:Electroshield+1","RobotSpaceExplorer:StunGrenade+1"],"picked":"RobotSpaceExplorer:IronShell+1","floor":37},{"not_picked":["RobotSpaceExplorer:Electroshield+1","RobotSpaceExplorer:SwiftStep"],"picked":"RobotSpaceExplorer:ChargingLaser","floor":39},{"not_picked":["RobotSpaceExplorer:SurgingShield","RobotSpaceExplorer:SlimeMissile+1","RobotSpaceExplorer:FranticSearch+1"],"picked":"SKIP","floor":41}],"player_experience":488410,"relics_obtained":[{"floor":9,"key":"hubris:PeanutButter"},{"floor":11,"key":"reliquary:Sideboard"},{"floor":23,"key":"ReplayFunnel"},{"floor":26,"key":"Replay:Bandana"},{"floor":35,"key":"Pen Nib"}],"event_choices":[{"damage_healed":0,"gold_gain":0,"player_choice":"Obtained Relic","damage_taken":0,"relics_obtained":["Pet Ghost"],"max_hp_gain":0,"max_hp_loss":0,"event_name":"Addict","floor":22,"gold_loss":85},{"cards_removed":["RobotSpaceExplorer:Strike"],"damage_healed":0,"gold_gain":0,"player_choice":"Removed Attack","damage_taken":0,"max_hp_gain":0,"max_hp_loss":0,"event_name":"Falling","floor":38,"gold_loss":0}],"is_beta":false,"boss_relics":[{"not_picked":["hubris:RunicObelisk","Kintsugi"],"picked":"reliquary:RedCape"},{"not_picked":[]},{"not_picked":["Runesmith:UraniumAnvil","Philosopher\u0027s Stone"],"picked":"ReplayTheSpireMod:SealedPack"},{"not_picked":[]}],"items_purged_floors":[4,21],"is_endless":false,"potions_floor_spawned":[1,3,11,14,18,23,28,29,36,37,39],"killed_by":"3 Darklings","ascension_level":0}}