{"host":"mykjnfgvckiyjptv","time":1613364186,"event":{"mods":["2.2 Compatiblity","Act Like it!","Aspiration","BaseMod","Better Altar","Better Third Choice","BetterRewards","Card Forge","Custom Start","Energized Spire","GifTheSpireLib","Gold Saver","Halation","Hubris","Infinite Spire","Jedi Mod","Minty Spire (QoL Compilation)","Pale of the Ancients","Permanent Neow","RatMod","Replay The Spire","Shop Mod","Small Relic Pack","Spicy Shops","Spikes Relics","StSLib","Stuff the Spire","SuperFastMode","The Servant 0.9.4","??????REMEMod"],"gold_per_floor":[149,168,217,217,235,235,261,366,366,366,514,555,600,600,600,690,690],"floor_reached":16,"language":"ENG","playtime":1123,"items_purged":["PendulumOfEternity+1"],"score":453,"play_id":"dd802120-2ce8-404e-9a88-8987918ed58a","local_time":"20210214224306","is_ascension_mode":true,"campfire_choices":[{"floor":6,"key":"RECALL"}],"circlet_count":0,"master_deck":["AscendersBane","Strike_R","Strike_R","Strike_R","Strike_R","Strike_R","Defend_R","Defend_R","Defend_R","Defend_R","Bash+1","Entrench+1","REME_BodyOfCthun+1","REME_EyeOfCthun+1","REME_MawOfCthun+1","FameAndFortune+1","Bandage Up+1","Feed+1","REME_MawOfCthun+1","REME_Scribble+1"],"relics":["Burning Blood","Hammer of Thor","Seething Fire","Anvil of the Gods","REME_ComplimentaryCards","Singing Bowl","jedi:archwizardhat","aspiration:ArtOfWarUpgrade","jedi:cryingmask","Snack Pack"],"acts_visited":["Exordium"],"potions_floor_usage":[11,11,16],"damage_taken":[{"damage":22.0,"enemies":"Cultist","floor":1.0,"turns":5.0},{"damage":2.0,"enemies":"Jaw Worm","floor":2.0,"turns":3.0},{"damage":6.0,"enemies":"Small Slimes","floor":3.0,"turns":3.0},{"damage":6,"enemies":"3 Louse","floor":5,"turns":2},{"damage":0,"enemies":"Gremlin Nob","floor":7,"turns":2},{"damage":8,"enemies":"Exordium Wildlife","floor":8,"turns":9},{"damage":4,"enemies":"Lagavulin","floor":11,"turns":9},{"damage":6,"enemies":"Large Slime","floor":12,"turns":4},{"damage":0,"enemies":"Looter","floor":13,"turns":4},{"damage":134,"enemies":"Fading Forest","floor":16,"turns":9}],"seed_played":"2855633061852545927","potions_obtained":[{"floor":1.0,"key":"jedi:holywater"},{"floor":8,"key":"SneckoOil"},{"floor":11,"key":"Ancient Potion"}],"is_trial":false,"path_per_floor":["M","M","M","?","M","R","E","M","T","R","E","M","M","T","R","B"],"character_chosen":"IRONCLAD","items_purchased":["Singing Bowl","jedi:archwizardhat","Entrench"],"campfire_rested":0,"item_purchase_floors":[0,0,0],"current_hp_per_floor":[19,31,39,39,47,47,53,62,62,62,75,87,103,103,103,0,0],"gold":690,"neow_bonus":"","is_daily":false,"chose_seed":false,"campfire_upgraded":0,"win_rate":0.0,"timestamp":1613364186,"path_taken":["M","M","?","?","M","R","E","M","T","R","E","M","?","?","R","BOSS"],"items_purchased_type":["Relic","Relic","Card"],"build_version":"2020-12-22","purchased_purges":1,"victory":false,"max_hp_per_floor":[77,79,81,81,83,83,83,88,88,88,93,99,103,103,103,103,103],"card_choices":[{"not_picked":["Iron Wave","True Grit","Pommel Strike"],"picked":"Singing Bowl","floor":1.0},{"not_picked":["REME_SingleHolding","jedi:controlledanger","Run Through"],"picked":"Singing Bowl","floor":2.0},{"not_picked":["Rupture","Anger","REME_SingleHolding"],"picked":"Singing Bowl","floor":3},{"not_picked":["Clash","Wild Strike","Perfected Strike"],"picked":"Singing Bowl","floor":5},{"not_picked":["Shrug It Off","hubris:ReadiedAction"],"picked":"Feed","floor":7},{"not_picked":["Anger","Iron Wave","Run Through"],"picked":"Singing Bowl","floor":8},{"not_picked":["StuffTheSpire:Pyroclast","Warcry","hubris:ReadiedAction"],"picked":"Singing Bowl","floor":11},{"not_picked":["jedi:MakeshiftSword","Armaments","Thunderclap"],"picked":"Singing Bowl","floor":12},{"not_picked":["Cleave","Uppercut"],"picked":"REME_Scribble","floor":13}],"player_experience":445140,"relics_obtained":[{"floor":7,"key":"Art of War"},{"floor":11,"key":"jedi:cryingmask"},{"floor":14,"key":"Snack Pack"}],"event_choices":[{"damage_healed":0,"gold_gain":0,"player_choice":"Upgraded","damage_taken":0,"max_hp_gain":0,"max_hp_loss":0,"event_name":"Upgrade Shrine","floor":4,"gold_loss":0,"cards_upgraded":["jedi:onestrike"]}],"is_beta":false,"boss_relics":[],"items_purged_floors":[0],"is_endless":false,"potions_floor_spawned":[1,8,11],"killed_by":"Fading Forest","ascension_level":20}}