{"host":"jb40sdn36ct36hhv","time":1613421490,"event":{"mods":["Act Like it!","BaseMod","Better Third Choice","Minty Spire (QoL Compilation)","StSLib","Yuri Mod"],"gold_per_floor":[114,114,139,214,214,214,247,262,285,285,321,342,362,397,397,528,528,549,398,419,419,439,472,488,511,511,552,570,584,584,598,598,721,721,737,751,751,577,1027,1061,1074,1112,1112,1132,1153,786,786,830,830,830,830,830,145,186,186],"floor_reached":56,"language":"ENG","playtime":7543,"items_purged":["Normality","yuri:yuriStrike","yuri:yuriDefend","yuri:yuriStrike"],"score":1326,"play_id":"d8e87c32-95aa-493f-86d7-bf21b5705a6e","local_time":"20210215123810","is_ascension_mode":false,"campfire_choices":[{"data":"yuri:HoldBack","floor":6.0,"key":"SMITH"},{"data":"yuri:yuriStab","floor":10.0,"key":"SMITH"},{"data":"yuri:MultiDip","floor":15.0,"key":"SMITH"},{"data":"yuri:DuplicateCode","floor":32.0,"key":"SMITH"},{"floor":47,"key":"RECALL"},{"data":"yuri:SeeingDouble","floor":49,"key":"SMITH"},{"data":"yuri:InduceGlitch","floor":52,"key":"SMITH"}],"circlet_count":0,"master_deck":["yuri:yuriStrike","yuri:yuriStrike","yuri:yuriStrike","yuri:yuriDefend","yuri:yuriDefend","yuri:yuriDefend","yuri:yuriDefend","yuri:Oolong","yuri:yuriStab+1","yuri:MPose","yuri:HoldBack+1","yuri:MultiDip+1","yuri:Skip","yuri:DuplicateCode+1","yuri:UnstableStrike","yuri:DejaVu+1","yuri:RelentlessStrikes","yuri:ArmBrace+1","yuri:BookRed","yuri:BookRed+1","yuri:BookRed","yuri:InduceGlitch+1","yuri:DejaVu+1","yuri:SeeingDouble+1","Flash of Steel","yuri:BookBlue+1","yuri:BookPurple","Trip"],"relics":["yuri:yuriKnife","Gambling Chip","Golden Idol","Thread and Needle","MealTicket","Anchor","PreservedInsect","Cursed Key","Pocketwatch","Centennial Puzzle","Potion Belt","yuri:BookOfBooks","Blood Vial","Shuriken","Vajra","Mango","TheAbacus","StrikeDummy","Toy Ornithopter"],"acts_visited":["Exordium","TheCity","TheBeyond","TheEnding"],"potions_floor_usage":[55,55,55,55,55,55,55,55],"damage_taken":[{"damage":0.0,"enemies":"2 Louse","floor":1.0,"turns":3.0},{"damage":1.0,"enemies":"Small Slimes","floor":3.0,"turns":3.0},{"damage":6.0,"enemies":"Lagavulin","floor":7.0,"turns":9.0},{"damage":1.0,"enemies":"Jaw Worm","floor":8.0,"turns":3.0},{"damage":21.0,"enemies":"Gremlin Nob","floor":11.0,"turns":5.0},{"damage":0.0,"enemies":"Blue Slaver","floor":12.0,"turns":3.0},{"damage":0.0,"enemies":"Gremlin Gang","floor":13.0,"turns":4.0},{"damage":0.0,"enemies":"Lagavulin","floor":14.0,"turns":7.0},{"damage":12.0,"enemies":"Slime Boss","floor":16.0,"turns":11.0},{"damage":0.0,"enemies":"Shell Parasite","floor":18.0,"turns":5.0},{"damage":4.0,"enemies":"2 Thieves","floor":20.0,"turns":4.0},{"damage":5.0,"enemies":"Snecko","floor":22.0,"turns":5.0},{"damage":18.0,"enemies":"Book of Stabbing","floor":23.0,"turns":5.0},{"damage":4.0,"enemies":"Shelled Parasite and Fungi","floor":24.0,"turns":5.0},{"damage":2.0,"enemies":"Centurion and Healer","floor":25.0,"turns":4.0},{"damage":0.0,"enemies":"Slavers","floor":27.0,"turns":6.0},{"damage":0.0,"enemies":"3 Cultists","floor":28.0,"turns":5.0},{"damage":0.0,"enemies":"Snake Plant","floor":29.0,"turns":5.0},{"damage":0.0,"enemies":"Shelled Parasite and Fungi","floor":31.0,"turns":5.0},{"damage":25.0,"enemies":"Automaton","floor":33.0,"turns":11.0},{"damage":0.0,"enemies":"Orb Walker","floor":35.0,"turns":3.0},{"damage":4.0,"enemies":"3 Shapes","floor":36.0,"turns":5.0},{"damage":3.0,"enemies":"Reptomancer","floor":40.0,"turns":8.0},{"damage":23.0,"enemies":"Spire Growth","floor":41.0,"turns":6.0},{"damage":34.0,"enemies":"Nemesis","floor":42.0,"turns":7.0},{"damage":0,"enemies":"3 Darklings","floor":44,"turns":6},{"damage":2,"enemies":"Sphere and 2 Shapes","floor":45,"turns":12},{"damage":0,"enemies":"Giant Head","floor":48,"turns":5},{"damage":79,"enemies":"Time Eater","floor":50,"turns":8},{"damage":31,"enemies":"Shield and Spear","floor":54,"turns":9},{"damage":50,"enemies":"The Heart","floor":55,"turns":8}],"seed_played":"-2377131471573861789","potions_obtained":[{"floor":3.0,"key":"Weak Potion"},{"floor":8.0,"key":"ColorlessPotion"},{"floor":12.0,"key":"Fire Potion"},{"floor":13.0,"key":"Fire Potion"},{"floor":14.0,"key":"SteroidPotion"},{"floor":18.0,"key":"Dexterity Potion"},{"floor":20.0,"key":"Regen Potion"},{"floor":25.0,"key":"EntropicBrew"},{"floor":31.0,"key":"Energy Potion"},{"floor":33.0,"key":"ColorlessPotion"},{"floor":36.0,"key":"ColorlessPotion"},{"floor":40.0,"key":"Regen Potion"},{"floor":41.0,"key":"Energy Potion"},{"floor":54,"key":"Weak Potion"}],"is_trial":false,"path_per_floor":["M","?","M","?","T","R","E","M","T","R","E","M","M","E","R","B",null,"M","$","M","?","M","E","M","M","T","E","M","M","?","M","R","B",null,"M","M","?","$","?","E","M","E","T","M","M","$","R","E","R","B",null,"R","$","E","B",null],"character_chosen":"YURI","items_purchased":["yuri:UnstableStrike","yuri:BookRed","Vajra","Flash of Steel","yuri:BookPurple","TheAbacus","StrikeDummy","Trip"],"campfire_rested":0,"item_purchase_floors":[19,38,46,46,53,53,53,53],"current_hp_per_floor":[80,60,63,52,52,52,50,53,53,53,36,40,44,48,48,40,80,80,80,76,76,75,61,61,63,63,67,71,78,78,80,80,55,80,80,80,76,76,30,76,71,76,76,76,76,76,76,90,90,31,90,90,90,87,90],"gold":186,"neow_bonus":"ONE_RARE_RELIC","is_daily":false,"chose_seed":false,"campfire_upgraded":6,"win_rate":0.0,"timestamp":1613421490,"path_taken":["M","?","M","?","?","R","E","M","T","R","E","M","M","E","R","BOSS","M","$","M","?","M","E","?","M","T","E","M","M","?","M","R","BOSS","M","M","?","$","?","E","?","E","T","M","M","$","R","E","R","BOSS","R","$","E","BOSS"],"items_purchased_type":["Card","Card","Relic","Card","Card","Relic","Relic","Card"],"build_version":"2020-12-22","purchased_purges":4,"victory":true,"max_hp_per_floor":[80,80,80,80,80,80,80,80,80,80,80,80,80,80,80,80,80,80,80,80,80,80,80,80,80,80,80,80,80,80,80,80,80,80,80,80,76,76,76,76,76,76,76,76,76,76,76,90,90,90,90,90,90,90,90],"card_choices":[{"not_picked":["yuri:DebugCard","yuri:SelfHarm"],"picked":"yuri:MPose","floor":1.0},{"not_picked":["yuri:Stalk","yuri:ChibiInvasion"],"picked":"yuri:HoldBack","floor":3.0},{"not_picked":["yuri:RepairCode","yuri:GhostForm"],"picked":"yuri:MultiDip","floor":7.0},{"not_picked":["yuri:BookBlue","yuri:GlitchedStrike","yuri:ThrowBook"],"picked":"SKIP","floor":8.0},{"not_picked":["yuri:RepairCode","yuri:MagneticKnives","yuri:ThrowingKnives"],"picked":"SKIP","floor":11.0},{"not_picked":["yuri:AdaptiveAI","yuri:ThrowBook"],"picked":"yuri:Skip","floor":12.0},{"not_picked":["yuri:MultiDip","yuri:Parry","yuri:HeavierStrike"],"picked":"SKIP","floor":13.0},{"not_picked":["yuri:RecklessStrike","yuri:Stalk","yuri:MPose"],"picked":"SKIP","floor":14.0},{"not_picked":["yuri:DragonForm","yuri:NoEscape"],"picked":"yuri:DuplicateCode","floor":16.0},{"not_picked":["yuri:BookPurple","yuri:ThrowingKnives+1","yuri:Stare"],"picked":"SKIP","floor":18.0},{"not_picked":["yuri:SturdyUniform","yuri:Skip"],"picked":"yuri:DejaVu+1","floor":20.0},{"not_picked":["yuri:ThrowingKnives","yuri:GhostForm","yuri:HoldBack"],"picked":"SKIP","floor":22.0},{"not_picked":["yuri:HeavierStrike+1","yuri:Skip"],"picked":"yuri:RelentlessStrikes","floor":23.0},{"not_picked":["yuri:MPose","yuri:BookPurple","yuri:CorruptHitbox"],"picked":"SKIP","floor":24.0},{"not_picked":["yuri:RecklessStrike","yuri:yuriQuickStrike"],"picked":"yuri:ArmBrace+1","floor":25.0},{"not_picked":["yuri:ExploitStrike","yuri:InsanityDefense+1","yuri:Skip"],"picked":"SKIP","floor":27.0},{"not_picked":["yuri:ThrowingKnives","yuri:Parry"],"picked":"yuri:BookRed","floor":28.0},{"not_picked":["yuri:ThrowingKnives+1","yuri:yuriHeavyStrike","yuri:GlitchedStrike"],"picked":"SKIP","floor":29.0},{"not_picked":["yuri:Parry","yuri:TPose","yuri:MultiDip"],"picked":"SKIP","floor":31.0},{"not_picked":["yuri:BookGreen+1","yuri:BookBlue+1","yuri:BookPurple+1"],"picked":"yuri:BookRed+1","floor":34.0},{"not_picked":["yuri:WickedSlash+1","yuri:GrowingInsanity","yuri:RecklessStrike"],"picked":"SKIP","floor":35.0},{"not_picked":["yuri:RecklessStrike+1","yuri:BrokenCode+1","yuri:CalmingAura+1"],"picked":"SKIP","floor":36.0},{"not_picked":["yuri:Spin+1","yuri:SelfHarm"],"picked":"yuri:InduceGlitch","floor":40.0},{"not_picked":["yuri:Stalk","yuri:MPose+1"],"picked":"yuri:DejaVu+1","floor":41.0},{"not_picked":["yuri:MagneticKnives","yuri:DebugCard+1","yuri:MPose"],"picked":"SKIP","floor":42.0},{"not_picked":["yuri:ThrowBook+1","yuri:HeavierStrike"],"picked":"yuri:SeeingDouble","floor":44},{"not_picked":["yuri:ThrowBook+1","yuri:CalmingAura+1","yuri:DebugCard+1"],"picked":"SKIP","floor":45},{"not_picked":["yuri:StealPen","yuri:DebugCard+1"],"picked":"yuri:BookBlue+1","floor":48},{"not_picked":["yuri:ThrowBook+1","yuri:WickedSlash","yuri:Parry"],"picked":"SKIP","floor":54}],"player_experience":949023,"relics_obtained":[{"floor":5.0,"key":"Thread and Needle"},{"floor":7.0,"key":"MealTicket"},{"floor":11.0,"key":"Anchor"},{"floor":14.0,"key":"PreservedInsect"},{"floor":23.0,"key":"Centennial Puzzle"},{"floor":27.0,"key":"Potion Belt"},{"floor":40.0,"key":"Blood Vial"},{"floor":42.0,"key":"Shuriken"},{"floor":48,"key":"Mango"},{"floor":54,"key":"Toy Ornithopter"}],"event_choices":[{"damage_healed":0.0,"max_hp_gain":0.0,"max_hp_loss":0.0,"gold_gain":0.0,"event_name":"Golden Idol","player_choice":"Take Damage","floor":2.0,"gold_loss":0.0,"damage_taken":20.0,"relics_obtained":["Golden Idol"]},{"damage_healed":0.0,"max_hp_gain":0.0,"max_hp_loss":0.0,"gold_gain":75.0,"event_name":"betterThird:BetterGoop","player_choice":"Gold","floor":4.0,"gold_loss":0.0,"damage_taken":11.0},{"damage_healed":0.0,"max_hp_gain":0.0,"max_hp_loss":0.0,"gold_gain":0.0,"event_name":"WeMeetAgain","player_choice":"Gave Potion","floor":21.0,"gold_loss":0.0,"damage_taken":0.0,"relics_obtained":["Pocketwatch"]},{"damage_healed":0.0,"max_hp_gain":0.0,"max_hp_loss":0.0,"gold_gain":0.0,"event_name":"Ghosts","player_choice":"Ignored","floor":30.0,"gold_loss":0.0,"damage_taken":0.0},{"damage_healed":0.0,"max_hp_gain":0.0,"max_hp_loss":4.0,"gold_gain":0.0,"event_name":"Winding Halls","player_choice":"Max HP","floor":37.0,"gold_loss":0.0,"damage_taken":0.0},{"damage_healed":0.0,"max_hp_gain":0.0,"max_hp_loss":0.0,"gold_gain":0.0,"event_name":"betterThird:BetterPortal","player_choice":"Random: Green","floor":39.0,"gold_loss":0.0,"damage_taken":0.0},{"damage_healed":0.0,"max_hp_gain":0.0,"max_hp_loss":0.0,"gold_gain":450.0,"event_name":"Knowing Skull","player_choice":"GOLD GOLD GOLD GOLD GOLD ","floor":39.0,"potions_obtained":[],"gold_loss":0.0,"damage_taken":46.0,"cards_obtained":[]}],"is_beta":false,"boss_relics":[{"not_picked":["Runic Dome","Busted Crown"],"picked":"Cursed Key"},{"not_picked":["SacredBark","Fusion Hammer"],"picked":"yuri:BookOfBooks"}],"items_purged_floors":[19,38,46,53],"is_endless":false,"potions_floor_spawned":[3,8,12,13,14,18,20,25,31,33,36,40,41,42,54],"ascension_level":0}}