{"host":"ul3z8ex5o8l5j7mh","time":1613417228,"event":{"mods":["AchievementEnabler","BaseMod","Bestiary","Colored Map","Colored Powertips","DeckTracker","Keyboard Shortcuts","Minty Spire (QoL Compilation)","Relic Sorter","Relic Stats","SuperFastMode"],"gold_per_floor":[114,124,49,63,63,89,39,69,94,94,94,106,6,6,6,109,109,123,123,123,123,143,168,185,197,197,197,210,26,26,44,44,149,149,162,174,105,119,248,248,262,262,262],"floor_reached":42,"language":"ENG","playtime":1464,"items_purged":["Strike_R","Parasite"],"score":535,"play_id":"da530daa-7d90-4a4c-a028-ad114dcb5fbe","local_time":"20210215202708","is_ascension_mode":true,"campfire_choices":[{"data":"Blood for Blood","floor":11,"key":"SMITH"},{"floor":15,"key":"REST"},{"data":"Apotheosis","floor":30,"key":"SMITH"},{"floor":32,"key":"REST"},{"data":"Demon Form","floor":40,"key":"SMITH"}],"circlet_count":0,"master_deck":["Strike_R+1","Strike_R+1","Strike_R+1","Defend_R+1","Defend_R+1","Defend_R+1","Defend_R+1","Bash","Anger+1","Blood for Blood+1","Cleave","Blood for Blood","Hemokinesis+1","Brutality","Dropkick","Feed","Flex+1","Apotheosis+1","Demon Form+1","CurseOfTheBell","Combust"],"relics":["Philosopher\u0027s Stone","Blood Vial","Akabeko","Bag of Marbles","Busted Crown","Whetstone","Tiny Chest","SsserpentHead","Calling Bell","Bronze Scales","Gremlin Horn","Incense Burner","Eternal Feather"],"acts_visited":["Exordium","TheCity","TheBeyond"],"potions_floor_usage":[4,6,22,33,33,35,41,42],"damage_taken":[{"damage":2,"enemies":"Cultist","floor":1,"turns":3},{"damage":11,"enemies":"Small Slimes","floor":2,"turns":4},{"damage":2,"enemies":"2 Louse","floor":4,"turns":3},{"damage":5,"enemies":"Gremlin Nob","floor":6,"turns":3},{"damage":40,"enemies":"3 Sentries","floor":8,"turns":7},{"damage":0,"enemies":"Looter","floor":12,"turns":1},{"damage":59,"enemies":"Hexaghost","floor":16,"turns":7},{"damage":11,"enemies":"Shell Parasite","floor":18,"turns":2},{"damage":19,"enemies":"3 Byrds","floor":22,"turns":4},{"damage":19,"enemies":"Gremlin Leader","floor":23,"turns":6},{"damage":9,"enemies":"3 Cultists","floor":24,"turns":3},{"damage":12,"enemies":"Snake Plant","floor":25,"turns":2},{"damage":4,"enemies":"Snecko","floor":28,"turns":3},{"damage":2,"enemies":"Shelled Parasite and Fungi","floor":31,"turns":3},{"damage":37,"enemies":"Collector","floor":33,"turns":6},{"damage":23,"enemies":"3 Darklings","floor":35,"turns":3},{"damage":3,"enemies":"Orb Walker","floor":36,"turns":2},{"damage":6,"enemies":"Jaw Worm Horde","floor":38,"turns":3},{"damage":55,"enemies":"Writhing Mass","floor":41,"turns":4},{"damage":10,"enemies":"Giant Head","floor":42,"turns":5}],"seed_played":"3731340658986876384","potions_obtained":[{"floor":1,"key":"Dexterity Potion"},{"floor":4,"key":"Block Potion"},{"floor":6,"key":"ElixirPotion"},{"floor":18,"key":"Strength Potion"},{"floor":28,"key":"CultistPotion"},{"floor":31,"key":"PowerPotion"},{"floor":33,"key":"DistilledChaos"},{"floor":38,"key":"ColorlessPotion"}],"is_trial":false,"path_per_floor":["M","M","$","M","$","E","?","E","T","?","R","M","$","?","R","B",null,"M","?","?","$","M","E","M","M","T","?","M","$","R","M","R","B",null,"M","M","$","M","T","R","M","E"],"character_chosen":"IRONCLAD","items_purchased":["Apotheosis","Combust"],"campfire_rested":2,"item_purchase_floors":[29,37],"current_hp_per_floor":[78,67,67,65,65,60,60,22,22,42,42,44,44,37,60,3,59,50,50,75,75,58,41,34,24,24,24,22,22,22,25,49,18,68,47,49,49,48,48,60,7,0,0],"gold":262,"neow_bonus":"BOSS_RELIC","is_daily":false,"chose_seed":false,"campfire_upgraded":3,"win_rate":0.0,"timestamp":1613417228,"path_taken":["M","M","?","M","$","E","?","E","T","?","R","M","$","?","R","BOSS","M","?","?","?","M","E","M","M","T","?","M","$","R","M","R","BOSS","M","M","$","M","?","R","M","E"],"items_purchased_type":["Card","Card"],"build_version":"2020-12-22","purchased_purges":2,"victory":false,"max_hp_per_floor":[80,80,80,80,80,80,80,80,80,80,80,80,77,77,77,77,77,77,77,77,77,77,77,77,77,77,77,77,77,77,80,80,84,84,84,87,87,90,90,90,90,90,90],"relic_stats":{"Blood Vial":32,"SsserpentHead":50,"Busted Crown":26,"Gremlin Horn":[4,4],"counters":[20,74],"Bronze Scales":[42],"Tiny Chest":0,"Eternal Feather":12,"Whetstone":["Hemokinesis","Anger"],"obtain_stats":[{"Gremlin Horn":34,"Eternal Feather":39,"Incense Burner":34,"Whetstone":23,"Burning Blood":0,"Akabeko":8,"Blood Vial":6,"Calling Bell":34,"SsserpentHead":27,"Busted Crown":17,"Bronze Scales":34,"Philosopher\u0027s Stone":0,"Tiny Chest":26,"Bag of Marbles":9},{"Gremlin Horn":15,"Eternal Feather":18,"Incense Burner":15,"Whetstone":10,"Burning Blood":0,"Akabeko":5,"Blood Vial":4,"Calling Bell":15,"SsserpentHead":12,"Busted Crown":7,"Bronze Scales":15,"Philosopher\u0027s Stone":0,"Tiny Chest":12,"Bag of Marbles":5},{"Gremlin Horn":57,"Eternal Feather":65,"Incense Burner":57,"Whetstone":40,"Burning Blood":0,"Akabeko":20,"Blood Vial":13,"Calling Bell":57,"SsserpentHead":45,"Busted Crown":28,"Bronze Scales":57,"Philosopher\u0027s Stone":0,"Tiny Chest":45,"Bag of Marbles":20}]},"card_choices":[{"not_picked":["Metallicize","Sword Boomerang","Bloodletting"],"picked":"SKIP","floor":1},{"not_picked":["Body Slam","Iron Wave"],"picked":"Anger","floor":2},{"not_picked":["Hemokinesis","Rupture"],"picked":"Blood for Blood","floor":4},{"not_picked":["Spot Weakness","Sentinel"],"picked":"Cleave","floor":6},{"not_picked":["Pommel Strike","Combust"],"picked":"Blood for Blood","floor":8},{"not_picked":["Flame Barrier","Twin Strike"],"picked":"Hemokinesis","floor":12},{"not_picked":["Reaper","Impervious"],"picked":"Brutality","floor":16},{"not_picked":["Warcry"],"picked":"SKIP","floor":18},{"not_picked":["Thunderclap"],"picked":"SKIP","floor":22},{"not_picked":[],"picked":"Dropkick","floor":23},{"not_picked":["Clothesline"],"picked":"SKIP","floor":24},{"not_picked":[],"picked":"Feed","floor":25},{"not_picked":[],"picked":"Flex+1","floor":28},{"not_picked":["Body Slam"],"picked":"SKIP","floor":31},{"not_picked":[],"picked":"Demon Form","floor":33},{"not_picked":["Uppercut+1"],"picked":"SKIP","floor":35},{"not_picked":["Clothesline+1"],"picked":"SKIP","floor":36},{"not_picked":["Dark Embrace+1"],"picked":"SKIP","floor":38},{"not_picked":["Clothesline"],"picked":"SKIP","floor":41}],"player_experience":384695,"relics_obtained":[{"floor":6,"key":"Blood Vial"},{"floor":8,"key":"Akabeko"},{"floor":9,"key":"Bag of Marbles"},{"floor":23,"key":"Whetstone"},{"floor":26,"key":"Tiny Chest"},{"floor":34,"key":"Bronze Scales"},{"floor":34,"key":"Gremlin Horn"},{"floor":34,"key":"Incense Burner"},{"floor":39,"key":"Eternal Feather"}],"event_choices":[{"cards_removed":["Strike_R"],"damage_healed":0,"gold_gain":0,"player_choice":"Card Removal","damage_taken":0,"max_hp_gain":0,"max_hp_loss":0,"event_name":"The Cleric","floor":7,"gold_loss":50},{"damage_healed":20,"gold_gain":0,"player_choice":"Healed and dodged fight","damage_taken":0,"max_hp_gain":0,"max_hp_loss":0,"event_name":"Mushrooms","floor":10,"gold_loss":0,"cards_obtained":["Parasite"]},{"damage_healed":0,"gold_gain":0,"player_choice":"Damaged","damage_taken":7,"max_hp_gain":0,"max_hp_loss":0,"event_name":"Wheel of Change","floor":14,"gold_loss":0},{"damage_healed":0,"gold_gain":0,"player_choice":"Simplicity","damage_taken":0,"max_hp_gain":0,"max_hp_loss":0,"event_name":"Back to Basics","floor":19,"gold_loss":0,"cards_upgraded":["Strike_R","Strike_R","Strike_R","Defend_R","Defend_R","Defend_R","Defend_R"]},{"damage_healed":25,"gold_gain":0,"player_choice":"Heal","damage_taken":0,"max_hp_gain":0,"max_hp_loss":0,"event_name":"The Library","floor":20,"gold_loss":0},{"damage_healed":0,"gold_gain":0,"player_choice":"Trade","damage_taken":0,"relics_obtained":["SsserpentHead"],"max_hp_gain":0,"max_hp_loss":0,"event_name":"FaceTrader","floor":27,"gold_loss":0}],"is_beta":false,"boss_relics":[{"not_picked":["Mark of Pain","Snecko Eye"],"picked":"Busted Crown"},{"not_picked":["Runic Cube","Pandora\u0027s Box"],"picked":"Calling Bell"}],"items_purged_floors":[3,13],"is_endless":false,"potions_floor_spawned":[1,4,6,18,28,31,33,38],"killed_by":"Giant Head","ascension_level":5}}