{"host":"csn9i02amg5zm780","time":1613392648,"event":{"mods":["2.2 Compatiblity","AchievementEnabler","Aspiration","BaseMod","Better Third Choice","Bossed Relics","Colored Map","Colored Powertips","Curses Come First","Dark Map","Defuse TimeMaze Blight","Evolution","Halation","Highlight Path","Minty Spire (QoL Compilation)","Permanent Neow","Poor People Problems","Quick Restart","Rare Cards Sparkle","Relic Stats","Reliquary","Spire Arcade","StSLib","The Bladedancer","Transform Curses","Waifu the Spire","Weighted Paths"],"gold_per_floor":[112,112,187,201,213,213,241,241,241,241,241],"floor_reached":10,"language":"ENG","playtime":763,"items_purged":[],"score":139,"play_id":"44e79604-3bc0-49d5-bbcb-0f5e7f8aa951","local_time":"20210215133728","daily_mods":["Heirloom","DeadlyEvents","Elite Swarm"],"is_ascension_mode":true,"campfire_choices":[{"floor":6,"key":"REST"},{"floor":8,"key":"REST"}],"circlet_count":0,"master_deck":["blademaster:Strike","blademaster:Strike","blademaster:Strike","blademaster:Strike","blademaster:Defend","blademaster:Defend","blademaster:Defend","blademaster:Defend","blademaster:RagingBlow","blademaster:HighVoltage","blademaster:AspectOfWind","Injury","blademaster:Flurry","blademaster:Sharpen","blademaster:UnrelentingWind"],"relics":["blademaster:DancersAmulet","EVO:Axolotl","Ginger","Frozen Egg 2","Shovel","halation:Toothbrush"],"acts_visited":["Exordium"],"potions_floor_usage":[7,10],"damage_taken":[{"damage":5,"enemies":"Small Slimes","floor":1,"turns":5},{"damage":18,"enemies":"Jaw Worm","floor":4,"turns":7},{"damage":0,"enemies":"Cultist","floor":5,"turns":3},{"damage":22,"enemies":"3 Sentries","floor":7,"turns":8},{"damage":82,"enemies":"Gremlin Nob","floor":10,"turns":5}],"seed_played":"5111810363141983564","potions_obtained":[{"floor":5,"key":"Fire Potion"},{"floor":7,"key":"Fruit Juice"}],"is_trial":true,"path_per_floor":["M","?","?","M","M","R","E","R","T","E"],"character_chosen":"THE_BLADEMASTER","items_purchased":[],"campfire_rested":2,"item_purchase_floors":[],"current_hp_per_floor":[70,70,59,41,41,63,41,63,63,0,0],"gold":241,"neow_bonus":"","is_daily":false,"chose_seed":false,"campfire_upgraded":0,"win_rate":0.0,"timestamp":1613392648,"path_taken":["M","?","?","?","M","R","E","R","T","E"],"items_purchased_type":[],"build_version":"2020-12-22","purchased_purges":0,"victory":false,"max_hp_per_floor":[75,75,75,75,75,75,75,75,75,80,80],"relic_stats":{"Shovel":0,"counters":[5,28],"Ginger":[0],"obtain_stats":[{"Shovel":7,"halation:Toothbrush":9,"blademaster:StanceHealPerk":7,"EVO:Axolotl":0,"blademaster:DancersAmulet":0,"Ginger":0,"Frozen Egg 2":2},{"Shovel":4,"halation:Toothbrush":4,"blademaster:StanceHealPerk":4,"EVO:Axolotl":0,"blademaster:DancersAmulet":0,"Ginger":0,"Frozen Egg 2":1},{"Shovel":23,"halation:Toothbrush":23,"blademaster:StanceHealPerk":23,"EVO:Axolotl":0,"blademaster:DancersAmulet":0,"Ginger":0,"Frozen Egg 2":5}]},"card_choices":[{"not_picked":["blademaster:Sharpen","blademaster:DeadlyDance"],"picked":"blademaster:AspectOfWind","floor":1},{"not_picked":["blademaster:DaggerAndCloak","blademaster:ThunderSlash"],"picked":"blademaster:Flurry","floor":4},{"not_picked":["blademaster:Slice","blademaster:Quickstep+1"],"picked":"blademaster:Sharpen","floor":5},{"not_picked":["blademaster:CloudOfSteel","blademaster:Blindside"],"picked":"blademaster:UnrelentingWind","floor":7}],"player_experience":97089,"relics_obtained":[{"floor":7,"key":"Shovel"},{"floor":7,"key":"blademaster:StanceHealPerk"},{"floor":9,"key":"halation:Toothbrush"}],"event_choices":[{"damage_healed":0,"gold_gain":75,"player_choice":"Gold","damage_taken":11,"max_hp_gain":0,"max_hp_loss":0,"event_name":"betterThird:BetterGoop","floor":3,"gold_loss":0}],"is_beta":false,"boss_relics":[],"items_purged_floors":[],"is_endless":true,"potions_floor_spawned":[5,7],"killed_by":"Gremlin Nob","ascension_level":4}}