{"host":"mnpd8gh7cwxsn5kh","time":1613406634,"event":{"mods":["BaseMod","Bestiary","Block Reminder","Colored Map","Colored Powertips","Highlight Path","Minty Spire (QoL Compilation)","Relic Sorter","Relic Stats"],"gold_per_floor":[114,129,129,139,44,44,55,55,80,108,108,119,154,30,30,109,109,122,142,142,154,172,172,206,206,231,6,6,38,38,63,63,141,141,157,167,167,182,194,224,224,257,280,280,290,318,28,46,46,46],"floor_reached":51,"language":"ENG","playtime":5674,"items_purged":["Strike_P","Strike_P","Strike_P+1"],"score":1431,"play_id":"389ca5b9-7095-4e3a-89de-9033d765f5bc","local_time":"20210215173034","is_ascension_mode":true,"campfire_choices":[{"data":"Eruption","floor":8.0,"key":"SMITH"},{"data":"BowlingBash","floor":11.0,"key":"SMITH"},{"data":"Consecrate","floor":15.0,"key":"SMITH"},{"data":"Wallop","floor":23.0,"key":"SMITH"},{"floor":25.0,"key":"REST"},{"data":"TalkToTheHand","floor":30.0,"key":"SMITH"},{"floor":32.0,"key":"REST"},{"floor":41,"key":"REST"},{"floor":44,"key":"REST"},{"floor":49,"key":"REST"}],"circlet_count":0,"master_deck":["AscendersBane","Strike_P+1","Defend_P+1","Defend_P+1","Defend_P+1","Defend_P+1","Eruption+1","Vigilance","EmptyMind+1","Consecrate+1","CutThroughFate","Flash of Steel+1","BowlingBash+1","ReachHeaven+1","Crescendo","Protect","Tantrum","Brilliance+1","ThirdEye","CutThroughFate+1","Wallop+1","TalkToTheHand+1","LessonLearned","Worship+1","Wallop","Omniscience+1","SashWhip","EmptyFist+1","Protect","EmptyBody","Nirvana","BattleHymn+1","InnerPeace","CutThroughFate","Fasting2","Protect"],"relics":["VioletLotus","Strawberry","Smiling Mask","WingedGreaves","Velvet Choker","GoldenEye","Happy Flower","Orichalcum","Red Mask","Fusion Hammer","Ginger","MealTicket","Potion Belt","Damaru"],"acts_visited":["Exordium","TheCity","TheBeyond"],"potions_floor_usage":[42,48,50,50,50],"damage_taken":[{"damage":1.0,"enemies":"Small Slimes","floor":1.0,"turns":4.0},{"damage":4.0,"enemies":"Jaw Worm","floor":2.0,"turns":6.0},{"damage":0.0,"enemies":"Cultist","floor":4.0,"turns":3.0},{"damage":1.0,"enemies":"Red Slaver","floor":7.0,"turns":2.0},{"damage":22.0,"enemies":"Lagavulin","floor":10.0,"turns":7.0},{"damage":5.0,"enemies":"Gremlin Gang","floor":12.0,"turns":3.0},{"damage":8.0,"enemies":"3 Sentries","floor":13.0,"turns":4.0},{"damage":4.0,"enemies":"Slime Boss","floor":16.0,"turns":7.0},{"damage":29.0,"enemies":"Shell Parasite","floor":18.0,"turns":4.0},{"damage":0.0,"enemies":"Spheric Guardian","floor":19.0,"turns":3.0},{"damage":0.0,"enemies":"Centurion and Healer","floor":21.0,"turns":4.0},{"damage":23.0,"enemies":"Snecko","floor":22.0,"turns":6.0},{"damage":0.0,"enemies":"Gremlin Leader","floor":24.0,"turns":6.0},{"damage":11.0,"enemies":"Slavers","floor":29.0,"turns":4.0},{"damage":0.0,"enemies":"Masked Bandits","floor":31.0,"turns":2.0},{"damage":22.0,"enemies":"Collector","floor":33.0,"turns":9.0},{"damage":0.0,"enemies":"3 Darklings","floor":35.0,"turns":4.0},{"damage":1.0,"enemies":"Orb Walker","floor":36.0,"turns":4.0},{"damage":17.0,"enemies":"Jaw Worm Horde","floor":38.0,"turns":5.0},{"damage":7,"enemies":"Maw","floor":39,"turns":8},{"damage":2,"enemies":"Nemesis","floor":40,"turns":7},{"damage":33,"enemies":"Reptomancer","floor":42,"turns":6},{"damage":3,"enemies":"Writhing Mass","floor":45,"turns":7},{"damage":10,"enemies":"Giant Head","floor":46,"turns":6},{"damage":0,"enemies":"Transient","floor":48,"turns":6},{"damage":24,"enemies":"Time Eater","floor":50,"turns":5}],"seed_played":"-5895077827540208962","potions_obtained":[{"floor":1.0,"key":"BottledMiracle"},{"floor":4.0,"key":"Block Potion"},{"floor":10.0,"key":"Block Potion"},{"floor":21.0,"key":"SkillPotion"},{"floor":22.0,"key":"BlessingOfTheForge"},{"floor":31.0,"key":"GamblersBrew"},{"floor":38.0,"key":"Strength Potion"},{"floor":45,"key":"CultistPotion"}],"is_trial":false,"path_per_floor":["M","M","?","M","$","$","M","R","T","E","R","M","E","$","R","B",null,"M","M","?","M","M","R","E","R","T","$","?","E","R","?","R","B",null,"M","M","?","M","M","E","R","E","T","R","M","E","$","M","R","B",null],"character_chosen":"WATCHER","items_purchased":["Flash of Steel","Tantrum","LessonLearned","Fasting2","Protect","Strength Potion","AttackPotion"],"campfire_rested":5,"item_purchase_floors":[5,14,27,47,47,47,47],"current_hp_per_floor":[60,56,61,61,61,61,60,60,67,45,45,40,32,32,32,28,67,38,38,54,54,31,31,31,55,55,55,55,44,44,44,68,46,72,72,71,71,54,47,45,69,36,36,60,57,47,62,62,80,56],"gold":46,"neow_bonus":"BOSS_RELIC","is_daily":false,"chose_seed":false,"campfire_upgraded":5,"win_rate":0.0,"timestamp":1613406634,"path_taken":["M","M","?","M","?","$","?","R","T","E","R","M","E","?","R","BOSS","M","?","?","M","M","R","E","R","T","$","?","E","R","?","R","BOSS","M","M","?","?","M","E","R","E","T","R","M","E","$","M","R","BOSS"],"items_purchased_type":["Card","Card","Card","Card","Card","Potion","Potion"],"build_version":"2020-12-22","purchased_purges":3,"victory":true,"max_hp_per_floor":[68,68,73,73,73,73,73,73,80,80,80,80,80,80,80,80,80,80,80,80,80,80,80,80,80,80,80,80,80,80,80,80,80,80,80,80,80,80,80,80,80,80,80,80,80,80,80,80,80,80],"relic_stats":{"Happy Flower":[24],"counters":[26,132],"MealTicket":15,"VioletLotus":[24],"Ginger":[11],"Orichalcum":[48],"Smiling Mask":150,"GoldenEye":[59],"obtain_stats":[{"Potion Belt":43,"Happy Flower":26,"Velvet Choker":17,"Damaru":46,"Ginger":40,"Orichalcum":29,"Smiling Mask":10,"GoldenEye":24,"Strawberry":9,"MealTicket":42,"VioletLotus":0,"WingedGreaves":13,"Fusion Hammer":34,"Red Mask":31,"PureWater":0},{"Potion Belt":22,"Happy Flower":13,"Velvet Choker":8,"Damaru":24,"Ginger":21,"Orichalcum":14,"Smiling Mask":5,"GoldenEye":13,"Strawberry":4,"MealTicket":22,"VioletLotus":0,"WingedGreaves":7,"Fusion Hammer":16,"Red Mask":15,"PureWater":0},{"Potion Belt":108,"Happy Flower":59,"Velvet Choker":36,"Damaru":121,"Ginger":102,"Orichalcum":63,"Smiling Mask":22,"GoldenEye":59,"Strawberry":15,"MealTicket":108,"VioletLotus":0,"WingedGreaves":29,"Fusion Hammer":74,"Red Mask":65,"PureWater":0}]},"card_choices":[{"not_picked":["Worship","MentalFortress"],"picked":"EmptyMind","floor":1.0},{"not_picked":["CarveReality","JustLucky"],"picked":"Consecrate","floor":2.0},{"not_picked":["Protect","CrushJoints"],"picked":"CutThroughFate","floor":4.0},{"not_picked":["Adaptation","CrushJoints"],"picked":"BowlingBash","floor":7.0},{"not_picked":["Wish","Nirvana"],"picked":"ReachHeaven","floor":10.0},{"not_picked":["Consecrate","Adaptation"],"picked":"Crescendo","floor":12.0},{"not_picked":["BowlingBash","CrushJoints"],"picked":"Protect","floor":13.0},{"not_picked":["Omniscience","Blasphemy"],"picked":"Brilliance","floor":16.0},{"not_picked":["JustLucky+1","Crescendo"],"picked":"ThirdEye","floor":18.0},{"not_picked":["Crescendo","BowlingBash","ReachHeaven"],"picked":"SKIP","floor":19.0},{"not_picked":["FollowUp","Halt"],"picked":"CutThroughFate","floor":21.0},{"not_picked":["PathToVictory","BattleHymn"],"picked":"Wallop","floor":22.0},{"not_picked":["WindmillStrike","FlurryOfBlows"],"picked":"TalkToTheHand","floor":24.0},{"not_picked":["ReachHeaven","EmptyMind"],"picked":"Worship+1","floor":29.0},{"not_picked":["WindmillStrike","FlyingSleeves"],"picked":"Wallop","floor":31.0},{"not_picked":["Blasphemy","Ragnarok"],"picked":"Omniscience","floor":33.0},{"not_picked":["CrushJoints","FollowUp"],"picked":"SashWhip","floor":35.0},{"not_picked":["CrushJoints","FollowUp+1"],"picked":"EmptyFist","floor":36.0},{"not_picked":["WaveOfTheHand","Halt"],"picked":"Protect","floor":38.0},{"not_picked":["EmptyFist","Crescendo+1"],"picked":"EmptyBody","floor":39},{"not_picked":["FollowUp","Blasphemy"],"picked":"Nirvana","floor":40},{"not_picked":["BowlingBash","SignatureMove"],"picked":"BattleHymn","floor":42},{"not_picked":["EmptyFist","BowlingBash+1"],"picked":"InnerPeace","floor":45},{"not_picked":["EmptyFist","Collect"],"picked":"CutThroughFate","floor":46},{"not_picked":["BowlingBash","Protect","Crescendo+1"],"picked":"SKIP","floor":48}],"player_experience":549629,"relics_obtained":[{"floor":9.0,"key":"Strawberry"},{"floor":10.0,"key":"Smiling Mask"},{"floor":13.0,"key":"WingedGreaves"},{"floor":24.0,"key":"GoldenEye"},{"floor":26.0,"key":"Happy Flower"},{"floor":29.0,"key":"Orichalcum"},{"floor":31.0,"key":"Red Mask"},{"floor":40,"key":"Ginger"},{"floor":42,"key":"MealTicket"},{"floor":43,"key":"Potion Belt"},{"floor":46,"key":"Damaru"}],"event_choices":[{"damage_healed":0.0,"max_hp_gain":5.0,"max_hp_loss":0.0,"gold_gain":0.0,"event_name":"Big Fish","player_choice":"Donut","floor":3.0,"gold_loss":0.0,"damage_taken":0.0},{"damage_healed":16.0,"max_hp_gain":0.0,"max_hp_loss":0.0,"gold_gain":0.0,"event_name":"The Library","player_choice":"Heal","floor":20.0,"gold_loss":0.0,"damage_taken":0.0},{"damage_healed":0.0,"max_hp_gain":0.0,"max_hp_loss":0.0,"gold_gain":0.0,"event_name":"Back to Basics","player_choice":"Simplicity","floor":28.0,"gold_loss":0.0,"damage_taken":0.0,"cards_upgraded":["Strike_P","Strike_P","Defend_P","Defend_P","Defend_P","Defend_P"]},{"damage_healed":0.0,"max_hp_gain":0.0,"max_hp_loss":0.0,"gold_gain":0.0,"event_name":"Masked Bandits","player_choice":"Fought Bandits","floor":31.0,"gold_loss":0.0,"damage_taken":0.0},{"damage_healed":0.0,"max_hp_gain":0.0,"max_hp_loss":0.0,"gold_gain":0.0,"event_name":"Upgrade Shrine","player_choice":"Upgraded","floor":37.0,"gold_loss":0.0,"damage_taken":0.0,"cards_upgraded":["Omniscience"]}],"is_beta":false,"boss_relics":[{"not_picked":["Coffee Dripper","Philosopher\u0027s Stone"],"picked":"Velvet Choker"},{"not_picked":["Pandora\u0027s Box","Astrolabe"],"picked":"Fusion Hammer"}],"items_purged_floors":[14,27,47],"is_endless":false,"potions_floor_spawned":[1,4,10,12,21,22,24,31,38,39,45],"ascension_level":17}}