{"host":"qp7xs8nuzfsyommi","time":1613401520,"event":{"mods":["2.2 Compatiblity","BaseMod","Colored Powertips","DeckTracker","Highlight Path","Minty Spire (QoL Compilation)","Permanent Neow","Quick Restart","StSLib"],"gold_per_floor":[119,194,12,162,179,18,43,43,68,68,68],"floor_reached":10,"language":"ENG","playtime":326,"items_purged":["Shame"],"score":128,"play_id":"be7a483c-2484-4770-8c07-00b9434c35ed","local_time":"20210215100520","is_ascension_mode":true,"campfire_choices":[],"circlet_count":0,"master_deck":["AscendersBane","Strike_B","Strike_B","Strike_B","Strike_B","Defend_B","Defend_B+1","Defend_B+1","Defend_B","Zap","Dualcast","Biased Cognition","Compile Driver","Glacier","Hologram","Doubt","Recycle"],"relics":["Cracked Core","Lee\u0027s Waffle","Frozen Egg 2","War Paint"],"acts_visited":["Exordium"],"potions_floor_usage":[10],"damage_taken":[{"damage":8,"enemies":"2 Louse","floor":1,"turns":3},{"damage":1,"enemies":"Jaw Worm","floor":5,"turns":3},{"damage":42,"enemies":"Gremlin Nob","floor":7,"turns":6},{"damage":26,"enemies":"Lagavulin","floor":10,"turns":9}],"seed_played":"-1461245799364015402","potions_obtained":[{"floor":7,"key":"SkillPotion"}],"is_trial":false,"path_per_floor":["M","?","$","?","M","$","E","$","T","E"],"character_chosen":"DEFECT","items_purchased":["Glacier","Hologram","Lee\u0027s Waffle"],"campfire_rested":0,"item_purchase_floors":[3,3,6],"current_hp_per_floor":[56,45,45,45,44,78,36,36,36,10,10],"gold":68,"neow_bonus":"THREE_RARE_CARDS","is_daily":false,"chose_seed":false,"campfire_upgraded":0,"win_rate":0.0,"timestamp":1613401520,"path_taken":["M","?","$","?","M","?","E","$","T","E"],"items_purchased_type":["Card","Card","Relic"],"build_version":"2020-12-22","purchased_purges":1,"victory":false,"max_hp_per_floor":[71,71,71,71,71,78,78,78,78,78,78],"card_choices":[{"not_picked":["Rainbow","Echo Form"],"picked":"Biased Cognition","floor":0},{"not_picked":["Streamline","Conserve Battery"],"picked":"Compile Driver","floor":1},{"not_picked":["Undo","Leap"],"picked":"Recycle","floor":5},{"not_picked":["Cold Snap","Scrape","Fusion"],"picked":"SKIP","floor":7}],"player_experience":1907744,"relics_obtained":[{"floor":7,"key":"Frozen Egg 2"},{"floor":9,"key":"War Paint"}],"event_choices":[{"damage_healed":0,"gold_gain":75,"player_choice":"Gather Gold","damage_taken":11,"max_hp_gain":0,"max_hp_loss":0,"event_name":"World of Goop","floor":2,"gold_loss":0},{"damage_healed":0,"gold_gain":150,"player_choice":"AGREE","damage_taken":0,"max_hp_gain":0,"max_hp_loss":0,"event_name":"Liars Game","floor":4,"gold_loss":0,"cards_obtained":["Doubt"]}],"is_beta":false,"boss_relics":[],"items_purged_floors":[3],"is_endless":false,"potions_floor_spawned":[7],"killed_by":"Lagavulin","ascension_level":20}}