{"host":"urzvr6030gsf1sd7","time":1613355328,"event":{"mods":["AchievementEnabler","BaseMod","Block Reminder","Colored Powertips","Minty Spire (QoL Compilation)","Permanent Neow","StSLib"],"gold_per_floor":[116,116,69,84,99,131,131,148,174,22,41,72,86,86,86,185,185,205,205,60,73,1,32,32,42,67,67,95,111,111,145,145,249,249,259,6,26,0,12,45,45,45,45,75,75,89,100,28,28,28],"floor_reached":51,"language":"ENG","playtime":5305,"items_purged":["Strike_G","Distraction"],"score":865,"play_id":"a2237b45-84c7-4bc2-9ff2-99531c9ac8c8","local_time":"20210214211528","is_ascension_mode":true,"campfire_choices":[{"data":"Phantasmal Killer","floor":7,"key":"SMITH"},{"data":"Terror","floor":15,"key":"SMITH"},{"data":"Wraith Form v2","floor":24,"key":"SMITH"},{"data":"Finisher","floor":27,"key":"SMITH"},{"floor":30,"key":"REST"},{"data":"1","floor":32,"key":"LIFT"},{"data":"2","floor":41,"key":"LIFT"},{"data":"Well Laid Plans","floor":49,"key":"SMITH"}],"circlet_count":0,"master_deck":["Strike_G","Strike_G","Strike_G","Defend_G","Defend_G+1","Defend_G","Defend_G","Defend_G+1","Survivor","Neutralize","Cloak And Dagger","Terror+1","Dagger Spray","Blade Dance","Phantasmal Killer+1","Quick Slash","Infinite Blades","Finisher+1","Burst","Choke","Wraith Form v2+1","Prepared+1","Quick Slash","Leg Sweep","Accuracy","Predator","Underhanded Strike+1","Acrobatics","Accuracy","Adrenaline","Dagger Throw+1","Escape Plan+1","Flying Knee","Blade Dance","Blur+1","Underhanded Strike+1","Well Laid Plans+1"],"relics":["Ring of the Snake","Dream Catcher","Oddly Smooth Stone","Bronze Scales","Philosopher\u0027s Stone","Toolbox","Potion Belt","Regal Pillow","Girya","Busted Crown","Anchor","Red Mask","Blood Vial","Pantograph","Toy Ornithopter"],"acts_visited":["Exordium","TheCity","TheBeyond"],"potions_floor_usage":[1,8,16,16,16,25,33,33,33,37,39,44,50,50,50,50],"damage_taken":[{"damage":10,"enemies":"Cultist","floor":1,"turns":4},{"damage":3,"enemies":"Jaw Worm","floor":4,"turns":4},{"damage":0,"enemies":"Small Slimes","floor":5,"turns":2},{"damage":14,"enemies":"Lagavulin","floor":6,"turns":5},{"damage":3,"enemies":"Exordium Wildlife","floor":8,"turns":3},{"damage":0,"enemies":"Large Slime","floor":11,"turns":3},{"damage":0,"enemies":"Gremlin Nob","floor":12,"turns":2},{"damage":5,"enemies":"Gremlin Gang","floor":13,"turns":3},{"damage":16,"enemies":"The Guardian","floor":16,"turns":4},{"damage":0,"enemies":"Chosen","floor":18,"turns":2},{"damage":10,"enemies":"Shell Parasite","floor":21,"turns":2},{"damage":0,"enemies":"Gremlin Leader","floor":23,"turns":2},{"damage":0,"enemies":"3 Cultists","floor":25,"turns":4},{"damage":17,"enemies":"Slavers","floor":28,"turns":6},{"damage":7,"enemies":"Snecko","floor":29,"turns":3},{"damage":0,"enemies":"Book of Stabbing","floor":31,"turns":3},{"damage":34,"enemies":"Automaton","floor":33,"turns":7},{"damage":1,"enemies":"3 Shapes","floor":35,"turns":4},{"damage":12,"enemies":"3 Darklings","floor":37,"turns":4},{"damage":0,"enemies":"Spire Growth","floor":39,"turns":2},{"damage":5,"enemies":"Nemesis","floor":40,"turns":5},{"damage":24,"enemies":"Reptomancer","floor":44,"turns":5},{"damage":0,"enemies":"Jaw Worm Horde","floor":46,"turns":2},{"damage":0,"enemies":"Transient","floor":47,"turns":5},{"damage":47,"enemies":"Donu and Deca","floor":50,"turns":7}],"seed_played":"5386068332364699393","potions_obtained":[{"floor":1,"key":"Fruit Juice"},{"floor":4,"key":"FearPotion"},{"floor":6,"key":"Energy Potion"},{"floor":8,"key":"Explosive Potion"},{"floor":14,"key":"EntropicBrew"},{"floor":14,"key":"DuplicationPotion"},{"floor":18,"key":"DuplicationPotion"},{"floor":25,"key":"SmokeBomb"},{"floor":31,"key":"Block Potion"},{"floor":37,"key":"EntropicBrew"},{"floor":44,"key":"Explosive Potion"},{"floor":47,"key":"CunningPotion"}],"is_trial":false,"path_per_floor":["M","?","$","M","M","E","R","M","T","$","M","E","M","?","R","B",null,"M","?","$","M","$","E","R","M","T","R","E","M","R","E","R","B",null,"M","$","M","?","M","E","R","$","T","E","?","M","M","$","R","B",null],"character_chosen":"THE_SILENT","items_purchased":["Dagger Spray","Infinite Blades","Toolbox","LiquidMemories","Anchor","Well Laid Plans"],"campfire_rested":1,"item_purchase_floors":[3,10,20,22,36,48],"current_hp_per_floor":[65,50,50,47,47,33,33,30,30,30,30,30,25,25,25,9,75,75,75,75,65,65,65,65,65,65,65,48,41,75,75,75,41,75,74,74,62,62,62,57,57,57,57,35,35,37,39,39,39,38],"gold":28,"neow_bonus":"THREE_CARDS","is_daily":false,"chose_seed":false,"campfire_upgraded":5,"win_rate":0.0,"timestamp":1613355328,"path_taken":["M","?","$","M","M","E","R","M","T","$","M","E","M","?","R","BOSS","M","?","$","?","$","E","R","M","T","R","E","M","R","E","R","BOSS","M","$","M","?","M","E","R","$","T","E","?","M","M","?","R","BOSS"],"items_purchased_type":["Card","Card","Relic","Potion","Relic","Card"],"build_version":"2020-12-22","purchased_purges":2,"victory":true,"max_hp_per_floor":[75,75,75,75,75,75,75,75,75,75,75,75,75,75,75,75,75,75,75,75,75,75,75,75,75,75,75,75,75,75,75,75,75,75,75,75,75,75,75,75,75,75,75,75,75,75,75,75,75,75],"card_choices":[{"not_picked":["Dagger Spray","Acrobatics"],"picked":"Cloak And Dagger","floor":0},{"not_picked":["Outmaneuver","Eviscerate"],"picked":"Terror","floor":1},{"not_picked":["Dagger Spray","Slice"],"picked":"Distraction","floor":4},{"not_picked":["Heel Hook","Reflex"],"picked":"Blade Dance","floor":5},{"not_picked":["Deadly Poison","Backflip"],"picked":"Phantasmal Killer","floor":6},{"not_picked":["Backflip","Cloak And Dagger"],"picked":"Quick Slash","floor":8},{"not_picked":["Poisoned Stab","Quick Slash"],"picked":"Finisher","floor":11},{"not_picked":["Bane","Underhanded Strike"],"picked":"Burst","floor":12},{"not_picked":["Dagger Spray","Dodge and Roll"],"picked":"Choke","floor":13},{"not_picked":["Unload","Bullet Time"],"picked":"Wraith Form v2","floor":16},{"not_picked":["Dodge and Roll+1","Bane"],"picked":"Prepared+1","floor":18},{"not_picked":["Deflect+1","Bouncing Flask"],"picked":"Leg Sweep","floor":21},{"not_picked":["Blur","Prepared"],"picked":"Accuracy","floor":23},{"not_picked":["Sucker Punch","Outmaneuver"],"picked":"Predator","floor":25},{"not_picked":["Cloak And Dagger","Sucker Punch","Deflect+1"],"picked":"SKIP","floor":28},{"not_picked":["Bouncing Flask","Cloak And Dagger"],"picked":"Underhanded Strike+1","floor":29},{"not_picked":["Cloak And Dagger","Outmaneuver"],"picked":"Acrobatics","floor":30},{"not_picked":["Flying Knee","Distraction"],"picked":"Accuracy","floor":31},{"not_picked":["Storm of Steel","Bullet Time"],"picked":"Adrenaline","floor":33},{"not_picked":[],"picked":"Dagger Throw+1","floor":35},{"not_picked":[],"picked":"Escape Plan+1","floor":37},{"not_picked":[],"picked":"Flying Knee","floor":39},{"not_picked":["Bane"],"picked":"SKIP","floor":40},{"not_picked":[],"picked":"Blade Dance","floor":44},{"not_picked":[],"picked":"Blur+1","floor":46},{"not_picked":[],"picked":"Underhanded Strike+1","floor":47}],"player_experience":250280,"relics_obtained":[{"floor":6,"key":"Dream Catcher"},{"floor":9,"key":"Oddly Smooth Stone"},{"floor":12,"key":"Bronze Scales"},{"floor":23,"key":"Potion Belt"},{"floor":28,"key":"Regal Pillow"},{"floor":31,"key":"Girya"},{"floor":40,"key":"Blood Vial"},{"floor":43,"key":"Pantograph"},{"floor":44,"key":"Toy Ornithopter"}],"event_choices":[{"damage_healed":0,"gold_gain":0,"player_choice":"Entered Light","damage_taken":15,"max_hp_gain":0,"max_hp_loss":0,"event_name":"Shining Light","floor":2,"gold_loss":0,"cards_upgraded":["Defend_G","Defend_G"]},{"damage_healed":0,"gold_gain":0,"player_choice":"Got Potions","damage_taken":0,"max_hp_gain":0,"max_hp_loss":0,"event_name":"Lab","floor":14,"gold_loss":0},{"damage_healed":0,"gold_gain":0,"cards_transformed":["Strike_G"],"player_choice":"Transformed","damage_taken":0,"max_hp_gain":0,"max_hp_loss":0,"event_name":"Transmorgrifier","floor":19,"gold_loss":0,"cards_obtained":["Quick Slash"]},{"damage_healed":0,"gold_gain":0,"player_choice":"Paid","damage_taken":0,"relics_obtained":["Red Mask"],"max_hp_gain":0,"max_hp_loss":0,"event_name":"Tomb of Lord Red Mask","floor":38,"gold_loss":26},{"damage_healed":0,"gold_gain":0,"player_choice":"Ignored","damage_taken":0,"max_hp_gain":0,"max_hp_loss":0,"event_name":"The Moai Head","floor":45,"gold_loss":0}],"is_beta":false,"boss_relics":[{"not_picked":["SacredBark","Coffee Dripper"],"picked":"Philosopher\u0027s Stone"},{"not_picked":["Astrolabe","SlaversCollar"],"picked":"Busted Crown"}],"items_purged_floors":[10,36],"is_endless":false,"potions_floor_spawned":[1,4,6,8,18,25,31,37,44,47],"ascension_level":1}}