{"host":"wbn3xdfsa5pc2kse","time":1613383987,"event":{"mods":["AchievementEnabler","BaseMod","Bestiary","Colored Map","Colored Powertips","Curses Come First","Highlight Path","Minty Spire (QoL Compilation)","Permanent Neow","Rare Cards Sparkle","Relic Stats","StSLib"],"gold_per_floor":[116,116,131,144,70,70,70,70],"floor_reached":7,"language":"ZHT","playtime":130,"items_purged":[],"score":82,"play_id":"d0071750-20dc-4a1e-b1e1-b2ff799a8c2b","local_time":"20210215181307","is_ascension_mode":true,"campfire_choices":[{"data":"Eruption","floor":6,"key":"SMITH"}],"circlet_count":0,"master_deck":["AscendersBane","Strike_P","Strike_P","Strike_P","Defend_P","Defend_P","Defend_P","Defend_P","Eruption+1","Vigilance","Alpha","Prostrate","SashWhip","FearNoEvil","MentalFortress"],"relics":["PureWater"],"acts_visited":["Exordium"],"potions_floor_usage":[7],"damage_taken":[{"damage":4,"enemies":"Small Slimes","floor":1,"turns":3},{"damage":0,"enemies":"Cultist","floor":3,"turns":3},{"damage":5,"enemies":"Jaw Worm","floor":4,"turns":4},{"damage":19,"enemies":"Lagavulin","floor":7,"turns":4}],"seed_played":"2357428516014288446","potions_obtained":[{"floor":4,"key":"Block Potion"}],"is_trial":false,"path_per_floor":["M","?","M","M","$","R","E"],"character_chosen":"WATCHER","items_purchased":["MentalFortress"],"campfire_rested":0,"item_purchase_floors":[5],"current_hp_per_floor":[39,39,39,34,34,34,15,15],"gold":70,"neow_bonus":"THREE_RARE_CARDS","is_daily":false,"chose_seed":false,"campfire_upgraded":1,"win_rate":0.0,"timestamp":1613383987,"path_taken":["M","?","M","?","$","R","E"],"items_purchased_type":["Card"],"build_version":"2020-12-22","purchased_purges":0,"victory":false,"max_hp_per_floor":[68,68,68,68,68,68,68,68],"relic_stats":{"counters":[4,14],"obtain_stats":[{"PureWater":0},{"PureWater":0},{"PureWater":0}]},"card_choices":[{"not_picked":["Scrawl","SpiritShield"],"picked":"Alpha","floor":0},{"not_picked":["Consecrate","SignatureMove"],"picked":"Prostrate","floor":1},{"not_picked":["PathToVictory","CutThroughFate"],"picked":"SashWhip","floor":3},{"not_picked":["Pray","JustLucky"],"picked":"FearNoEvil","floor":4}],"player_experience":820207,"relics_obtained":[],"event_choices":[{"cards_removed":["Strike_P"],"damage_healed":0,"gold_gain":0,"player_choice":"Purged","damage_taken":0,"max_hp_gain":0,"max_hp_loss":0,"event_name":"Purifier","floor":2,"gold_loss":0}],"is_beta":false,"boss_relics":[],"items_purged_floors":[],"is_endless":false,"potions_floor_spawned":[4],"killed_by":"Lagavulin","ascension_level":20}}