{"host":"a3gu5zu37ht99mpa","time":1613419008,"event":{"mods":["100% Spire Juice","Act Like it!","Arknights","BaseMod","Better Silent Start","BetterRewards","Conspire","Downfall","Energized Spire","GifTheSpireLib","Gold Saver","Halation","Minty Spire (QoL Compilation)","Prisma Mod","Robot Space Explorer","StSLib","Stuff the Spire","The Animator","The Servant 0.9.4","Virulent Crown","Wandering Minibosses","yUi"],"gold_per_floor":[275,275,313,313,313,313,355,391,418,440,515,539,575,382,382,387,387],"floor_reached":16,"language":"ENG","playtime":579,"items_purged":[],"score":133,"play_id":"1607301e-27c8-4944-b74f-22324a8308c3","local_time":"20210215145648","is_ascension_mode":true,"campfire_choices":[{"data":"animator:DolaCouronne","floor":6,"key":"SMITH"},{"floor":15,"key":"RECALL"}],"circlet_count":0,"master_deck":["animator:Strike_Kancolle","animator:Defend_Kancolle","animator:Strike","animator:Strike","animator:Strike","animator:Defend","animator:Defend","animator:Defend","animator:Shimakaze+1","animator:MaesHughes","animator:DolaCouronne+1","Regret","animator:Shigure","animator:MumenRider","animator:DolaSchwi","animator:LeleiLaLalena","animator:DolaRiku","animator:IchigoKurosaki"],"relics":["animator:LivingPicture","animator:TheMissingPiece","animator:PurgingStone","NeowsBlessing","StuffTheSpire:RedRose","MealTicket","halation:LettersToHer","Membership Card"],"acts_visited":["Exordium"],"potions_floor_usage":[12,12,12,16],"damage_taken":[{"damage":0,"enemies":"2 Louse","floor":1,"turns":1},{"damage":1,"enemies":"Jaw Worm","floor":3,"turns":2},{"damage":0,"enemies":"Gremlin Nob","floor":7,"turns":1},{"damage":7,"enemies":"Cultist","floor":8,"turns":5},{"damage":26,"enemies":"2 Fungi Beasts","floor":10,"turns":7},{"damage":1,"enemies":"Looter","floor":12,"turns":6},{"damage":14,"enemies":"Exordium Thugs","floor":13,"turns":4},{"damage":26,"enemies":"Slime Boss","floor":16,"turns":3}],"seed_played":"8187678850564961271","potions_obtained":[{"floor":1,"key":"DuplicationPotion"},{"floor":7,"key":"Block Potion"},{"floor":8,"key":"DistilledChaos"},{"floor":13,"key":"EssenceOfSteel"}],"is_trial":false,"path_per_floor":["M","?","M","?","T","R","E","M","T","M","?","M","M","$","R","B"],"character_chosen":"THE_ANIMATOR","items_purchased":["Membership Card","animator:IchigoKurosaki"],"campfire_rested":0,"item_purchase_floors":[14,14],"current_hp_per_floor":[66,66,65,65,65,65,65,58,58,33,22,21,7,22,22,0,0],"gold":387,"neow_bonus":"THREE_ENEMY_KILL","is_daily":false,"chose_seed":false,"campfire_upgraded":1,"win_rate":0.0,"timestamp":1613419008,"path_taken":["M","?","M","?","?","R","E","M","T","?","?","M","M","$","R","BOSS"],"items_purchased_type":["Relic","Card"],"build_version":"2020-12-22","purchased_purges":0,"victory":false,"max_hp_per_floor":[66,66,66,66,66,66,66,66,66,67,67,67,67,67,67,67,67],"card_choices":[{"not_picked":["animator:RoryMercury","animator:RinTohsaka"],"picked":"animator:MaesHughes","floor":1},{"not_picked":["animator:ShinjiMatou","animator:Shigure"],"picked":"animator:DolaCouronne","floor":3},{"not_picked":["animator:Arpeggio","animator:Assassin"],"picked":"animator:Shigure","floor":7},{"not_picked":["animator:Sonic","animator:Genos"],"picked":"animator:MumenRider","floor":8},{"not_picked":["animator:Yuuichirou","animator:LeleiLaLalena"],"picked":"animator:DolaSchwi","floor":10},{"not_picked":["animator:IrohaTamaki","animator:Kuribayashi"],"picked":"animator:LeleiLaLalena","floor":12},{"not_picked":["animator:Alexander","animator:SilverFang"],"picked":"animator:DolaRiku","floor":13}],"player_experience":102424,"relics_obtained":[{"floor":7,"key":"MealTicket"},{"floor":9,"key":"halation:LettersToHer"}],"event_choices":[{"damage_healed":0,"gold_gain":0,"player_choice":"Grow","damage_taken":0,"max_hp_gain":0,"max_hp_loss":0,"event_name":"Living Wall","floor":2,"gold_loss":0,"cards_upgraded":["animator:Shimakaze"]},{"damage_healed":0,"gold_gain":75,"player_choice":"Gather Gold","damage_taken":11,"max_hp_gain":0,"max_hp_loss":0,"event_name":"World of Goop","floor":11,"gold_loss":0}],"is_beta":false,"boss_relics":[],"items_purged_floors":[],"is_endless":false,"potions_floor_spawned":[1,7,8,13],"killed_by":"Slime Boss","ascension_level":1}}