{"host":"Tom","time":1613366243,"event":{"mods":["BaseMod","Downfall","Hermit","Jorbs\u0027s Wanderer Trilogy","Minty Spire (QoL Compilation)","Replay The Spire","Shop Mod","StSLib","The Animator","The Cursed","The Hierophant"],"gold_per_floor":[112,126,126,126,39,59,75,157,157,167,167,247,0,18,18,113,113,128,140,140,160,16,16,16],"floor_reached":23,"language":"ENG","playtime":1267,"items_purged":[],"score":217,"play_id":"36076d42-6a21-493f-abbe-dcf8abab99ea","local_time":"20210215141723","is_ascension_mode":true,"campfire_choices":[{"floor":11,"key":"REST"},{"floor":15,"key":"REST"}],"circlet_count":0,"master_deck":["Strike_P","Strike_P","Strike_P","Strike_P","Defend_P","Defend_P","Defend_P","Eruption","Vigilance","BowlingBash","Worship","TalkToTheHand+1","Bandage Up","Consecrate","WindmillStrike","ReachHeaven","Replay:LoomingThreat","ClearTheMind","EmptyBody","SandsOfTime+1","Dark Shackles"],"relics":["PureWater","Replay:Ringing Soul","White Beast Statue","Bottled Flame","Cursed Key"],"acts_visited":["Exordium","TheCity"],"potions_floor_usage":[6,10,14,16,16,18,19,21,23],"damage_taken":[{"damage":11,"enemies":"Cultist","floor":1,"turns":6},{"damage":3,"enemies":"Jaw Worm","floor":2,"turns":2},{"damage":0,"enemies":"2 Louse","floor":6,"turns":1},{"damage":5,"enemies":"Exordium Wildlife","floor":7,"turns":2},{"damage":0,"enemies":"2 Fungi Beasts","floor":10,"turns":2},{"damage":7,"enemies":"Looter","floor":14,"turns":3},{"damage":45,"enemies":"Fading Forest","floor":16,"turns":11},{"damage":28,"enemies":"2 Thieves","floor":18,"turns":3},{"damage":45,"enemies":"Shell Parasite","floor":19,"turns":4},{"damage":20,"enemies":"Shelled Parasite and Fungi","floor":21,"turns":4},{"damage":12,"enemies":"Gremlin Leader","floor":23,"turns":1}],"seed_played":"-1018716536349889567","potions_obtained":[{"floor":1,"key":"StancePotion"},{"floor":4,"key":"Milkshake"},{"floor":4,"key":"Fire Potion"},{"floor":10,"key":"BlessingOfTheForge"},{"floor":14,"key":"StancePotion"},{"floor":16,"key":"Block Potion"},{"floor":18,"key":"SkillPotion"},{"floor":19,"key":"Strength Potion"},{"floor":21,"key":"AttackPotion"}],"is_trial":false,"path_per_floor":["M","M","?","?","$","M","M","T","T","M","R","?","$","M","R","B",null,"M","M","?","M","$","E"],"character_chosen":"WATCHER","items_purchased":["Bandage Up","Bottled Flame","SandsOfTime+1","Dark Shackles"],"campfire_rested":2,"item_purchase_floors":[5,13,22,22],"current_hp_per_floor":[68,65,65,65,65,65,64,64,64,67,82,82,82,77,82,50,85,64,22,22,6,9,0,0],"gold":16,"neow_bonus":"TEN_PERCENT_HP_BONUS","is_daily":false,"chose_seed":false,"campfire_upgraded":0,"win_rate":0.0,"timestamp":1613366243,"path_taken":["M","M","?","?","$","?","M","?","T","M","R","?","?","M","R","BOSS","M","M","?","M","$","E"],"items_purchased_type":["Card","Relic","Card","Card"],"build_version":"2020-12-18","purchased_purges":0,"victory":false,"max_hp_per_floor":[79,79,79,79,79,79,79,79,79,82,82,82,82,82,82,85,85,88,91,91,91,94,94,94],"card_choices":[{"not_picked":["Replay:Anticipation","Replay:AtTheReady"],"picked":"BowlingBash","floor":1},{"not_picked":["Replay:BluntJabs","Protect"],"picked":"Worship","floor":2},{"not_picked":["BowlingBash","Halt"],"picked":"Consecrate","floor":6},{"not_picked":["SashWhip","PathToVictory"],"picked":"WindmillStrike","floor":7},{"not_picked":["Consecrate","Replay:AtTheReady"],"picked":"ReachHeaven","floor":10},{"not_picked":["ThirdEye","Halt","FollowUp"],"picked":"SKIP","floor":14},{"not_picked":["Vault","DeusExMachina"],"picked":"Replay:LoomingThreat","floor":16},{"not_picked":["Replay:AtTheReady","ThirdEye"],"picked":"ClearTheMind","floor":18},{"not_picked":["Replay:ManipulateFuture+1","FollowUp"],"picked":"EmptyBody","floor":19},{"not_picked":["Replay:Battleflow","BowlingBash","Replay:Anticipation"],"picked":"SKIP","floor":21}],"player_experience":266514,"relics_obtained":[{"floor":8,"key":"Replay:Ringing Soul"},{"floor":9,"key":"White Beast Statue"}],"event_choices":[{"damage_healed":0,"gold_gain":0,"player_choice":"Got Potions","damage_taken":0,"max_hp_gain":0,"max_hp_loss":0,"event_name":"Lab","floor":4,"gold_loss":0},{"damage_healed":0,"gold_gain":80,"player_choice":"Gained Gold","damage_taken":0,"max_hp_gain":0,"max_hp_loss":0,"event_name":"Golden Wing","floor":12,"gold_loss":0}],"is_beta":true,"boss_relics":[{"not_picked":["Runic Dome","Snecko Eye"],"picked":"Cursed Key"}],"items_purged_floors":[],"is_endless":false,"potions_floor_spawned":[1,10,14,16,18,19,21],"killed_by":"Gremlin Leader","ascension_level":1}}