{"host":"b2j09bgckbzjrujr","time":1613393603,"event":{"mods":["AchievementEnabler","Aspiration","BaseMod","BetterRewards","Colored Map","Colored Powertips","Conspire","Friendly Minions","Infinite Spire","Marisa£®ÏF”Í°°ƒß¿Ì…≥£©","Minty Spire (QoL Compilation)","Quick Restart","Rare Cards Sparkle","Reimu£®≤©¿ˆ¡È√Œ£©","Remilia£®¿Ÿ√◊¿Ú—«£©","Replay The Spire","Shop Mod","StSLib","SuperFastMode","TestMod","The Cursed","The Jungle","The Servant 0.9.4","Waifu the Spire","Youmu£®ªÍ∆«—˝√Œ£©","Yuyuko","[IsaacMod]“‘»ˆº‚À˛","°æπ¶ƒ‹Mod°øªÏ„Á÷Æª∑–ﬁ∏¥≤π∂°"],"gold_per_floor":[111,111,129,79,79,79,109,109,109,120,131,143,143,155,155,260,260,279,292,292,18,37,68,68,0,0,0,15,40,60,60,60,162,162,162,162],"floor_reached":35,"language":"ZHS","playtime":1245,"items_purged":[],"score":633,"play_id":"34cf14f9-998c-4d34-84b1-d7e5f6b26d3b","local_time":"20210215205323","is_ascension_mode":true,"campfire_choices":[{"data":"infinitespire:Oblivion","floor":6,"key":"SMITH"},{"data":"Warcry","floor":8,"key":"SMITH"},{"data":"Bash","floor":13,"key":"SMITH"},{"floor":24,"key":"REST"},{"floor":32,"key":"REST"}],"circlet_count":0,"master_deck":["AscendersBane","Strike_R+1","Strike_R","Strike_R","Strike_R","Defend_R","Defend_R","Defend_R","Defend_R","Bash+1","Warcry+1","infinitespire:Oblivion+1","Amnesia","conspire:ExplosiveBarrier+1"],"relics":["Burning Blood","testmod-TestBox","HushsDoor","testmod-CasingShield","GuppysTail","NeowsBlessing","conspire:DecoderRing","aspiration:SecretTechniqueScroll","JudasShadow","Ring of Fury","ReplayTheSpireMod:Ring of Collecting","MerchantsRug","testmod-AssaultLearning","Potion Belt","ReplayTheSpireMod:Ring of Exchange","Leech","testmod-IndustrialRevolution","Guide Book"],"acts_visited":["Exordium","TheCity","TheBeyond"],"potions_floor_usage":[18,23,23,29,30,33],"damage_taken":[{"damage":0,"enemies":"Jaw Worm","floor":1,"turns":1},{"damage":0,"enemies":"2 Louse","floor":3,"turns":1},{"damage":0,"enemies":"Gremlin Nob","floor":7,"turns":1},{"damage":6,"enemies":"Cultist","floor":10,"turns":4},{"damage":18,"enemies":"Gremlin Gang","floor":11,"turns":4},{"damage":11,"enemies":"Exordium Wildlife","floor":12,"turns":3},{"damage":0,"enemies":"Looter","floor":14,"turns":1},{"damage":53,"enemies":"Slime Boss","floor":16,"turns":9},{"damage":0,"enemies":"Spheric Guardian","floor":18,"turns":3},{"damage":7,"enemies":"Chosen","floor":19,"turns":3},{"damage":17,"enemies":"Snecko","floor":22,"turns":4},{"damage":50,"enemies":"Book of Stabbing","floor":23,"turns":4},{"damage":7,"enemies":"Chosen and Byrds","floor":28,"turns":5},{"damage":26,"enemies":"Slavers","floor":29,"turns":3},{"damage":20,"enemies":"Shelled Parasite and Fungi","floor":30,"turns":3},{"damage":38,"enemies":"Automaton","floor":33,"turns":6},{"damage":2,"enemies":"Orb Walker","floor":35,"turns":2}],"seed_played":"-7837834502257424399","potions_obtained":[{"floor":1,"key":"Fire Potion"},{"floor":7,"key":"AttackPotion"},{"floor":12,"key":"SteroidPotion"},{"floor":18,"key":"BloodPotion"},{"floor":23,"key":"SpeedPotion"},{"floor":28,"key":"Elixir"}],"is_trial":false,"path_per_floor":["M","?","M","?","T","R","E","R","T","M","M","M","R","M","R_BF","B",null,"M","M","?","$","M","E","R","?","T","?","M","E","M","$","R","B",null,"M"],"character_chosen":"IRONCLAD","items_purchased":["JudasShadow","MerchantsRug","testmod-AssaultLearning"],"campfire_rested":2,"item_purchase_floors":[17,21,21],"current_hp_per_floor":[78,57,63,63,63,63,69,69,69,69,57,52,52,58,80,33,59,65,64,64,64,53,22,42,42,42,42,45,27,16,16,36,9,53,53,53],"gold":162,"neow_bonus":"THREE_ENEMY_KILL","is_daily":false,"chose_seed":false,"campfire_upgraded":3,"win_rate":0.0,"timestamp":1613393603,"path_taken":["M","?","M","?","?","R","E","R","T","M","?","?","R","M","R_BF","BOSS","M","M","?","?","M","E","R","?","T","?","?","E","M","$","R","BOSS","M"],"items_purchased_type":["Relic","Relic","Relic"],"build_version":"2020-12-22","purchased_purges":0,"victory":false,"max_hp_per_floor":[80,80,80,80,80,80,80,80,80,80,80,80,80,80,80,80,67,67,67,67,67,67,67,67,67,67,67,67,67,67,67,67,67,67,67,67],"card_choices":[{"not_picked":["Headbutt","Warcry","Metallicize"],"picked":"SKIP","floor":1},{"not_picked":["Headbutt","Metallicize"],"picked":"Warcry","floor":1},{"not_picked":["infinitespire:SealOfDarkness+","infinitespire:Gouge"],"picked":"infinitespire:Oblivion","floor":2},{"not_picked":["Cleave","Burning Pact","Thunderclap"],"picked":"SKIP","floor":3},{"not_picked":["Armaments","Wild Strike","Clothesline"],"picked":"SKIP","floor":7},{"not_picked":["Evolve","Shockwave","Perfected Strike"],"picked":"SKIP","floor":10},{"not_picked":["Wild Strike","Rampage","Perfected Strike"],"picked":"SKIP","floor":11},{"not_picked":["Twin Strike","Headbutt","ReplayTheSpireMod:Stacked"],"picked":"SKIP","floor":12},{"not_picked":["Replay:Undeath\u0027s Touch","Replay:Many Hands","Warcry"],"picked":"SKIP","floor":14},{"not_picked":["ReplayTheSpireMod:Strike From Hell","Armaments","Ghostly Armor"],"picked":"SKIP","floor":18},{"not_picked":["Life Link","Armaments","Perfected Strike"],"picked":"SKIP","floor":19},{"not_picked":["ReplayTheSpireMod:Muscle Training+1","Headbutt+1","Body Slam"],"picked":"SKIP","floor":22},{"not_picked":["Reckless Charge","Searing Blow","Corruption"],"picked":"SKIP","floor":23},{"not_picked":["Shrug It Off","infinitespire:OneForAll","Perfected Strike"],"picked":"SKIP","floor":28},{"not_picked":["Havoc","Wild Strike"],"picked":"conspire:ExplosiveBarrier","floor":29},{"not_picked":["Second Wind","conspire:Charge+1","Anger"],"picked":"SKIP","floor":30}],"player_experience":106826,"relics_obtained":[{"floor":7,"key":"ScarletDevilRocket"},{"floor":9,"key":"conspire:DecoderRing"},{"floor":20,"key":"Ring of Fury"},{"floor":20,"key":"ReplayTheSpireMod:Ring of Collecting"},{"floor":23,"key":"Potion Belt"},{"floor":26,"key":"ReplayTheSpireMod:Ring of Exchange"},{"floor":26,"key":"Leech"},{"floor":29,"key":"testmod-IndustrialRevolution"}],"event_choices":[{"cards_removed":["Strike_R"],"damage_healed":0,"gold_gain":0,"player_choice":"Card Removal","damage_taken":0,"max_hp_gain":0,"max_hp_loss":0,"event_name":"The Cleric","floor":4,"gold_loss":50},{"damage_healed":0,"gold_gain":0,"player_choice":"Paid Fearfully","damage_taken":0,"max_hp_gain":0,"max_hp_loss":0,"event_name":"Masked Bandits","floor":25,"gold_loss":68},{"damage_healed":0,"gold_gain":0,"player_choice":"Ignored","damage_taken":0,"max_hp_gain":0,"max_hp_loss":0,"event_name":"∏¯◊‘º∫µƒ∫–◊”","floor":27,"gold_loss":0}],"is_beta":false,"boss_relics":[{"not_picked":["testmod-KeyOfTheVoid","Replay:Bronze Core"],"picked":"aspiration:SecretTechniqueScroll"},{"not_picked":[]},{"not_picked":["Habit","Strange Spoon"],"picked":"Guide Book"},{"not_picked":[]}],"items_purged_floors":[],"is_endless":false,"potions_floor_spawned":[1,7,12,14,18,22,23,28],"killed_by":"Orb Walker","ascension_level":10}}