{"host":"kh6fvhxn285ncg0o","time":1613351744,"event":{"mods":["Act Like it!","BaseMod","Colored Map","Friendly Minions","Keyboard Shortcuts","Minty Spire (QoL Compilation)","Quick Restart","Relic Stats","StSLib","SuperFastMode","UnlockEverythingMod"],"gold_per_floor":[118,118,43,43,43,43,81,81,81,118,144,144,166,176,176,176,176],"floor_reached":16,"language":"KOR","playtime":162,"items_purged":[],"score":316,"play_id":"91aa8599-2321-4673-88b7-da2d37df67cb","local_time":"20210215101544","is_ascension_mode":true,"campfire_choices":[{"data":"Bash","floor":6,"key":"SMITH"},{"data":"Body Slam","floor":8,"key":"SMITH"},{"data":"Power Through","floor":15,"key":"SMITH"}],"circlet_count":0,"master_deck":["AscendersBane","Strike_R","Strike_R","Strike_R","Defend_R","Defend_R","Defend_R","Defend_R","Bash+1","Shockwave","Body Slam+1","Sword Boomerang","Power Through+1","Evolve"],"relics":["Burning Blood","NeowsBlessing","CeramicFish","Toy Ornithopter","Singing Bowl","Vajra"],"acts_visited":["Exordium"],"potions_floor_usage":[16,16],"damage_taken":[{"damage":0,"enemies":"2 Louse","floor":1,"turns":1},{"damage":0,"enemies":"Gremlin Nob","floor":7,"turns":1},{"damage":0,"enemies":"Lagavulin","floor":10,"turns":1},{"damage":4,"enemies":"Small Slimes","floor":11,"turns":3},{"damage":2,"enemies":"Jaw Worm","floor":13,"turns":2},{"damage":5,"enemies":"Exordium Wildlife","floor":14,"turns":3},{"damage":78,"enemies":"Hexaghost","floor":16,"turns":11}],"seed_played":"989712586111180578","potions_obtained":[{"floor":7,"key":"Fruit Juice"},{"floor":13,"key":"ColorlessPotion"}],"is_trial":false,"path_per_floor":["M","?","?","$","?","R","E","R","T","E","M","?","M","M","R","B"],"character_chosen":"IRONCLAD","items_purchased":[],"campfire_rested":0,"item_purchase_floors":[],"current_hp_per_floor":[74,74,74,74,39,39,45,45,45,51,53,53,57,60,60,0,0],"gold":176,"neow_bonus":"THREE_ENEMY_KILL","is_daily":false,"chose_seed":false,"campfire_upgraded":3,"win_rate":0.0,"timestamp":1613351744,"path_taken":["M","?","?","$","?","R","E","R","T","E","M","?","M","M","R","BOSS"],"items_purchased_type":[],"build_version":"2020-12-22","purchased_purges":0,"victory":false,"max_hp_per_floor":[75,75,75,75,75,75,75,75,75,75,75,75,75,77,77,82,82],"relic_stats":{"Singing Bowl":2,"counters":[7,22],"CeramicFish":36,"obtain_stats":[{"NeowsBlessing":0,"Singing Bowl":9,"CeramicFish":5,"Vajra":10,"Burning Blood":0,"Toy Ornithopter":7},{"NeowsBlessing":0,"Singing Bowl":2,"CeramicFish":1,"Vajra":3,"Burning Blood":0,"Toy Ornithopter":2},{"NeowsBlessing":0,"Singing Bowl":2,"CeramicFish":1,"Vajra":3,"Burning Blood":0,"Toy Ornithopter":2}],"Burning Blood":36,"Toy Ornithopter":10},"card_choices":[{"not_picked":["Clash","Bloodletting"],"picked":"Shockwave","floor":1},{"not_picked":["Metallicize","Twin Strike"],"picked":"Body Slam","floor":7},{"not_picked":["Metallicize","Pommel Strike"],"picked":"Sword Boomerang","floor":10},{"not_picked":["Spot Weakness","Pummel"],"picked":"Power Through","floor":11},{"not_picked":["Dual Wield","Perfected Strike"],"picked":"Evolve","floor":13},{"not_picked":["Clothesline","Combust","Pummel"],"picked":"Singing Bowl","floor":14}],"player_experience":1417371,"relics_obtained":[{"floor":7,"key":"Toy Ornithopter"},{"floor":9,"key":"Singing Bowl"},{"floor":10,"key":"Vajra"}],"event_choices":[{"cards_removed":["Strike_R"],"damage_healed":0,"gold_gain":0,"player_choice":"Forget","damage_taken":0,"max_hp_gain":0,"max_hp_loss":0,"event_name":"Living Wall","floor":2,"gold_loss":0},{"cards_removed":["Strike_R"],"damage_healed":0,"gold_gain":0,"player_choice":"Card Removal","damage_taken":0,"max_hp_gain":0,"max_hp_loss":0,"event_name":"The Cleric","floor":3,"gold_loss":75},{"damage_healed":0,"gold_gain":0,"player_choice":"Success","damage_taken":35,"relics_obtained":["CeramicFish"],"max_hp_gain":0,"max_hp_loss":0,"event_name":"Scrap Ooze","floor":5,"gold_loss":0},{"damage_healed":0,"gold_gain":0,"player_choice":"Ignored","damage_taken":0,"max_hp_gain":0,"max_hp_loss":0,"event_name":"Liars Game","floor":12,"gold_loss":0}],"is_beta":false,"boss_relics":[],"items_purged_floors":[],"is_endless":false,"potions_floor_spawned":[7,13],"killed_by":"Hexaghost","ascension_level":20}}