{"host":"tjq6rykv202u6iqx","time":1613421084,"event":{"mods":["AchievementEnabler","BaseMod","Minty Spire (QoL Compilation)","Rare Cards Sparkle","Relic Stats"],"gold_per_floor":[113,113,131,143,157,157,182,202,202,23,52,68,68,80,80,154,154,164,164,182,182,198,198,231,231,254,279,279,289,321,13,13,88,88,105,122,137,137,58,58,111,144,212,243,262,281,301,333,333,333,333,333,54,89,89],"floor_reached":56,"language":"ENG","playtime":5189,"items_purged":["Strike_G+1","Strike_G+1"],"score":2517,"play_id":"49f6e6af-d92a-4288-ba66-44a1da76a909","local_time":"20210215143124","is_ascension_mode":true,"campfire_choices":[{"data":"Poisoned Stab","floor":6.0,"key":"SMITH"},{"data":"Bullet Time","floor":15.0,"key":"SMITH"},{"data":"Malaise","floor":23.0,"key":"SMITH"},{"data":"Crippling Poison","floor":25.0,"key":"SMITH"},{"data":"Catalyst","floor":28.0,"key":"SMITH"},{"data":"Bouncing Flask","floor":32.0,"key":"SMITH"},{"data":"Wraith Form v2","floor":40,"key":"SMITH"},{"floor":49,"key":"RECALL"},{"data":"Doubt","floor":52,"key":"PURGE"}],"circlet_count":0,"master_deck":["AscendersBane","Strike_G+1","Strike_G+1","Strike_G+1","Defend_G+1","Defend_G+1","Defend_G+1","Defend_G+1","Survivor","Neutralize","Bullet Time+1","Bane+1","Backflip+1","Poisoned Stab+1","Poisoned Stab","Quick Slash+1","Crippling Poison+1","Acrobatics","Catalyst+1","Blur","Deep Breath","Unload","PiercingWail","Malaise+1","Backflip","Catalyst+1","Bouncing Flask+1","Wraith Form v2+1","Prepared+1","Crippling Poison","PiercingWail+1","Catalyst+1","Master of Strategy","Acrobatics+1"],"relics":["Ring of the Snake","Bottled Lightning","Singing Bowl","TwistedFunnel","Anchor","Runic Pyramid","Bird Faced Urn","Nunchaku","Peace Pipe","Boot","Happy Flower","Cursed Key","Tough Bandages","Regal Pillow","Whetstone","War Paint","Art of War"],"acts_visited":["Exordium","TheCity","TheBeyond","TheEnding"],"potions_floor_usage":[55,55],"damage_taken":[{"damage":3.0,"enemies":"2 Louse","floor":1.0,"turns":4.0},{"damage":0.0,"enemies":"Cultist","floor":3.0,"turns":3.0},{"damage":0.0,"enemies":"Small Slimes","floor":4.0,"turns":3.0},{"damage":0.0,"enemies":"3 Louse","floor":5.0,"turns":4.0},{"damage":21.0,"enemies":"3 Sentries","floor":7.0,"turns":9.0},{"damage":8.0,"enemies":"Blue Slaver","floor":8.0,"turns":2.0},{"damage":7.0,"enemies":"Lagavulin","floor":11.0,"turns":5.0},{"damage":1.0,"enemies":"Exordium Thugs","floor":12.0,"turns":4.0},{"damage":0.0,"enemies":"Looter","floor":14.0,"turns":2.0},{"damage":15.0,"enemies":"The Guardian","floor":16.0,"turns":8.0},{"damage":1.0,"enemies":"Chosen","floor":18.0,"turns":5.0},{"damage":3.0,"enemies":"2 Thieves","floor":20.0,"turns":4.0},{"damage":3.0,"enemies":"Centurion and Healer","floor":22.0,"turns":8.0},{"damage":0.0,"enemies":"Slavers","floor":24.0,"turns":6.0},{"damage":3.0,"enemies":"Book of Stabbing","floor":27.0,"turns":6.0},{"damage":0.0,"enemies":"Shelled Parasite and Fungi","floor":29.0,"turns":3.0},{"damage":0.0,"enemies":"Gremlin Leader","floor":30.0,"turns":5.0},{"damage":20.0,"enemies":"Automaton","floor":33.0,"turns":6.0},{"damage":5,"enemies":"3 Darklings","floor":35,"turns":4},{"damage":1,"enemies":"Orb Walker","floor":36,"turns":4},{"damage":0,"enemies":"3 Darklings","floor":37,"turns":3},{"damage":5,"enemies":"2 Orb Walkers","floor":41,"turns":6},{"damage":0,"enemies":"Reptomancer","floor":42,"turns":3},{"damage":1,"enemies":"Giant Head","floor":44,"turns":6},{"damage":0,"enemies":"Spire Growth","floor":45,"turns":5},{"damage":1,"enemies":"Writhing Mass","floor":46,"turns":5},{"damage":0,"enemies":"Sphere and 2 Shapes","floor":47,"turns":2},{"damage":30,"enemies":"Reptomancer","floor":48,"turns":6},{"damage":13,"enemies":"Donu and Deca","floor":50,"turns":9},{"damage":0,"enemies":"Shield and Spear","floor":54,"turns":5},{"damage":3,"enemies":"The Heart","floor":55,"turns":6}],"seed_played":"8688125217414963840","potions_obtained":[{"floor":1.0,"key":"DuplicationPotion"},{"floor":7.0,"key":"Fruit Juice"},{"floor":8.0,"key":"SpeedPotion"},{"floor":11.0,"key":"Regen Potion"},{"floor":18.0,"key":"LiquidBronze"},{"floor":29.0,"key":"DuplicationPotion"},{"floor":35,"key":"Swift Potion"},{"floor":47,"key":"LiquidMemories"}],"is_trial":false,"path_per_floor":["M","?","M","M","M","R","E","M","T","$","E","M","?","M","R","B",null,"M","?","M","?","M","R","E","R","T","E","R","M","E","$","R","B",null,"M","M","M","?","$","R","?","E","T","E","M","M","M","E","R","B",null,"R","$","E","B",null],"character_chosen":"THE_SILENT","items_purchased":["TwistedFunnel","Acrobatics","Bouncing Flask","Happy Flower","Crippling Poison","Master of Strategy"],"campfire_rested":0,"item_purchase_floors":[10,10,31,31,39,53],"current_hp_per_floor":[60,60,60,60,60,60,39,36,36,36,29,28,28,28,28,28,63,62,62,61,45,42,42,44,44,44,41,41,43,45,45,45,25,69,68,71,73,87,87,87,86,90,90,91,91,92,94,68,68,57,87,87,87,87,88],"gold":89,"neow_bonus":"ONE_RANDOM_RARE_CARD","is_daily":false,"chose_seed":false,"campfire_upgraded":7,"win_rate":0.0,"timestamp":1613421084,"path_taken":["M","?","M","M","M","R","E","M","T","?","E","M","?","?","R","BOSS","M","?","M","?","M","R","E","R","T","E","R","M","E","$","R","BOSS","BOSS","M","M","M","?","?","R","?","E","T","E","M","M","M","E","R","BOSS","R","$","E","BOSS"],"items_purchased_type":["Relic","Card","Card","Relic","Card","Card"],"build_version":"2020-12-22","purchased_purges":2,"victory":true,"max_hp_per_floor":[70,70,70,70,70,70,70,75,75,75,75,75,75,75,75,75,75,75,75,77,77,77,77,79,79,79,79,79,81,83,83,83,83,83,85,87,87,87,87,87,89,91,91,91,91,93,95,97,97,97,97,97,97,97,97],"relic_stats":{"Regal Pillow":0,"Singing Bowl":22,"Happy Flower":[23],"counters":[31,151],"Whetstone":["Bane","Quick Slash"],"War Paint":["Catalyst","Backflip"],"Boot":[26],"Cursed Key":1,"Peace Pipe":1,"Nunchaku":[14],"Tough Bandages":[126],"Bird Faced Urn":[20],"Art of War":[0],"obtain_stats":[{"TwistedFunnel":10,"Regal Pillow":42,"Singing Bowl":9,"Happy Flower":31,"Whetstone":44,"War Paint":48,"Boot":30,"Cursed Key":34,"Peace Pipe":27,"Anchor":11,"Nunchaku":26,"Tough Bandages":41,"Bird Faced Urn":24,"Art of War":54,"Bottled Lightning":7,"Ring of the Snake":0,"Runic Pyramid":17},{"TwistedFunnel":6,"Regal Pillow":23,"Singing Bowl":6,"Happy Flower":17,"Whetstone":24,"War Paint":28,"Boot":17,"Cursed Key":18,"Peace Pipe":15,"Anchor":7,"Nunchaku":14,"Tough Bandages":22,"Bird Faced Urn":14,"Art of War":30,"Bottled Lightning":5,"Ring of the Snake":0,"Runic Pyramid":10},{"TwistedFunnel":25,"Regal Pillow":107,"Singing Bowl":25,"Happy Flower":81,"Whetstone":113,"War Paint":131,"Boot":81,"Cursed Key":87,"Peace Pipe":73,"Anchor":30,"Nunchaku":67,"Tough Bandages":104,"Bird Faced Urn":67,"Art of War":145,"Bottled Lightning":23,"Ring of the Snake":0,"Runic Pyramid":44}],"Ring of the Snake":[62]},"card_choices":[{"not_picked":["Setup","Well Laid Plans"],"picked":"Bane","floor":1.0},{"not_picked":["Infinite Blades","Distraction"],"picked":"Backflip","floor":3.0},{"not_picked":["Blade Dance","Envenom"],"picked":"Poisoned Stab","floor":4.0},{"not_picked":["Endless Agony","Dagger Throw"],"picked":"Poisoned Stab","floor":5.0},{"not_picked":["Choke","Blur"],"picked":"Quick Slash","floor":7.0},{"not_picked":["Cloak And Dagger","Dodge and Roll"],"picked":"Crippling Poison","floor":8.0},{"not_picked":["Terror","Acrobatics"],"picked":"Catalyst","floor":11.0},{"not_picked":["All Out Attack","Slice"],"picked":"Blur","floor":12.0},{"not_picked":["Deadly Poison","Concentrate"],"picked":"PiercingWail","floor":14.0},{"not_picked":["Phantasmal Killer","Tools of the Trade"],"picked":"Malaise","floor":16.0},{"not_picked":["Deadly Poison","Quick Slash"],"picked":"All Out Attack","floor":18.0},{"not_picked":["Well Laid Plans","Underhanded Strike","Poisoned Stab"],"picked":"Singing Bowl","floor":20.0},{"not_picked":["Terror","Eviscerate"],"picked":"Backflip","floor":22.0},{"not_picked":["Skewer","All Out Attack","Predator"],"picked":"Singing Bowl","floor":24.0},{"not_picked":["Endless Agony","Leg Sweep"],"picked":"Catalyst","floor":27.0},{"not_picked":["Deflect+1","Quick Slash","Sucker Punch"],"picked":"Singing Bowl","floor":29.0},{"not_picked":["Setup","Underhanded Strike","All Out Attack"],"picked":"Singing Bowl","floor":30.0},{"not_picked":["Doppelganger","Corpse Explosion"],"picked":"Wraith Form v2","floor":33},{"not_picked":["Quick Slash","Distraction","Prepared"],"picked":"Singing Bowl","floor":35},{"not_picked":["Expertise+1","Poisoned Stab+1","PiercingWail"],"picked":"Singing Bowl","floor":36},{"not_picked":["Distraction","Deadly Poison"],"picked":"Prepared+1","floor":37},{"not_picked":["Well Laid Plans","Deflect","Flying Knee"],"picked":"Singing Bowl","floor":41},{"not_picked":["Deflect","Acrobatics","Prepared+1"],"picked":"Singing Bowl","floor":42},{"not_picked":["Glass Knife","Flying Knee"],"picked":"PiercingWail+1","floor":44},{"not_picked":["Outmaneuver","Escape Plan+1"],"picked":"Catalyst+1","floor":45},{"not_picked":["Underhanded Strike","Cloak And Dagger","Concentrate"],"picked":"Singing Bowl","floor":46},{"not_picked":["Doppelganger","Accuracy","Catalyst"],"picked":"Singing Bowl","floor":47},{"not_picked":["Accuracy","Predator","Backflip"],"picked":"Singing Bowl","floor":48},{"not_picked":["Outmaneuver","Sucker Punch"],"picked":"Acrobatics+1","floor":54}],"player_experience":974606,"relics_obtained":[{"floor":7.0,"key":"Bottled Lightning"},{"floor":9.0,"key":"Singing Bowl"},{"floor":11.0,"key":"Anchor"},{"floor":24.0,"key":"Bird Faced Urn"},{"floor":26.0,"key":"Nunchaku"},{"floor":27.0,"key":"Peace Pipe"},{"floor":30.0,"key":"Boot"},{"floor":41,"key":"Tough Bandages"},{"floor":42,"key":"Regal Pillow"},{"floor":44,"key":"Whetstone"},{"floor":48,"key":"War Paint"},{"floor":54,"key":"Art of War"}],"event_choices":[{"cards_removed":["Defend_G"],"damage_healed":0.0,"max_hp_gain":0.0,"max_hp_loss":0.0,"gold_gain":0.0,"event_name":"Purifier","player_choice":"Purged","floor":2.0,"gold_loss":0.0,"damage_taken":0.0},{"damage_healed":0.0,"max_hp_gain":0.0,"max_hp_loss":0.0,"gold_gain":0.0,"event_name":"Match and Keep!","player_choice":"2 cards matched","floor":13.0,"gold_loss":0.0,"damage_taken":0.0,"cards_obtained":["Deep Breath","Unload"]},{"damage_healed":0.0,"max_hp_gain":0.0,"max_hp_loss":0.0,"gold_gain":0.0,"event_name":"Back to Basics","player_choice":"Simplicity","floor":19.0,"gold_loss":0.0,"damage_taken":0.0,"cards_upgraded":["Strike_G","Strike_G","Strike_G","Strike_G","Strike_G","Defend_G","Defend_G","Defend_G","Defend_G"]},{"damage_healed":0.0,"max_hp_gain":0.0,"max_hp_loss":0.0,"gold_gain":0.0,"event_name":"Cursed Tome","player_choice":"Obtained Book","floor":21.0,"gold_loss":0.0,"damage_taken":16.0},{"cards_removed":["All Out Attack"],"damage_healed":14,"gold_gain":0,"player_choice":"Offered Uncommon","damage_taken":0,"max_hp_gain":0,"max_hp_loss":0,"event_name":"Bonfire Elementals","floor":38,"gold_loss":0},{"damage_healed":0,"gold_gain":0,"player_choice":"Fight","damage_taken":0,"max_hp_gain":0,"max_hp_loss":0,"event_name":"Mysterious Sphere","floor":41,"gold_loss":0}],"is_beta":false,"boss_relics":[{"not_picked":["Fusion Hammer","Astrolabe"],"picked":"Runic Pyramid"},{"not_picked":["Ring of the Serpent","HoveringKite"],"picked":"Cursed Key"}],"items_purged_floors":[31,53],"is_endless":false,"potions_floor_spawned":[1,7,8,11,18,22,29,30,35,36,41,44,47],"ascension_level":13}}