{"host":"Cenci","time":1613415025,"event":{"mods":["BaseMod","Downfall","Highlight Path","Minty Spire (QoL Compilation)","StSLib"],"gold_per_floor":[349,360,373,373,31,41,66,66,100,0,0,33,33,33,43,142,142,42,54,54,72,3,3,3,30,30,61,61,61,61,77,94,193,193,93,110,127,127,127,157,180,263,294,313,347,198,198,214,231,231,231,258,53,53,53,53],"floor_reached":57,"language":"ENG","playtime":2849,"items_purged":["downfall:Haunted","Guardian:CurlUp"],"score":1676,"play_id":"ce6572d0-25f9-4c70-aa57-caff449e317a","local_time":"20210215195025","is_ascension_mode":true,"campfire_choices":[{"floor":1.0,"key":"RECALL"},{"data":"Guardian:ChargeUp","floor":8.0,"key":"SMITH"},{"data":"Guardian:ConstructionForm","floor":10.0,"key":"SMITH"},{"data":"Guardian:FloatingOrbs","floor":13.0,"key":"SMITH"},{"floor":18.0,"key":"REST"},{"data":"Guardian:RefractedBeam+1","floor":23.0,"key":"SMITH"},{"data":"Guardian:RefractedBeam+2","floor":26.0,"key":"SMITH"},{"data":"Guardian:RefractedBeam+3","floor":28.0,"key":"SMITH"},{"data":"Guardian:RefractedBeam+4","floor":30.0,"key":"SMITH"},{"data":"Guardian:ConstructionForm","floor":35.0,"key":"SMITH"},{"data":"Trip","floor":47.0,"key":"SMITH"},{"data":"Guardian:FloatingOrbs","floor":54,"key":"SMITH"}],"circlet_count":0,"master_deck":["Guardian:Defend_Guardian","Guardian:Defend_Guardian","Guardian:Defend_Guardian","Guardian:TwinSlam+1","Guardian:FloatingOrbs+1","Guardian:ConstructionForm+1","Guardian:ChargeUp+1","Guardian:DonusPower+1","Guardian:RefractedBeam+5","Guardian:ChargeCore+1","Guardian:Orbwalk","Bite+1","Bite+1","Bite+1","Bite+1","Bite+1","Guardian:ConstructionForm+1","Guardian:FloatingOrbs+1","Trip+1","Guardian:ChargeUp+1","Guardian:FloatingOrbs+1","Guardian:FloatingOrbs+1"],"relics":["Guardian:ModeShifter","Molten Egg 2","PreservedInsect","Boot","downfall:HeartBlessingRed","downfall:ShatteredFragment","Runic Dome","downfall:HeartBlessingGreen","Toy Ornithopter","expansioncontent:StudyCardRelic","downfall:HeartBlessingBlue","Bottled Lightning","Akabeko","DollysMirror","Bag of Preparation","Smiling Mask","Pen Nib","Du-Vu Doll","Happy Flower"],"acts_visited":["Exordium","TheCity","TheBeyond","TheEnding"],"potions_floor_usage":[56,56,56],"damage_taken":[{"damage":5.0,"enemies":"Small Slimes","floor":2.0,"turns":5.0},{"damage":12.0,"enemies":"2 Louse","floor":3.0,"turns":3.0},{"damage":5.0,"enemies":"downfall:FleeingMerchant","floor":5.0,"turns":4.0},{"damage":0.0,"enemies":"Cultist","floor":6.0,"turns":4.0},{"damage":2.0,"enemies":"Gremlin Nob","floor":9.0,"turns":4.0},{"damage":10.0,"enemies":"3 Sentries","floor":12.0,"turns":6.0},{"damage":1.0,"enemies":"Exordium Wildlife","floor":15.0,"turns":4.0},{"damage":7.0,"enemies":"WA_ARCHETYPE_RETAIN","floor":16.0,"turns":6.0},{"damage":0.0,"enemies":"Shell Parasite","floor":19.0,"turns":4.0},{"damage":13.0,"enemies":"Centurion and Healer","floor":21.0,"turns":6.0},{"damage":0.0,"enemies":"downfall:FleeingMerchant","floor":22.0,"turns":4.0},{"damage":30.0,"enemies":"Slavers","floor":25.0,"turns":5.0},{"damage":21.0,"enemies":"Book of Stabbing","floor":27.0,"turns":3.0},{"damage":6.0,"enemies":"Chosen and Byrds","floor":31.0,"turns":3.0},{"damage":3.0,"enemies":"Shelled Parasite and Fungi","floor":32.0,"turns":4.0},{"damage":29.0,"enemies":"SI_MIRROR_ARCHETYPE","floor":33.0,"turns":6.0},{"damage":0.0,"enemies":"Orb Walker","floor":36.0,"turns":3.0},{"damage":10.0,"enemies":"3 Darklings","floor":37.0,"turns":4.0},{"damage":45.0,"enemies":"Nemesis","floor":40.0,"turns":5.0},{"damage":0.0,"enemies":"downfall:FleeingMerchant","floor":42.0,"turns":4.0},{"damage":0.0,"enemies":"Giant Head","floor":43.0,"turns":5.0},{"damage":0.0,"enemies":"Sphere and 2 Shapes","floor":44.0,"turns":4.0},{"damage":7.0,"enemies":"Nemesis","floor":45.0,"turns":3.0},{"damage":13.0,"enemies":"Transient","floor":48.0,"turns":5.0},{"damage":2.0,"enemies":"3 Darklings","floor":49.0,"turns":4.0},{"damage":0.0,"enemies":"IC_BLOCK_ARCHETYPE","floor":50.0,"turns":6.0},{"damage":11,"enemies":"downfall:CharBossMerchant","floor":52,"turns":5},{"damage":16,"enemies":"downfall:NeowBoss","floor":55,"turns":10},{"damage":71,"enemies":"downfall:NeowBossFinal","floor":56,"turns":7}],"seed_played":"7046414893008010104","potions_obtained":[{"floor":6.0,"key":"DuplicationPotion"},{"floor":12.0,"key":"SkillPotion"},{"floor":19.0,"key":"Dexterity Potion"},{"floor":21.0,"key":"SkillPotion"},{"floor":32.0,"key":"champ:CounterPotion"},{"floor":37.0,"key":"Energy Potion"}],"is_trial":false,"path_per_floor":["R","M","M","?","$","M","T","R","E","R","?","E","R","?","M","B",null,"R","M","?","M","$","R","T","E","R","E","R","?","R","M","M","B",null,"R","M","M","?","?","E","T","$","E","M","E","$","R","M","M","B",null,"E","$","R","B","B",null],"character_chosen":"GUARDIAN","items_purchased":["Molten Egg 2","Guardian:ChargeCore+1","DollysMirror","Trip","Pen Nib","Happy Flower"],"campfire_rested":1,"item_purchase_floors":[5,22,42,42,46,53],"current_hp_per_floor":[80,75,63,68,63,63,63,63,61,61,37,27,27,27,26,19,69,85,85,85,72,72,72,72,42,42,21,21,21,21,30,33,19,49,59,65,65,65,65,30,30,39,45,48,47,47,47,52,53,69,69,64,64,64,66,25],"gold":53,"neow_bonus":"TWO_FIFTY_GOLD","is_daily":false,"chose_seed":false,"campfire_upgraded":10,"win_rate":0.0,"timestamp":1613415025,"path_taken":["R","M","M","?","$","M","T","R","E","R","?","E","R","?","M","BOSS","R","M","?","M","$","R","T","E","R","E","R","?","R","M","M","BOSS","R","M","M","?","?","E","T","$","E","?","E","$","R","?","M","BOSS","E","$","R","BOSS","BOSS"],"items_purchased_type":["Relic","Card","Relic","Card","Relic","Relic"],"build_version":"2020-11-17","purchased_purges":2,"victory":true,"max_hp_per_floor":[80,80,80,85,85,85,85,85,85,85,85,85,85,85,85,85,85,85,85,85,85,85,85,85,85,85,85,85,59,59,59,59,59,59,69,69,69,69,69,69,69,69,69,69,69,69,69,69,69,69,69,69,69,69,69,69],"card_choices":[{"not_picked":["Guardian:PrimingBeam","Guardian:BodySlam"],"picked":"Guardian:Gem_Fragmented","floor":2.0},{"not_picked":["Guardian:Recover","Guardian:Gem_Blue"],"picked":"Guardian:FloatingOrbs","floor":3.0},{"not_picked":["Guardian:Gem_Lightblue","Guardian:FuturePlans"],"picked":"Guardian:ConstructionForm","floor":5.0},{"not_picked":["Guardian:Gem_Cyan","Guardian:Gem_Green"],"picked":"Guardian:ChargeUp","floor":6.0},{"not_picked":["Guardian:Reroute+1","Guardian:TimeSifter","Guardian:TemporalShield"],"picked":"SKIP","floor":9.0},{"not_picked":["Guardian:RollAttack+1","Guardian:DecasProtection"],"picked":"Guardian:DonusPower","floor":12.0},{"not_picked":["Guardian:Suspension","Guardian:BronzeArmor","Guardian:Gem_Lightblue"],"picked":"SKIP","floor":15.0},{"not_picked":["Guardian:TimeCapacitor+1","Guardian:DecasProtection","Guardian:TemporalStrike+1"],"picked":"SKIP","floor":19.0},{"not_picked":["Guardian:Planning+1","Guardian:Preprogram+1","Guardian:Gem_Red"],"picked":"SKIP","floor":21.0},{"not_picked":["Guardian:TemporalStrike+1","Guardian:FierceBash+1"],"picked":"Guardian:RefractedBeam+1","floor":22.0},{"not_picked":["Guardian:TemporalShield","Guardian:ExploitGems"],"picked":"Guardian:Orbwalk","floor":25.0},{"not_picked":["Guardian:PiercingHide","Guardian:SpikerProtocol","Guardian:BronzeArmor"],"picked":"SKIP","floor":27.0},{"not_picked":["Guardian:Incinerate+1","Guardian:Gem_Green","Guardian:ShieldSpikes"],"picked":"SKIP","floor":31.0},{"not_picked":["Guardian:Preprogram+1","Guardian:TimeBomb+1"],"picked":"Guardian:Gem_Crimson","floor":32.0},{"not_picked":["Guardian:Gem_Synthetic","Guardian:ExploitGems"],"picked":"Guardian:ConstructionForm","floor":33.0},{"not_picked":["Guardian:Gem_White","Guardian:MultiBeam+1","Guardian:Reroute+1"],"picked":"SKIP","floor":36.0},{"not_picked":["Guardian:Gem_Cyan","Guardian:Reroute+1","Guardian:Gem_Red"],"picked":"SKIP","floor":37.0},{"not_picked":["Guardian:Incinerate+1","Guardian:ArmoredProtocol","Guardian:Suspension+1"],"picked":"SKIP","floor":40.0},{"not_picked":["Guardian:Planning","Guardian:Gem_Green","Guardian:RefractedBeam+1"],"picked":"SKIP","floor":42.0},{"not_picked":["Guardian:StasisField","Guardian:ChargeCore+1"],"picked":"Guardian:ChargeUp+1","floor":43.0},{"not_picked":["Guardian:Gem_Lightblue","Guardian:Incinerate+1","Guardian:RollAttack+1"],"picked":"SKIP","floor":44.0},{"not_picked":["Guardian:PrimingBeam+1","Guardian:DecasProtection+1","Guardian:EvasiveProtocol+1"],"picked":"SKIP","floor":45.0},{"not_picked":["Guardian:Gem_Red","Guardian:EvasiveProtocol"],"picked":"Guardian:FloatingOrbs+1","floor":48.0},{"not_picked":["Guardian:Gem_Blue","Guardian:RollAttack+1"],"picked":"Guardian:FloatingOrbs","floor":49.0},{"not_picked":["Guardian:PrimingBeam+1","Guardian:SpikerProtocol+1","Guardian:Suspension"],"picked":"SKIP","floor":52}],"player_experience":331654,"relics_obtained":[{"floor":7.0,"key":"PreservedInsect"},{"floor":9.0,"key":"Boot"},{"floor":27.0,"key":"Toy Ornithopter"},{"floor":40.0,"key":"Bottled Lightning"},{"floor":41.0,"key":"Akabeko"},{"floor":43.0,"key":"Bag of Preparation"},{"floor":45.0,"key":"Smiling Mask"},{"floor":52,"key":"Du-Vu Doll"}],"event_choices":[{"damage_healed":0.0,"max_hp_gain":5.0,"max_hp_loss":0.0,"gold_gain":0.0,"event_name":"Big Fish","player_choice":"Donut","floor":4.0,"gold_loss":0.0,"damage_taken":0.0},{"damage_healed":0.0,"max_hp_gain":0.0,"max_hp_loss":26.0,"gold_gain":0.0,"event_name":"Vampires","player_choice":"Became a vampire","floor":29.0,"gold_loss":0.0,"damage_taken":0.0,"cards_obtained":["Bite","Bite","Bite","Bite","Bite"]},{"cards_removed":["Guardian:Defend_Guardian"],"damage_healed":0.0,"max_hp_gain":0.0,"max_hp_loss":0.0,"gold_gain":0.0,"event_name":"Falling","player_choice":"Removed Skill","floor":38.0,"gold_loss":0.0,"damage_taken":0.0},{"damage_healed":0.0,"max_hp_gain":0.0,"max_hp_loss":0.0,"gold_gain":0.0,"event_name":"Lab","player_choice":"Got Potions","floor":39.0,"gold_loss":0.0,"damage_taken":0.0}],"is_beta":true,"boss_relics":[{"not_picked":["Astrolabe","Calling Bell"],"picked":"Runic Dome"},{"not_picked":["Fusion Hammer","Busted Crown"],"picked":"expansioncontent:StudyCardRelic"}],"items_purged_floors":[5,53],"is_endless":false,"potions_floor_spawned":[6,12,19,21,32,33,37,43,45],"ascension_level":5}}