{"host":"8ztb9kwpjc2zof9s","time":1613349112,"event":{"mods":["BaseMod","Block Reminder","Curses Come First","Minty Spire (QoL Compilation)","Relic Stats","StSLib"],"gold_per_floor":[114,114,114,61,84,117,117,133,133,169,183,148,148,35,35,154,154,144,144,164,124,145,145,165,165,165,165,165],"floor_reached":27,"language":"ENG","playtime":937,"items_purged":[],"score":381,"play_id":"144d4669-282e-4a7e-b3ae-a7373b025e10","local_time":"20210214163152","is_ascension_mode":true,"campfire_choices":[{"data":"Unload","floor":7,"key":"SMITH"},{"data":"Backflip","floor":13,"key":"SMITH"},{"data":"Infinite Blades","floor":15,"key":"SMITH"},{"data":"Neutralize","floor":23,"key":"SMITH"}],"circlet_count":0,"master_deck":["AscendersBane","Strike_G","Strike_G","Strike_G","Strike_G","Strike_G","Defend_G","Defend_G","Defend_G","Defend_G","Defend_G","Survivor","Neutralize+1","Deadly Poison","Backflip+1","Blade Dance","Unload+1","Prepared","Dash+1","Dodge and Roll","Leg Sweep","Infinite Blades+1","Corpse Explosion","Blade Dance","Noxious Fumes+1","Deadly Poison+1"],"relics":["Ring of the Snake","NeowsBlessing","Golden Idol","Sundial","Eternal Feather","PreservedInsect","Coffee Dripper","MutagenicStrength","Molten Egg 2"],"acts_visited":["TheCity"],"potions_floor_usage":[10,11,16,20],"damage_taken":[{"damage":0,"enemies":"Small Slimes","floor":1,"turns":1},{"damage":0,"enemies":"2 Louse","floor":5,"turns":1},{"damage":0,"enemies":"3 Sentries","floor":6,"turns":1},{"damage":0,"enemies":"Cultist","floor":8,"turns":3},{"damage":50,"enemies":"Gremlin Nob","floor":10,"turns":6},{"damage":1,"enemies":"Exordium Wildlife","floor":11,"turns":4},{"damage":15,"enemies":"The Guardian","floor":16,"turns":15},{"damage":4,"enemies":"2 Thieves","floor":18,"turns":4},{"damage":24,"enemies":"Shell Parasite","floor":20,"turns":6},{"damage":18,"enemies":"Sentry and Sphere","floor":22,"turns":5},{"damage":25,"enemies":"Centurion and Healer","floor":24,"turns":4},{"damage":10,"enemies":"Book of Stabbing","floor":27,"turns":2}],"seed_played":"9194990107309856717","potions_obtained":[{"floor":1,"key":"Block Potion"},{"floor":6,"key":"Dexterity Potion"},{"floor":10,"key":"CunningPotion"},{"floor":18,"key":"LiquidMemories"}],"is_trial":false,"path_per_floor":["M","?","?","$","M","E","R","M","T","E","M","?","R","$","R","B",null,"M","?","M","?","M","R","M","?","T","E"],"character_chosen":"THE_SILENT","items_purchased":["Backflip","Leg Sweep","Infinite Blades"],"campfire_rested":0,"item_purchase_floors":[4,14,14],"current_hp_per_floor":[63,63,68,68,68,68,68,68,68,18,17,34,46,46,58,43,63,59,59,35,35,17,32,7,7,7,0,0],"gold":165,"neow_bonus":"THREE_ENEMY_KILL","is_daily":false,"chose_seed":false,"campfire_upgraded":4,"win_rate":0.0,"timestamp":1613349112,"path_taken":["M","?","?","$","M","E","R","M","T","E","M","?","R","$","R","BOSS","M","?","M","?","?","R","M","?","T","E"],"items_purchased_type":["Card","Card","Card"],"build_version":"2020-12-22","purchased_purges":0,"victory":false,"max_hp_per_floor":[70,65,70,70,70,70,70,70,70,70,70,70,70,70,70,70,70,70,70,70,70,70,70,70,70,70,70,70],"relic_stats":{"counters":[12,52],"Golden Idol":65,"Sundial":[6],"Eternal Feather":39,"PreservedInsect":43,"obtain_stats":[{"NeowsBlessing":0,"Golden Idol":2,"Sundial":6,"MutagenicStrength":19,"Eternal Feather":9,"Molten Egg 2":26,"PreservedInsect":10,"Coffee Dripper":17,"Ring of the Snake":0},{"NeowsBlessing":0,"Golden Idol":1,"Sundial":3,"MutagenicStrength":8,"Eternal Feather":4,"Molten Egg 2":11,"PreservedInsect":5,"Coffee Dripper":7,"Ring of the Snake":0},{"NeowsBlessing":0,"Golden Idol":1,"Sundial":3,"MutagenicStrength":35,"Eternal Feather":6,"Molten Egg 2":50,"PreservedInsect":12,"Coffee Dripper":31,"Ring of the Snake":0}],"Ring of the Snake":[24]},"card_choices":[{"not_picked":["Distraction","PiercingWail"],"picked":"Deadly Poison","floor":1},{"not_picked":["Deflect","Bane"],"picked":"Blade Dance","floor":5},{"not_picked":["Phantasmal Killer","Endless Agony"],"picked":"Unload","floor":6},{"not_picked":["Setup","Dagger Throw"],"picked":"Prepared","floor":8},{"not_picked":["Heel Hook","Deflect"],"picked":"Dash","floor":10},{"not_picked":["Bane","Riddle With Holes"],"picked":"Dodge and Roll","floor":11},{"not_picked":["Venomology","Glass Knife"],"picked":"Corpse Explosion","floor":16},{"not_picked":["Reflex+1","Eviscerate"],"picked":"Blade Dance","floor":18},{"not_picked":["Calculated Gamble","PiercingWail"],"picked":"Noxious Fumes+1","floor":20},{"not_picked":["Dagger Throw+1","Flying Knee"],"picked":"Deadly Poison+1","floor":22},{"not_picked":["Caltrops","Outmaneuver","Blade Dance"],"picked":"SKIP","floor":24}],"player_experience":338736,"relics_obtained":[{"floor":6,"key":"Sundial"},{"floor":9,"key":"Eternal Feather"},{"floor":10,"key":"PreservedInsect"},{"floor":26,"key":"Molten Egg 2"}],"event_choices":[{"damage_healed":0,"gold_gain":0,"player_choice":"Lose Max HP","damage_taken":0,"relics_obtained":["Golden Idol"],"max_hp_gain":0,"max_hp_loss":5,"event_name":"Golden Idol","floor":2,"gold_loss":0},{"damage_healed":0,"gold_gain":0,"player_choice":"Donut","damage_taken":0,"max_hp_gain":5,"max_hp_loss":0,"event_name":"Big Fish","floor":3,"gold_loss":0},{"damage_healed":17,"gold_gain":0,"player_choice":"Healed","damage_taken":0,"max_hp_gain":0,"max_hp_loss":0,"event_name":"The Cleric","floor":12,"gold_loss":35},{"damage_healed":0,"gold_gain":0,"player_choice":"Inject Mutagens","damage_taken":0,"relics_obtained":["MutagenicStrength"],"max_hp_gain":0,"max_hp_loss":0,"event_name":"Drug Dealer","floor":19,"gold_loss":0},{"damage_healed":0,"gold_gain":0,"player_choice":"Upgrade","damage_taken":0,"max_hp_gain":0,"max_hp_loss":0,"event_name":"Designer","floor":21,"gold_loss":40,"cards_upgraded":["Dash"]},{"damage_healed":0,"gold_gain":0,"player_choice":"Leave","damage_taken":0,"max_hp_gain":0,"max_hp_loss":0,"event_name":"FaceTrader","floor":25,"gold_loss":0}],"is_beta":false,"boss_relics":[{"not_picked":["SacredBark","Runic Dome"],"picked":"Coffee Dripper"}],"items_purged_floors":[],"is_endless":false,"potions_floor_spawned":[1,6,10,18],"killed_by":"Book of Stabbing","ascension_level":11}}