{"host":"6ulps5ednfgqn0to","time":1613377004,"event":{"mods":["AchievementEnabler","BaseMod","Colored Map","Highlight Path","Minty Spire (QoL Compilation)","Relic Sorter","Relic Stats","StSLib"],"gold_per_floor":[114,389,404,179,193,219,237,257,309,49,49,80,96,108,108,207,207,217,217,217,237,257,257,286,286,286],"floor_reached":25,"language":"ENG","playtime":1160,"items_purged":["Regret"],"score":280,"play_id":"0cecb64c-e555-464e-a1c1-3842a777d1d8","local_time":"20210215101644","is_ascension_mode":true,"campfire_choices":[{"data":"Rage","floor":11,"key":"SMITH"},{"data":"Inflame","floor":15,"key":"SMITH"},{"data":"Reckless Charge","floor":23,"key":"SMITH"}],"circlet_count":0,"master_deck":["Strike_R","Strike_R","Strike_R","Strike_R","Strike_R","Defend_R+1","Defend_R","Defend_R","Defend_R+1","Bash","Brutality","Metallicize","Bloodletting","Intimidate","Headbutt","Rage+1","Pommel Strike","Reckless Charge+1","Inflame+1","Shockwave","Wild Strike","Shrug It Off","Immolate","Seeing Red","J.A.X.","Wild Strike+1","Thunderclap","Fire Breathing"],"relics":["Burning Blood","PreservedInsect","Shuriken","Odd Mushroom","Omamori","War Paint","Happy Flower","Sozu","Meat on the Bone"],"acts_visited":["Exordium","TheCity"],"potions_floor_usage":[12,25],"damage_taken":[{"damage":0,"enemies":"Small Slimes","floor":1,"turns":3},{"damage":7,"enemies":"Cultist","floor":3,"turns":3},{"damage":5,"enemies":"2 Louse","floor":5,"turns":3},{"damage":29,"enemies":"Lagavulin","floor":6,"turns":7},{"damage":9,"enemies":"Looter","floor":7,"turns":4},{"damage":30,"enemies":"The Mushroom Lair","floor":8,"turns":6},{"damage":7,"enemies":"3 Sentries","floor":12,"turns":3},{"damage":6,"enemies":"3 Louse","floor":13,"turns":4},{"damage":2,"enemies":"Red Slaver","floor":14,"turns":3},{"damage":27,"enemies":"Slime Boss","floor":16,"turns":10},{"damage":0,"enemies":"3 Byrds","floor":18,"turns":4},{"damage":27,"enemies":"Spheric Guardian","floor":21,"turns":4},{"damage":24,"enemies":"Cultist and Chosen","floor":22,"turns":4},{"damage":31,"enemies":"Slavers","floor":24,"turns":4},{"damage":16,"enemies":"3 Cultists","floor":25,"turns":4}],"seed_played":"5152545831950851535","potions_obtained":[{"floor":1,"key":"Dexterity Potion"},{"floor":5,"key":"Weak Potion"},{"floor":6,"key":"AttackPotion"},{"floor":12,"key":"SpeedPotion"}],"is_trial":false,"path_per_floor":["M","?","M","$","M","E","M","?","T","$","R","E","M","M","R","B",null,"M","?","?","M","M","R","E","M"],"character_chosen":"IRONCLAD","items_purchased":["PreservedInsect","Reckless Charge","War Paint","Inflame"],"campfire_rested":0,"item_purchase_floors":[4,10,10,10],"current_hp_per_floor":[80,80,79,79,80,57,54,30,30,30,30,29,29,33,33,12,80,80,80,80,59,41,41,16,0,0],"gold":286,"neow_bonus":"ONE_RANDOM_RARE_CARD","is_daily":false,"chose_seed":false,"campfire_upgraded":3,"win_rate":0.0,"timestamp":1613377004,"path_taken":["M","?","?","$","M","E","M","?","T","$","R","E","M","M","R","BOSS","M","?","?","?","M","R","E","M"],"items_purchased_type":["Relic","Card","Relic","Card"],"build_version":"2020-12-22","purchased_purges":1,"victory":false,"max_hp_per_floor":[80,80,80,80,80,80,80,80,80,80,80,80,80,80,80,80,80,80,80,80,80,80,80,80,80,80],"relic_stats":{"Sozu":1,"Happy Flower":[12],"counters":[15,66],"Shuriken":[13],"PreservedInsect":101,"War Paint":["Defend_R","Defend_R"],"obtain_stats":[{"Sozu":17,"Happy Flower":12,"Shuriken":6,"PreservedInsect":4,"Omamori":9,"Odd Mushroom":8,"War Paint":10,"Burning Blood":0,"Meat on the Bone":24},{"Sozu":10,"Happy Flower":7,"Shuriken":4,"PreservedInsect":2,"Omamori":6,"Odd Mushroom":6,"War Paint":6,"Burning Blood":0,"Meat on the Bone":14},{"Sozu":46,"Happy Flower":29,"Shuriken":16,"PreservedInsect":6,"Omamori":26,"Odd Mushroom":26,"War Paint":26,"Burning Blood":0,"Meat on the Bone":62}],"Burning Blood":72,"Meat on the Bone":0},"card_choices":[{"not_picked":["Shrug It Off","Whirlwind"],"picked":"Metallicize","floor":1},{"not_picked":["Body Slam","Iron Wave"],"picked":"Bloodletting","floor":3},{"not_picked":["Warcry","Dark Embrace"],"picked":"Intimidate","floor":5},{"not_picked":["Bludgeon","Burning Pact"],"picked":"Headbutt","floor":6},{"not_picked":["Flex","Bloodletting"],"picked":"Rage","floor":7},{"not_picked":["Anger","Dropkick"],"picked":"Pommel Strike","floor":8},{"not_picked":["Pommel Strike","Sword Boomerang"],"picked":"Shockwave","floor":12},{"not_picked":["Thunderclap","Warcry"],"picked":"Wild Strike","floor":13},{"not_picked":["Rage","Headbutt"],"picked":"Shrug It Off","floor":14},{"not_picked":["Brutality","Bludgeon"],"picked":"Immolate","floor":16},{"not_picked":["Warcry","Dark Embrace+1"],"picked":"Seeing Red","floor":18},{"not_picked":["Dark Embrace","Pommel Strike"],"picked":"Wild Strike+1","floor":21},{"not_picked":["Rage","Flex"],"picked":"Thunderclap","floor":22},{"not_picked":["Headbutt","Sever Soul"],"picked":"Fire Breathing","floor":24}],"player_experience":14404,"relics_obtained":[{"floor":6,"key":"Shuriken"},{"floor":8,"key":"Odd Mushroom"},{"floor":9,"key":"Omamori"},{"floor":12,"key":"Happy Flower"},{"floor":24,"key":"Meat on the Bone"}],"event_choices":[{"damage_healed":0,"gold_gain":275,"player_choice":"Desecrate","damage_taken":0,"max_hp_gain":0,"max_hp_loss":0,"event_name":"Golden Shrine","floor":2,"gold_loss":0,"cards_obtained":["Regret"]},{"damage_healed":0,"gold_gain":0,"player_choice":"Fought Mushrooms","damage_taken":0,"max_hp_gain":0,"max_hp_loss":0,"event_name":"Mushrooms","floor":8,"gold_loss":0},{"damage_healed":0,"gold_gain":0,"player_choice":"Obtain J.A.X.","damage_taken":0,"max_hp_gain":0,"max_hp_loss":0,"event_name":"Drug Dealer","floor":19,"gold_loss":0,"cards_obtained":["J.A.X."]},{"damage_healed":0,"gold_gain":0,"player_choice":"0 cards matched","damage_taken":0,"max_hp_gain":0,"max_hp_loss":0,"event_name":"Match and Keep!","floor":20,"gold_loss":0,"cards_obtained":[]}],"is_beta":false,"boss_relics":[{"not_picked":["Empty Cage","Busted Crown"],"picked":"Sozu"}],"items_purged_floors":[4],"is_endless":false,"potions_floor_spawned":[1,5,6,12,22],"killed_by":"3 Cultists","ascension_level":4}}