{"host":"lx2ngef1mcpp0cnu","time":1613395686,"event":{"mods":["2.2 Compatiblity","Aspiration","Astrologer","BaseMod","Better Note","BetterRewards","Colored Map","Custom Start","Downfall","Googly Eyes","GungeonMod","Highlight Path","Mad Scientist","Marisa????????","Minty Spire (QoL Compilation)","Potionbrewer","READ ME - Guardian Mod","Shop Mod","Somnambulant","StSLib","SuperFastMode","Td1madao Mod","The Bug Knight","The Construct","The Cursed","The Disciple","The Hierophant","The Judge","The Necromancer","The Saiyan","The Servant 0.9.4","[IsaacMod]????","thorton"],"gold_per_floor":[129,129,144,165,189,228,228,291,366,404,404,437,457,457,457],"floor_reached":13,"language":"ENG","playtime":700,"items_purged":["Normality"],"score":97,"play_id":"d25976d3-6fc1-4b0d-ad47-995b9caaf702","local_time":"20210215082806","is_ascension_mode":false,"campfire_choices":[{"floor":7,"key":"REST"},{"floor":11,"key":"REST"}],"circlet_count":0,"master_deck":["thethorton:Strike","thethorton:Strike","thethorton:Strike","thethorton:Strike","thethorton:Defend","thethorton:Defend","thethorton:Defend","thethorton:Defend","thethorton:Heckle","thethorton:CreditCard","DoctorFetus","thethorton:PowerUp","thethorton:PowerUp","thethorton:BusinessCard","thethorton:SellShort","thethorton:Rebalance","thethorton:CreditCard","thethorton:CoinShield","thethorton:ROI","thethorton:HedgeFund","thethorton:HedgeFund","thethorton:Investment"],"relics":["thethorton:CouragePotion","HushsDoor","GuppysTail","TheBean","ForgetMeNow","DollysMirror","HornCleat","thethorton:BusinessCardPrinter","Happy Flower","aspiration:FaultyCoupler"],"acts_visited":["Exordium"],"potions_floor_usage":[6,10],"damage_taken":[{"damage":4,"enemies":"Jaw Worm","floor":1,"turns":4},{"damage":0,"enemies":"Cultist","floor":3,"turns":4},{"damage":0,"enemies":"2 Louse","floor":4,"turns":5},{"damage":3,"enemies":"Blue Slaver","floor":5,"turns":5},{"damage":21,"enemies":"Gremlin Nob","floor":6,"turns":4},{"damage":30,"enemies":"Exordium Thugs","floor":8,"turns":8},{"damage":15,"enemies":"HollowMod:MossKnight","floor":10,"turns":6},{"damage":13,"enemies":"2 Fungi Beasts","floor":12,"turns":4},{"damage":15,"enemies":"3 Sentries","floor":13,"turns":4}],"seed_played":"-3137656214612326668","potions_obtained":[{"floor":3,"key":"Strength Potion"},{"floor":5,"key":"FearPotion"},{"floor":8,"key":"bronze:BurnAndBuffPotion"},{"floor":10,"key":"Strength Potion"}],"is_trial":false,"path_per_floor":["M","?","M","M","M","E","R","M","T","E","R","M","E"],"character_chosen":"THE_THORT","items_purchased":["Dexterity Potion","TheBean","thethorton:PowerUp","DollysMirror"],"campfire_rested":2,"item_purchase_floors":[0,0,0,0],"current_hp_per_floor":[64,57,57,57,54,33,53,23,23,8,28,15,0,0,0],"gold":457,"neow_bonus":"","is_daily":false,"chose_seed":false,"campfire_upgraded":0,"win_rate":0.0,"timestamp":1613395686,"path_taken":["M","?","M","M","M","E","R","M","T","E","R","M","E"],"items_purchased_type":["Potion","Relic","Card","Relic"],"build_version":"2020-12-22","purchased_purges":1,"victory":false,"max_hp_per_floor":[68,68,68,68,68,68,68,68,68,68,68,68,68,68,68],"card_choices":[{"not_picked":[],"picked":"DoctorFetus","floor":0},{"not_picked":["thethorton:PocketChange","thethorton:DualBap"],"picked":"thethorton:BusinessCard","floor":1},{"not_picked":["thethorton:ThickSkin","Bomb"],"picked":"thethorton:SellShort","floor":3},{"not_picked":["thethorton:ElbowSmash","thethorton:DualBap"],"picked":"thethorton:Rebalance","floor":4},{"not_picked":["thethorton:StampSmack","thethorton:SellShort"],"picked":"thethorton:CoinShield","floor":5},{"not_picked":["thethorton:GoldBuffer","thethorton:ThickSkin"],"picked":"thethorton:ROI","floor":6},{"not_picked":["thethorton:CashBash","thethorton:LongTermPayoff"],"picked":"thethorton:HedgeFund","floor":8},{"not_picked":["thethorton:AngerMoment","thethorton:FearfulRun"],"picked":"thethorton:HedgeFund","floor":10},{"not_picked":["thethorton:CashBash","thethorton:DesperateRun"],"picked":"thethorton:Investment","floor":12}],"player_experience":590680,"relics_obtained":[{"floor":6,"key":"thethorton:BusinessCardPrinter"},{"floor":10,"key":"Happy Flower"}],"event_choices":[{"damage_healed":0,"gold_gain":0,"player_choice":"Success","damage_taken":7,"relics_obtained":["HornCleat"],"max_hp_gain":0,"max_hp_loss":0,"event_name":"Scrap Ooze","floor":2,"gold_loss":0}],"is_beta":false,"boss_relics":[],"items_purged_floors":[0],"is_endless":false,"potions_floor_spawned":[3,5,8,10],"killed_by":"3 Sentries","ascension_level":0}}