{"host":"5pfivkovc4wibog0","time":1613396066,"event":{"mods":["2.2 Compatiblity","Act Like it!","BaseMod","Better Third Choice","Block Reminder","Colored Powertips","Downfall","Friendly Minions","GifTheSpireLib","Hermit","Koishi","Marisa????????","Minty Spire (QoL Compilation)","Permanent Neow","Quick Restart","Rare Cards Sparkle","Reimu??????","StSLib","The Administrix","The Animator","The Bladedancer","The Cursed","TheSwordswoman"],"gold_per_floor":[117,129,55,75,41,73,92,92,92,103,134,134,134,152,152,248,248,260,272,292,310,322,322,350,350,350,23,23,23,23,55,55,55,55],"floor_reached":33,"language":"ENG","playtime":1517,"items_purged":["Strike_R"],"score":337,"play_id":"25d44395-c19e-4227-8924-bf7f72433d13","local_time":"20210215133426","is_ascension_mode":true,"campfire_choices":[{"data":"Inflame","floor":8,"key":"SMITH"},{"data":"Inflame","floor":13,"key":"SMITH"},{"data":"Inflame","floor":15,"key":"SMITH"},{"data":"Heavy Blade","floor":23,"key":"SMITH"},{"data":"Double Tap","floor":29,"key":"SMITH"},{"data":"Whirlwind","floor":32,"key":"SMITH"}],"circlet_count":0,"master_deck":["Strike_R","Strike_R","Strike_R","Defend_R","Defend_R+1","Defend_R","Defend_R+1","Bash","Inflame+1","Spot Weakness","Inflame+1","Inflame+1","Feed","Flex+1","Heavy Blade+1","Double Tap+1","Whirlwind+1"],"relics":["Burning Blood","War Paint","Lantern","Juzu Bracelet","Question Card","Coffee Dripper","Darkstone Periapt","Anchor","Tea:ReiMu","CrazyTorch:ReiMu"],"acts_visited":["Exordium","TheCity"],"potions_floor_usage":[11,22,33],"damage_taken":[{"damage":0,"enemies":"Cultist","floor":1,"turns":3},{"damage":0,"enemies":"Small Slimes","floor":2,"turns":4},{"damage":0,"enemies":"2 Louse","floor":4,"turns":2},{"damage":49,"enemies":"Gremlin Nob","floor":6,"turns":5},{"damage":0,"enemies":"Blue Slaver","floor":7,"turns":5},{"damage":0,"enemies":"Large Slime","floor":10,"turns":5},{"damage":16,"enemies":"3 Sentries","floor":11,"turns":5},{"damage":11,"enemies":"2 Fungi Beasts","floor":14,"turns":4},{"damage":30,"enemies":"The Guardian","floor":16,"turns":9},{"damage":30,"enemies":"Shell Parasite","floor":18,"turns":5},{"damage":5,"enemies":"Chosen","floor":19,"turns":3},{"damage":24,"enemies":"3 Cultists","floor":20,"turns":5},{"damage":21,"enemies":"Snake Plant","floor":21,"turns":2},{"damage":8,"enemies":"Snecko","floor":22,"turns":3},{"damage":28,"enemies":"Gremlin Leader","floor":24,"turns":5},{"damage":41,"enemies":"Slavers","floor":31,"turns":4},{"damage":16,"enemies":"Collector","floor":33,"turns":3}],"seed_played":"-7272799621785710862","potions_obtained":[{"floor":2,"key":"hexamod:SoulburnPotion"},{"floor":4,"key":"Dexterity Potion"},{"floor":7,"key":"Swift Potion"},{"floor":10,"key":"Guardian:BlockOnCardUsePotion"},{"floor":11,"key":"AttackPotion"}],"is_trial":false,"path_per_floor":["M","M","$","M","$","E","M","R","T","M","E","?","R","M","R","B",null,"M","M","M","M","M","R","E","?","T","$","?","R","$","E","R","B"],"character_chosen":"IRONCLAD","items_purchased":["Inflame","Spot Weakness","Tea:ReiMu"],"campfire_rested":0,"item_purchase_floors":[3,5,27],"current_hp_per_floor":[80,80,80,80,80,37,43,43,43,49,39,65,65,60,60,36,80,59,63,48,33,34,34,12,17,17,17,17,44,44,12,12,0,0],"gold":55,"neow_bonus":"RANDOM_COMMON_RELIC","is_daily":false,"chose_seed":false,"campfire_upgraded":6,"win_rate":0.0,"timestamp":1613396066,"path_taken":["M","M","$","M","$","E","M","R","T","M","E","?","R","M","R","BOSS","M","M","M","M","M","R","E","?","T","?","?","R","?","E","R","BOSS"],"items_purchased_type":["Card","Card","Relic"],"build_version":"2020-12-22","purchased_purges":1,"victory":false,"max_hp_per_floor":[80,80,80,80,80,80,80,80,80,80,80,80,80,80,80,80,80,83,86,89,89,92,92,92,92,92,92,92,92,92,95,95,95,95],"card_choices":[{"not_picked":["Twin Strike","Blood for Blood","Havoc"],"picked":"SKIP","floor":1},{"not_picked":["Sentinel","Thunderclap","Evolve"],"picked":"SKIP","floor":2},{"not_picked":["Intimidate","Seeing Red"],"picked":"Cleave","floor":4},{"not_picked":["Warcry","Fire Breathing","Battle Trance"],"picked":"SKIP","floor":6},{"not_picked":["Wild Strike","Anger"],"picked":"Inflame","floor":7},{"not_picked":["Clash","Combust"],"picked":"Inflame","floor":10},{"not_picked":["Dual Wield","Iron Wave","Double Tap"],"picked":"SKIP","floor":11},{"not_picked":["Dropkick","Thunderclap","Iron Wave","Pommel Strike"],"picked":"SKIP","floor":14},{"not_picked":["Reaper","Exhume","Brutality"],"picked":"Feed","floor":16},{"not_picked":["Metallicize+1","Clash","Pommel Strike"],"picked":"Flex+1","floor":18},{"not_picked":["Iron Wave","Carnage","True Grit","Bloodletting+1"],"picked":"SKIP","floor":19},{"not_picked":["Spot Weakness+1","Havoc+1","Thunderclap"],"picked":"Heavy Blade","floor":20},{"not_picked":["Havoc","Searing Blow+1","Body Slam"],"picked":"Double Tap","floor":21},{"not_picked":["Flex","Armaments","Heavy Blade","Flame Barrier+1"],"picked":"SKIP","floor":22},{"not_picked":["Power Through+1","Reaper","Sever Soul"],"picked":"Whirlwind","floor":24},{"not_picked":["Battle Trance","Warcry+1","Shrug It Off","Blood for Blood"],"picked":"SKIP","floor":31}],"player_experience":76826,"relics_obtained":[{"floor":6,"key":"Lantern"},{"floor":9,"key":"Juzu Bracelet"},{"floor":11,"key":"Question Card"},{"floor":24,"key":"Darkstone Periapt"},{"floor":26,"key":"Anchor"},{"floor":31,"key":"CrazyTorch:ReiMu"}],"event_choices":[{"damage_healed":26,"gold_gain":0,"player_choice":"Banana","damage_taken":0,"max_hp_gain":0,"max_hp_loss":0,"event_name":"Big Fish","floor":12,"gold_loss":0},{"cards_removed":["Cleave"],"damage_healed":5,"gold_gain":0,"player_choice":"Offered Common","damage_taken":0,"max_hp_gain":0,"max_hp_loss":0,"event_name":"Bonfire Elementals","floor":25,"gold_loss":0},{"cards_removed":["Cleave"],"damage_healed":5,"gold_gain":0,"player_choice":"Offered Special","damage_taken":0,"max_hp_gain":0,"max_hp_loss":0,"event_name":"Bonfire Elementals","floor":25,"gold_loss":0},{"cards_removed":["Strike_R"],"damage_healed":0,"gold_gain":0,"player_choice":"Elegance","damage_taken":0,"max_hp_gain":0,"max_hp_loss":0,"event_name":"betterThird:BetterWriting","floor":28,"gold_loss":0}],"is_beta":false,"boss_relics":[{"not_picked":["Fusion Hammer","Philosopher\u0027s Stone"],"picked":"Coffee Dripper"}],"items_purged_floors":[27],"is_endless":false,"potions_floor_spawned":[2,4,7,10,11,18,20],"killed_by":"Collector","ascension_level":1}}