{"host":"jwpp8hxpigr0nknu","time":1613430340,"event":{"mods":["BaseMod","BetterRewards","Colored Map","Colored Powertips","Minty Spire (QoL Compilation)","Rare Cards Sparkle","Shop Mod","StSLib"],"gold_per_floor":[118,135,135,217,217,260,303,334,357,388,25,66,110,148,148,271,271,291,390,140,15,15,50,139,205,231,275,310,378,472,557,557,701,701,832,241,30,30,106,194,288,382,428,488,87,183,332,332,332,455,455,455],"floor_reached":51,"language":"ENG","playtime":4926,"items_purged":["Protect","Adaptation","Tantrum","ClearTheMind","Writhe"],"score":1938,"play_id":"665e8338-7c12-45b1-816e-39bb472d53b3","local_time":"20210215170540","daily_mods":["Draft","Heirloom","Flight","DeadlyEvents","Elite Swarm"],"is_ascension_mode":true,"campfire_choices":[{"data":"Omniscience","floor":15.0,"key":"SMITH"},{"data":"Omniscience","floor":32.0,"key":"SMITH"},{"floor":49.0,"key":"REST"}],"circlet_count":0,"master_deck":["Prostrate+1","ThirdEye+1","WheelKick+1","Perseverance+1","Nirvana+1","FollowUp+1","CutThroughFate+1","CrushJoints+1","Wallop+1","ThirdEye+1","Prostrate+1","Weave+1","Omniscience+1","Devotion+1","Brilliance+1","LessonLearned+1","Wireheading+1","DevaForm+1","Brilliance+1","Ragnarok+1","Ragnarok+1","CutThroughFate+1","InnerPeace+1","Wish","DevaForm+1","LessonLearned+1","Vault+1","Devotion+1","Wish+1","SpiritShield+1","Omniscience+1","Nirvana+1","Secret Technique+1","JustLucky","Scrawl+1","SpiritShield+1","Scrawl","Pain"],"relics":["PureWater","Thread and Needle","Golden Idol","Frozen Egg 2","Meat on the Bone","Letter Opener","Regal Pillow","Strawberry","Vajra","Pen Nib","Anchor","Prayer Wheel","Calipers","Cursed Key","PreservedInsect","Lizard Tail","Toy Ornithopter","StoneCalendar","Bag of Marbles","InkBottle","Oddly Smooth Stone","Potion Belt","Tiny Chest","Nunchaku","Fusion Hammer","Art of War","Turnip","Whetstone","Orichalcum","GoldenEye","War Paint","CaptainsWheel","Yang","Sling","Bottled Tornado","Molten Egg 2","Runic Pyramid"],"acts_visited":["Exordium","TheCity","TheBeyond"],"potions_floor_usage":[],"damage_taken":[{"damage":0.0,"enemies":"Cultist","floor":1.0,"turns":2.0},{"damage":0.0,"enemies":"Jaw Worm","floor":2.0,"turns":3.0},{"damage":7.0,"enemies":"Lagavulin","floor":6.0,"turns":5.0},{"damage":14.0,"enemies":"Gremlin Nob","floor":7.0,"turns":3.0},{"damage":3.0,"enemies":"3 Sentries","floor":8.0,"turns":5.0},{"damage":14.0,"enemies":"Lagavulin","floor":10.0,"turns":4.0},{"damage":2.0,"enemies":"Gremlin Nob","floor":12.0,"turns":3.0},{"damage":2.0,"enemies":"3 Sentries","floor":13.0,"turns":4.0},{"damage":0.0,"enemies":"Gremlin Nob","floor":14.0,"turns":1.0},{"damage":18.0,"enemies":"Slime Boss","floor":16.0,"turns":8.0},{"damage":0.0,"enemies":"Shell Parasite","floor":18.0,"turns":3.0},{"damage":0.0,"enemies":"Book of Stabbing","floor":23.0,"turns":5.0},{"damage":0.0,"enemies":"Gremlin Leader","floor":24.0,"turns":5.0},{"damage":0.0,"enemies":"Slavers","floor":25.0,"turns":4.0},{"damage":0.0,"enemies":"Book of Stabbing","floor":27.0,"turns":2.0},{"damage":3.0,"enemies":"Slavers","floor":28.0,"turns":6.0},{"damage":13.0,"enemies":"Book of Stabbing","floor":29.0,"turns":7.0},{"damage":0.0,"enemies":"Gremlin Leader","floor":30.0,"turns":5.0},{"damage":4.0,"enemies":"Slavers","floor":31.0,"turns":5.0},{"damage":0.0,"enemies":"Champ","floor":33.0,"turns":4.0},{"damage":10.0,"enemies":"3 Shapes","floor":35.0,"turns":7.0},{"damage":0.0,"enemies":"Orb Walker","floor":39.0,"turns":3.0},{"damage":36.0,"enemies":"Reptomancer","floor":40.0,"turns":6.0},{"damage":2.0,"enemies":"Nemesis","floor":41.0,"turns":6.0},{"damage":0.0,"enemies":"Giant Head","floor":42.0,"turns":6.0},{"damage":16.0,"enemies":"Reptomancer","floor":44.0,"turns":5.0},{"damage":0.0,"enemies":"Giant Head","floor":46.0,"turns":6.0},{"damage":27.0,"enemies":"Nemesis","floor":47.0,"turns":5.0},{"damage":22.0,"enemies":"Time Eater","floor":50.0,"turns":4.0}],"seed_played":"-8024554134955979786","potions_obtained":[{"floor":7.0,"key":"SmokeBomb"},{"floor":8.0,"key":"ColorlessPotion"},{"floor":12.0,"key":"BlessingOfTheForge"},{"floor":13.0,"key":"SkillPotion"},{"floor":18.0,"key":"Block Potion"},{"floor":24.0,"key":"Swift Potion"},{"floor":29.0,"key":"LiquidMemories"},{"floor":30.0,"key":"AttackPotion"},{"floor":33.0,"key":"GamblersBrew"},{"floor":41.0,"key":"Energy Potion"},{"floor":42.0,"key":"Regen Potion"},{"floor":46.0,"key":"Swift Potion"},{"floor":47.0,"key":"Ancient Potion"}],"is_trial":true,"path_per_floor":["M","M","?","T","?","E","E","E","T","E","$","E","E","E","R","B",null,"M","?","$","$","?","E","E","E","T","E","E","E","E","E","R","B",null,"M","$","$","?","M","E","E","E","T","E","$","E","E","?","R","B",null],"character_chosen":"WATCHER","items_purchased":["Pen Nib","Wireheading+1","ClearTheMind","PreservedInsect","Art of War","Turnip","Nirvana+1","Yang","Sling"],"campfire_rested":1,"item_purchase_floors":[11,11,11,20,36,36,37,45,45],"current_hp_per_floor":[65,65,47,47,71,64,50,47,54,40,40,50,48,48,48,42,70,70,70,70,70,70,70,70,75,75,75,72,59,64,65,65,65,76,66,66,66,66,66,42,40,40,40,43,43,53,38,38,76,54,73,73],"gold":455,"neow_bonus":"","is_daily":false,"chose_seed":false,"campfire_upgraded":2,"win_rate":0.0,"timestamp":1613430340,"path_taken":["M","?","?","?","?","E","E","E","T","E","$","E","E","E","R","BOSS","BOSS","M","?","$","$","?","E","E","E","T","E","E","E","E","E","R","BOSS","M","$","$","?","?","E","E","E","T","E","$","E","E","?","R","BOSS"],"items_purchased_type":["Relic","Card","Card","Relic","Relic","Relic","Card","Relic","Relic"],"build_version":"2020-12-22","purchased_purges":5,"victory":false,"max_hp_per_floor":[72,72,72,72,72,72,72,72,79,79,79,79,79,79,79,79,79,79,79,79,79,79,79,79,79,79,79,79,79,79,79,79,79,79,79,79,79,79,79,79,79,79,79,79,79,79,79,79,79,79,79,79],"card_choices":[{"not_picked":["EmptyFist","Protect"],"picked":"Prostrate","floor":0.0},{"not_picked":["ForeignInfluence","PathToVictory"],"picked":"ClearTheMind","floor":0.0},{"not_picked":["Crescendo","Sanctity"],"picked":"Adaptation","floor":0.0},{"not_picked":["ForeignInfluence","JustLucky"],"picked":"ThirdEye","floor":0.0},{"not_picked":["ClearTheMind","BowlingBash"],"picked":"WheelKick","floor":0.0},{"not_picked":["LikeWater","ReachHeaven"],"picked":"Perseverance","floor":0.0},{"not_picked":["FlurryOfBlows","Weave"],"picked":"Nirvana","floor":0.0},{"not_picked":["ClearTheMind","FlyingSleeves"],"picked":"FollowUp","floor":0.0},{"not_picked":["Prostrate","Crescendo"],"picked":"CutThroughFate","floor":0.0},{"not_picked":["WreathOfFlame","ReachHeaven"],"picked":"CrushJoints","floor":0.0},{"not_picked":["BowlingBash","WaveOfTheHand"],"picked":"Protect","floor":0.0},{"not_picked":["Halt","BowlingBash"],"picked":"Wallop","floor":0.0},{"not_picked":["Conclude","Protect"],"picked":"ThirdEye","floor":0.0},{"not_picked":["ClearTheMind","CrushJoints"],"picked":"Prostrate","floor":0.0},{"not_picked":["Evaluate","Adaptation"],"picked":"Tantrum","floor":0.0},{"not_picked":["Collect","EmptyFist","Sanctity"],"picked":"SKIP","floor":1.0},{"not_picked":["BattleHymn","Evaluate"],"picked":"Weave","floor":2.0},{"not_picked":["SpiritShield","Alpha"],"picked":"Omniscience","floor":6.0},{"not_picked":["DeusExMachina","Ragnarok"],"picked":"Devotion+1","floor":7.0},{"not_picked":["Ragnarok","Scrawl"],"picked":"Brilliance","floor":8.0},{"not_picked":["Wish","MasterReality+1"],"picked":"LessonLearned","floor":10.0},{"not_picked":["SpiritShield","Scrawl"],"picked":"DevaForm+1","floor":12.0},{"not_picked":["Judgement","MasterReality+1"],"picked":"Brilliance","floor":13.0},{"not_picked":["ConjureBlade","Vault"],"picked":"Ragnarok","floor":14.0},{"not_picked":["Blasphemy","Wish"],"picked":"Ragnarok","floor":16.0},{"not_picked":["JustLucky","EmptyFist+1"],"picked":"CutThroughFate+1","floor":18.0},{"not_picked":["FlurryOfBlows","ThirdEye+1"],"picked":"InnerPeace","floor":18.0},{"not_picked":["Judgement","Vault"],"picked":"Wish","floor":23.0},{"not_picked":["SpiritShield","Omniscience"],"picked":"DevaForm+1","floor":24.0},{"not_picked":["Blasphemy","Vault"],"picked":"LessonLearned","floor":25.0},{"not_picked":["Brilliance","Alpha"],"picked":"Vault","floor":27.0},{"not_picked":["Blasphemy","Brilliance"],"picked":"Devotion+1","floor":28.0},{"not_picked":["Devotion+1","Ragnarok"],"picked":"Wish","floor":29.0},{"not_picked":["Wish","LessonLearned"],"picked":"SpiritShield","floor":30.0},{"not_picked":["Devotion+1","ConjureBlade"],"picked":"Omniscience","floor":31.0},{"not_picked":["WheelKick+1","ClearTheMind","Consecrate"],"picked":"SKIP","floor":35.0},{"not_picked":["Prostrate","Crescendo","FollowUp"],"picked":"SKIP","floor":35.0},{"not_picked":["Impatience","Good Instincts"],"picked":"Secret Technique","floor":38.0},{"not_picked":["DeceiveReality","EmptyBody+1"],"picked":"Wireheading+1","floor":39.0},{"not_picked":["ThirdEye","Meditate"],"picked":"JustLucky","floor":39.0},{"not_picked":["Establishment+1","SpiritShield"],"picked":"Scrawl","floor":40.0},{"not_picked":["Brilliance","Alpha"],"picked":"SpiritShield","floor":41.0},{"not_picked":["Ragnarok","Judgement"],"picked":"Scrawl","floor":42.0},{"not_picked":["Blasphemy","Brilliance","Establishment+1"],"picked":"SKIP","floor":44.0},{"not_picked":["Alpha","Blasphemy","ConjureBlade"],"picked":"SKIP","floor":46.0},{"not_picked":["MasterReality+1","Blasphemy","Alpha"],"picked":"SKIP","floor":47.0}],"player_experience":376701,"relics_obtained":[{"floor":4.0,"key":"Frozen Egg 2"},{"floor":6.0,"key":"Meat on the Bone"},{"floor":7.0,"key":"Letter Opener"},{"floor":8.0,"key":"Regal Pillow"},{"floor":9.0,"key":"Strawberry"},{"floor":10.0,"key":"Vajra"},{"floor":12.0,"key":"Anchor"},{"floor":13.0,"key":"Prayer Wheel"},{"floor":14.0,"key":"Calipers"},{"floor":23.0,"key":"Lizard Tail"},{"floor":24.0,"key":"Toy Ornithopter"},{"floor":25.0,"key":"StoneCalendar"},{"floor":26.0,"key":"Bag of Marbles"},{"floor":27.0,"key":"InkBottle"},{"floor":28.0,"key":"Oddly Smooth Stone"},{"floor":29.0,"key":"Potion Belt"},{"floor":30.0,"key":"Tiny Chest"},{"floor":31.0,"key":"Nunchaku"},{"floor":40.0,"key":"Whetstone"},{"floor":41.0,"key":"Orichalcum"},{"floor":42.0,"key":"GoldenEye"},{"floor":43.0,"key":"War Paint"},{"floor":44.0,"key":"CaptainsWheel"},{"floor":46.0,"key":"Bottled Tornado"},{"floor":47.0,"key":"Molten Egg 2"}],"event_choices":[{"damage_healed":0.0,"max_hp_gain":0.0,"max_hp_loss":0.0,"gold_gain":0.0,"event_name":"Golden Idol","player_choice":"Take Damage","floor":3.0,"gold_loss":0.0,"damage_taken":18.0,"relics_obtained":["Golden Idol"]},{"damage_healed":24.0,"max_hp_gain":0.0,"max_hp_loss":0.0,"gold_gain":0.0,"event_name":"Big Fish","player_choice":"Banana","floor":5.0,"gold_loss":0.0,"damage_taken":0.0},{"damage_healed":0.0,"max_hp_gain":0.0,"max_hp_loss":0.0,"gold_gain":99.0,"event_name":"Nest","player_choice":"Stole From Cult","floor":19.0,"gold_loss":0.0,"damage_taken":0.0},{"cards_removed":["ClearTheMind"],"damage_healed":0.0,"max_hp_gain":0.0,"max_hp_loss":0.0,"gold_gain":0.0,"event_name":"Back to Basics","player_choice":"Elegance","floor":22.0,"gold_loss":0.0,"damage_taken":0.0},{"damage_healed":0.0,"max_hp_gain":0.0,"max_hp_loss":0.0,"gold_gain":0.0,"event_name":"SensoryStone","player_choice":"Memory 1","floor":38.0,"gold_loss":0.0,"damage_taken":0.0},{"cards_removed":["Wireheading"],"damage_healed":0.0,"max_hp_gain":0.0,"max_hp_loss":0.0,"gold_gain":0.0,"event_name":"Falling","player_choice":"Removed Power","floor":48.0,"gold_loss":0.0,"damage_taken":0.0}],"is_beta":false,"boss_relics":[{"not_picked":["Philosopher\u0027s Stone","Empty Cage"],"picked":"Cursed Key"},{"not_picked":["SlaversCollar","VioletLotus"],"picked":"Fusion Hammer"},{"not_picked":["Calling Bell","Black Star"],"picked":"Runic Pyramid"}],"items_purged_floors":[11,20,21,36,37],"is_endless":true,"potions_floor_spawned":[7,8,12,13,18,24,29,30,33,41,42,46,47],"ascension_level":9}}