{"host":"li7nr9q4d53iu1rb","time":1613398964,"event":{"mods":["AchievementEnabler","BaseMod","Colored Map","Colored Powertips","Downfall","Highlight Path","Minty Spire (QoL Compilation)","Permanent Neow","Quick Restart","Random Character Button","StSLib"],"gold_per_floor":[110,121,296,296,72,92,110,139,184,149,181,191,191,219,219,323,323,333,333,346,346,148,148,148],"floor_reached":23,"language":"ENG","playtime":1365,"items_purged":["Doubt","Defend_B"],"score":265,"play_id":"eab0fe2c-af0d-46d8-9a06-3f29f4e4513b","local_time":"20210215102244","is_ascension_mode":true,"campfire_choices":[{"floor":13,"key":"REST"},{"floor":15,"key":"REST"}],"circlet_count":0,"master_deck":["Defend_B","Defend_B","Defend_B","Zap","Dualcast","Leap","FTL","Self Repair","Cold Snap","Redo","Genetic Algorithm","Ball Lightning","Conserve Battery","Glacier","Self Repair","Machine Learning","Recycle","Bite","Bite","Bite","Bite","Bite","Capacitor","Rebound","Conserve Battery"],"relics":["Cracked Core","Letter Opener","Smiling Mask","Gremlin Horn","Anchor","Runic Pyramid"],"acts_visited":["Exordium","TheCity"],"potions_floor_usage":[18,18,23,23],"damage_taken":[{"damage":1,"enemies":"2 Louse","floor":1,"turns":2},{"damage":1,"enemies":"Cultist","floor":2,"turns":4},{"damage":2,"enemies":"Small Slimes","floor":6,"turns":3},{"damage":16,"enemies":"3 Louse","floor":7,"turns":3},{"damage":31,"enemies":"Gremlin Nob","floor":8,"turns":4},{"damage":38,"enemies":"3 Sentries","floor":11,"turns":9},{"damage":0,"enemies":"Blue Slaver","floor":12,"turns":4},{"damage":27,"enemies":"Lagavulin","floor":14,"turns":8},{"damage":43,"enemies":"Slime Boss","floor":16,"turns":16},{"damage":34,"enemies":"3 Byrds","floor":18,"turns":7},{"damage":26,"enemies":"Chosen","floor":20,"turns":7},{"damage":64,"enemies":"Book of Stabbing","floor":23,"turns":7}],"seed_played":"2123740630831409551","potions_obtained":[{"floor":1,"key":"GamblersBrew"},{"floor":6,"key":"PotionOfCapacity"},{"floor":14,"key":"ColorlessPotion"},{"floor":16,"key":"Weak Potion"},{"floor":18,"key":"Swift Potion"},{"floor":20,"key":"GamblersBrew"}],"is_trial":false,"path_per_floor":["M","M","?","?","$","M","M","E","T","?","E","M","R","E","R","B",null,"M","?","M","?","$","E"],"character_chosen":"DEFECT","items_purchased":["Self Repair","Cold Snap","Redo","Capacitor","Rebound","Conserve Battery"],"campfire_rested":2,"item_purchase_floors":[5,5,5,22,22,22],"current_hp_per_floor":[74,74,74,74,74,75,66,44,44,62,33,42,64,46,68,27,75,55,55,53,53,53,0,0],"gold":148,"neow_bonus":"RANDOM_COMMON_RELIC","is_daily":false,"chose_seed":false,"campfire_upgraded":0,"win_rate":0.0,"timestamp":1613398964,"path_taken":["M","M","?","?","$","?","?","E","T","?","E","M","R","E","R","BOSS","M","?","M","?","$","E"],"items_purchased_type":["Card","Card","Card","Card","Card","Card"],"build_version":"2020-12-22","purchased_purges":2,"victory":false,"max_hp_per_floor":[75,75,75,75,75,75,75,75,75,75,75,75,75,75,75,75,75,75,75,75,75,75,75,75],"card_choices":[{"not_picked":["Lockon","Beam Cell"],"picked":"Leap","floor":1},{"not_picked":["Go for the Eyes","Blizzard"],"picked":"FTL","floor":2},{"not_picked":["Sunder","Compile Driver","Stack"],"picked":"SKIP","floor":6},{"not_picked":["Beam Cell","Leap"],"picked":"Genetic Algorithm","floor":7},{"not_picked":["Turbo","Reinforced Body"],"picked":"Ball Lightning","floor":8},{"not_picked":["Lockon","Storm"],"picked":"Conserve Battery","floor":11},{"not_picked":["Fusion","Compile Driver"],"picked":"Glacier","floor":12},{"not_picked":["Reinforced Body","Cold Snap"],"picked":"Self Repair","floor":14},{"not_picked":["Reboot","Fission"],"picked":"Machine Learning","floor":16},{"not_picked":["Beam Cell+1","Conserve Battery+1"],"picked":"Recycle","floor":18},{"not_picked":["Gash","Stack","Streamline"],"picked":"SKIP","floor":20}],"player_experience":271568,"relics_obtained":[{"floor":8,"key":"Smiling Mask"},{"floor":11,"key":"Gremlin Horn"},{"floor":14,"key":"Anchor"}],"event_choices":[{"damage_healed":0,"gold_gain":175,"player_choice":"AGREE","damage_taken":0,"max_hp_gain":0,"max_hp_loss":0,"event_name":"Liars Game","floor":3,"gold_loss":0,"cards_obtained":["Doubt"]},{"damage_healed":0,"gold_gain":0,"player_choice":"Gave Potion","damage_taken":0,"relics_obtained":["Letter Opener"],"max_hp_gain":0,"max_hp_loss":0,"event_name":"WeMeetAgain","floor":4,"gold_loss":0},{"damage_healed":18,"gold_gain":0,"player_choice":"Healed","damage_taken":0,"max_hp_gain":0,"max_hp_loss":0,"event_name":"The Cleric","floor":10,"gold_loss":35},{"damage_healed":0,"gold_gain":0,"player_choice":"Became a vampire (Vial)","damage_taken":0,"max_hp_gain":0,"max_hp_loss":0,"event_name":"Vampires","floor":19,"relics_lost":["Blood Vial"],"gold_loss":0,"cards_obtained":["Bite","Bite","Bite","Bite","Bite"]},{"damage_healed":0,"gold_gain":0,"player_choice":"0 cards matched","damage_taken":0,"max_hp_gain":0,"max_hp_loss":0,"event_name":"Match and Keep!","floor":21,"gold_loss":0,"cards_obtained":[]}],"is_beta":false,"boss_relics":[{"not_picked":["Snecko Eye","Calling Bell"],"picked":"Runic Pyramid"}],"items_purged_floors":[5,22],"is_endless":false,"potions_floor_spawned":[1,6,14,16,18,20],"killed_by":"Book of Stabbing","ascension_level":3}}