{"host":"ty2cix8xj6r3ad26","time":1613419906,"event":{"mods":["AchievementEnabler","BaseMod","BetterRewards","Minty Spire (QoL Compilation)","Quick Restart","StSLib","SuperFastMode"],"gold_per_floor":[109,126,136,36,49,68,68,93,93,112,112,24,39,66,66,139,139,153,230,257,267,280,309,329,329,329,6,25,125,125,152,152,228,228,244,244,270,270,281,281,309,309,309,344,361,387,401,18,18,18,18,18,18,49,49,49],"floor_reached":55,"language":"ENG","playtime":3376,"items_purged":["Strike_G","Strike_G"],"score":1508,"play_id":"80382906-c8b5-427b-940e-d35d1789305b","local_time":"20210215221146","is_ascension_mode":true,"campfire_choices":[{"data":"Panache","floor":7,"key":"SMITH"},{"floor":11,"key":"REST"},{"data":"Burst","floor":15,"key":"SMITH"},{"data":"Accuracy","floor":25,"key":"SMITH"},{"data":"Blade Dance","floor":30,"key":"SMITH"},{"floor":32,"key":"REST"},{"data":"Neutralize","floor":40,"key":"SMITH"},{"data":"Footwork","floor":42,"key":"SMITH"},{"floor":49,"key":"RECALL"},{"data":"Footwork","floor":52,"key":"SMITH"}],"circlet_count":0,"master_deck":["AscendersBane","Strike_G","Strike_G","Strike_G","Defend_G","Defend_G","Defend_G","Defend_G","Defend_G","Survivor","Neutralize+1","Blade Dance+1","Panache+1","Prepared","Die Die Die","Backflip","Blade Dance+1","Prepared","Infinite Blades","Quick Slash+1","Accuracy+1","Dodge and Roll+1","Burst+1","Adrenaline+1","Footwork+1","Cloak And Dagger+1","Footwork+1","Crippling Poison+1","A Thousand Cuts+1","A Thousand Cuts+1","Madness+1","Madness+1","Well Laid Plans+1","Accuracy+1","Backflip+1","Dodge and Roll+1","Distraction+1","Caltrops+1"],"relics":["Ring of the Snake","Happy Flower","Tiny Chest","Sling","Oddly Smooth Stone","Molten Egg 2","Singing Bowl","Philosopher\u0027s Stone","Orichalcum","Toxic Egg 2","The Courier","War Paint","Omamori","Frozen Egg 2","StoneCalendar","Ancient Tea Set","SlaversCollar","Regal Pillow","Darkstone Periapt","Ninja Scroll","Dream Catcher","Pear","Mummified Hand","Anchor","Gambling Chip"],"acts_visited":["Exordium","TheCity","TheBeyond","TheEnding"],"potions_floor_usage":[8,14,28,29,29,41,44,45,55],"damage_taken":[{"damage":1,"enemies":"Cultist","floor":1,"turns":4},{"damage":2,"enemies":"Jaw Worm","floor":2,"turns":3},{"damage":0,"enemies":"2 Louse","floor":3,"turns":2},{"damage":2,"enemies":"Large Slime","floor":5,"turns":4},{"damage":1,"enemies":"Looter","floor":6,"turns":2},{"damage":5,"enemies":"Lagavulin","floor":8,"turns":3},{"damage":0,"enemies":"2 Fungi Beasts","floor":10,"turns":2},{"damage":0,"enemies":"Lots of Slimes","floor":13,"turns":1},{"damage":5,"enemies":"3 Sentries","floor":14,"turns":4},{"damage":10,"enemies":"The Guardian","floor":16,"turns":8},{"damage":0,"enemies":"3 Byrds","floor":18,"turns":3},{"damage":0,"enemies":"Chosen","floor":21,"turns":2},{"damage":0,"enemies":"Snecko","floor":22,"turns":3},{"damage":3,"enemies":"Slavers","floor":23,"turns":2},{"damage":14,"enemies":"Centurion and Healer","floor":24,"turns":4},{"damage":0,"enemies":"Snake Plant","floor":28,"turns":3},{"damage":12,"enemies":"Colosseum Slavers","floor":29,"turns":3},{"damage":12,"enemies":"Colosseum Nobs","floor":29,"turns":3},{"damage":7,"enemies":"Book of Stabbing","floor":31,"turns":4},{"damage":2,"enemies":"Automaton","floor":33,"turns":5},{"damage":0,"enemies":"3 Darklings","floor":35,"turns":2},{"damage":0,"enemies":"Orb Walker","floor":39,"turns":2},{"damage":8,"enemies":"Giant Head","floor":41,"turns":6},{"damage":16,"enemies":"Nemesis","floor":44,"turns":4},{"damage":4,"enemies":"Sphere and 2 Shapes","floor":45,"turns":2},{"damage":0,"enemies":"Reptomancer","floor":46,"turns":3},{"damage":9,"enemies":"Transient","floor":47,"turns":5},{"damage":25,"enemies":"Donu and Deca","floor":50,"turns":4},{"damage":20,"enemies":"Shield and Spear","floor":54,"turns":3},{"damage":62,"enemies":"The Heart","floor":55,"turns":2}],"seed_played":"-1539790191056453107","potions_obtained":[{"floor":1,"key":"DuplicationPotion"},{"floor":10,"key":"PowerPotion"},{"floor":13,"key":"GhostInAJar"},{"floor":14,"key":"SneckoOil"},{"floor":16,"key":"Energy Potion"},{"floor":24,"key":"Explosive Potion"},{"floor":28,"key":"LiquidBronze"},{"floor":31,"key":"Poison Potion"},{"floor":33,"key":"LiquidMemories"},{"floor":39,"key":"GhostInAJar"},{"floor":45,"key":"Fruit Juice"},{"floor":54,"key":"BlessingOfTheForge"}],"is_trial":false,"path_per_floor":["M","M","M","$","M","M","R","E","T","M","R","$","M","E","R","B",null,"M","T","T","M","M","E","M","R","T","$","M","?","R","E","R","B",null,"M","?","T","?","M","R","E","R","T","E","M","E","M","$","R","B",null,"R","$","E","B"],"character_chosen":"THE_SILENT","items_purchased":["Happy Flower","Tiny Chest","Sling","Blade Dance","Panache","Prepared","Die Die Die","Accuracy","War Paint","Omamori","Footwork","Mummified Hand","Anchor","Caltrops+1"],"campfire_rested":2,"item_purchase_floors":[0,0,0,0,0,0,0,12,27,27,27,48,48,48],"current_hp_per_floor":[27,25,25,25,23,22,22,17,17,17,36,36,36,31,31,21,55,55,55,55,57,59,58,44,44,44,44,44,22,22,15,37,35,64,66,52,52,52,52,52,44,44,44,28,31,41,32,32,32,7,72,72,72,54,0,0],"gold":49,"neow_bonus":"","is_daily":false,"chose_seed":false,"campfire_upgraded":7,"win_rate":0.0,"timestamp":1613419906,"path_taken":["M","M","?","$","M","M","R","E","T","M","R","?","M","E","R","BOSS","M","?","?","M","?","E","M","R","T","$","M","?","R","E","R","BOSS","M","?","?","?","M","R","E","R","T","E","M","E","?","$","R","BOSS","R","$","E","BOSS"],"items_purchased_type":["Relic","Relic","Relic","Card","Card","Card","Card","Card","Relic","Relic","Card","Relic","Relic","Card"],"build_version":"2020-12-22","purchased_purges":2,"victory":false,"max_hp_per_floor":[66,66,66,66,66,66,66,66,66,66,66,66,66,66,66,66,66,66,66,66,68,70,72,72,72,72,72,72,74,74,74,74,74,74,76,76,76,76,76,76,76,76,76,76,83,93,93,93,93,93,93,93,93,95,95,95],"card_choices":[{"not_picked":["Acrobatics","Outmaneuver","Flying Knee"],"picked":"SKIP","floor":1},{"not_picked":["Underhanded Strike","Slice"],"picked":"Backflip","floor":2},{"not_picked":["Finisher","Dagger Spray","Deflect"],"picked":"SKIP","floor":3},{"not_picked":["Finisher","Dagger Spray","Deflect"],"picked":"SKIP","floor":3},{"not_picked":["Slice","Riddle With Holes"],"picked":"Blade Dance","floor":5},{"not_picked":["Dodge and Roll","Slice"],"picked":"Prepared","floor":6},{"not_picked":["Corpse Explosion","Acrobatics"],"picked":"Infinite Blades","floor":8},{"not_picked":["Outmaneuver","Poisoned Stab+1"],"picked":"Quick Slash+1","floor":10},{"not_picked":["PiercingWail","All Out Attack+1"],"picked":"Dodge and Roll","floor":13},{"not_picked":["Dash+1","Eviscerate+1"],"picked":"Burst","floor":14},{"not_picked":["Tools of the Trade","Doppelganger"],"picked":"Adrenaline","floor":16},{"not_picked":["Escape Plan+1","Well Laid Plans"],"picked":"Footwork","floor":18},{"not_picked":["Backflip","Deadly Poison","Underhanded Strike+1"],"picked":"Singing Bowl","floor":21},{"not_picked":["Deadly Poison","Poisoned Stab+1","Underhanded Strike+1"],"picked":"Singing Bowl","floor":22},{"not_picked":["Poisoned Stab+1","Deflect+1","Endless Agony+1"],"picked":"Singing Bowl","floor":23},{"not_picked":["Setup+1","Corpse Explosion+1"],"picked":"Cloak And Dagger+1","floor":24},{"not_picked":["Poisoned Stab+1","Dagger Spray+1"],"picked":"Crippling Poison+1","floor":28},{"not_picked":["Dagger Throw+1","Dash+1","Deadly Poison+1"],"picked":"Singing Bowl","floor":29},{"not_picked":["Deflect+1","Backstab+1"],"picked":"A Thousand Cuts+1","floor":31},{"not_picked":["Corpse Explosion+1","Malaise+1"],"picked":"A Thousand Cuts+1","floor":33},{"not_picked":["Deadly Poison+1","Masterful Stab+1","Sucker Punch+1"],"picked":"Singing Bowl","floor":35},{"not_picked":["Bouncing Flask+1","Prepared+1"],"picked":"Well Laid Plans+1","floor":39},{"not_picked":["Deflect+1","All Out Attack+1"],"picked":"Accuracy+1","floor":41},{"not_picked":["Bouncing Flask+1","Flechettes+1"],"picked":"Backflip+1","floor":44},{"not_picked":["Sucker Punch+1","Bane+1","Poisoned Stab+1"],"picked":"Singing Bowl","floor":45},{"not_picked":["Sucker Punch+1","Corpse Explosion+1"],"picked":"Dodge and Roll+1","floor":46},{"not_picked":["Dash+1","Sucker Punch+1"],"picked":"Distraction+1","floor":47},{"not_picked":["Catalyst+1","Prepared+1","Calculated Gamble+1"],"picked":"Singing Bowl","floor":54}],"player_experience":583004,"relics_obtained":[{"floor":8,"key":"Oddly Smooth Stone"},{"floor":9,"key":"Molten Egg 2"},{"floor":14,"key":"Singing Bowl"},{"floor":20,"key":"Orichalcum"},{"floor":23,"key":"Toxic Egg 2"},{"floor":26,"key":"The Courier"},{"floor":29,"key":"Frozen Egg 2"},{"floor":29,"key":"StoneCalendar"},{"floor":31,"key":"Ancient Tea Set"},{"floor":37,"key":"Regal Pillow"},{"floor":41,"key":"Darkstone Periapt"},{"floor":43,"key":"Ninja Scroll"},{"floor":44,"key":"Dream Catcher"},{"floor":46,"key":"Pear"},{"floor":54,"key":"Gambling Chip"}],"event_choices":[{"damage_healed":0,"gold_gain":0,"player_choice":"Fight","damage_taken":0,"max_hp_gain":0,"max_hp_loss":0,"event_name":"Colosseum","floor":29,"gold_loss":0},{"damage_healed":0,"gold_gain":0,"player_choice":"Fought Nobs","damage_taken":0,"max_hp_gain":0,"max_hp_loss":0,"event_name":"Colosseum","floor":29,"gold_loss":0},{"damage_healed":0,"gold_gain":0,"player_choice":"Embrace Madness","damage_taken":14,"max_hp_gain":0,"max_hp_loss":0,"event_name":"Winding Halls","floor":36,"gold_loss":0,"cards_obtained":["Madness","Madness"]},{"damage_healed":0,"gold_gain":0,"player_choice":"Forge","damage_taken":0,"max_hp_gain":0,"max_hp_loss":0,"event_name":"Accursed Blacksmith","floor":38,"gold_loss":0,"cards_upgraded":["Blade Dance"]}],"is_beta":false,"boss_relics":[{"not_picked":["Velvet Choker","Snecko Eye"],"picked":"Philosopher\u0027s Stone"},{"not_picked":["Fusion Hammer","SacredBark"],"picked":"SlaversCollar"}],"items_purged_floors":[0,4],"is_endless":false,"potions_floor_spawned":[1,10,13,14,16,21,24,28,31,33,39,45,54],"killed_by":"The Heart","ascension_level":16}}