{"host":"dx8mnueonnkh60qu","time":1613362065,"event":{"mods":["AchievementEnabler","Act Like it!","Aspiration","BaseMod","Better Silent Start","Better Third Choice","Bossed Relics","CCEM2","Conspire","Defuse TimeMaze Blight","Dota2Spire","Downfall","Hubris","Infinite Spire","Marked Mod","Minty Spire (QoL Compilation)","Quarter Circle Forward PUNCH!","Rare Cards Sparkle","Relic Stats","Reliquary","Robot Space Explorer","Spicy Shops","Spikes Relics","StSLib","SuperFastMode","The Blue Laboratory","The Caster"],"gold_per_floor":[110,39,39,58,58,93,93,127,127,147,158,173,173,189,189,292,292,304,304,304,304,318,318,331,28,28,42,75,75,75,88,88,189,189,200,218,218,218,235,269,269,301,301,301,314,165,176,205,205,302,302,310,314,317,267,274,290,302,302,329,331,331,112,117,137,137,203,203,204,204,204,205,195,201,201,195,246,346,350,354,108,108,108,166,166,163,163,92,100,80,76,76,72,72,72,38,38,38,38,38,118,118,118,68,68,79,79,49,48,51,51,62,52,52,56,73,73,133,133,140,133,123,123,121,121,122,118,118,118,118,106,106,108,108,180,180,183,183,1182,1191,1191,1186,1217,1217,1217,1209,1209,1212,1204,999,999,1048,1048,1050,1037,1037],"floor_reached":155,"language":"ENG","playtime":9700,"items_purged":["Normality","Normality"],"score":3677,"play_id":"b9d955c6-45cd-4374-a8f7-2094422bbd7b","local_time":"20210214230745","is_ascension_mode":true,"campfire_choices":[{"data":"Beam Cell","floor":7.0,"key":"SMITH"},{"data":"Defragment","floor":13.0,"key":"SMITH"},{"floor":15.0,"key":"REST"},{"data":"FTL","floor":23.0,"key":"SMITH"},{"data":"Dualcast","floor":29.0,"key":"SMITH"},{"data":"Reboot","floor":32.0,"key":"SMITH"},{"data":"Seek","floor":41.0,"key":"SMITH"},{"data":"aspiration:Polymerization","floor":44.0,"key":"SMITH"},{"data":"Electrodynamics","floor":49.0,"key":"SMITH"},{"data":"Echo Form","floor":59.0,"key":"SMITH"},{"data":"Echo Form","floor":62.0,"key":"SMITH"},{"data":"PlatinumSkin","floor":66.0,"key":"SMITH"},{"data":"Loop","floor":75.0,"key":"SMITH"},{"floor":83.0,"key":"REST"},{"data":"Buffer","floor":92.0,"key":"SMITH"},{"data":"hubris:Fate","floor":98.0,"key":"SMITH"},{"floor":100.0,"key":"REST"},{"data":"infinitespire:FutureSight","floor":114.0,"key":"SMITH"},{"data":"infinitespire:UltimateForm","floor":117.0,"key":"SMITH"},{"data":"Defragment","floor":125.0,"key":"SMITH"},{"data":"Buffer","floor":130.0,"key":"SMITH"},{"data":"infinitespire:UltimateForm","floor":134.0,"key":"SMITH"},{"data":"infinitespire:Starlight","floor":144.0,"key":"SMITH"},{"data":"Capacitor","floor":151.0,"key":"SMITH"}],"circlet_count":0,"master_deck":["Defend_B","Defend_B","Defend_B","Defend_B","Zap+1","Dualcast+1","Beam Cell+1","Defragment+1","All For One+1","Conserve Battery","FTL+1","Beam Cell","Cold Snap+1","aspiration:Polymerization+1","Hologram","Coolheaded+1","hubris:Fate+1","Redo+1","Reboot+1","Go for the Eyes+1","Reinforced Body","Seek+1","Defragment+1","Electrodynamics+1","Blizzard+1","Echo Form+1","Loop+1","Echo Form+1","PlatinumSkin+1","Buffer+1","infinitespire:Starlight+1","infinitespire:FutureSight+1","Thunder Strike","infinitespire:UltimateForm+1","infinitespire:UltimateForm+1","Buffer+1","Defragment+1","Glacier","Capacitor+1"],"relics":["Cracked Core","NeowsBlessing","Cables","CCEMRelics:GrindingGear","Bottled Lightning","AncientExoskeleton","Unceasing Top","Singing Bowl","conspire:Dentures","Runic Dome","Blue Candle","Pantograph","Dota2Spire:BattleFury","infinitespire:Joker Card","CaptainsWheel","DollysMirror","sneckomod:BlankCard","Dota2Spire:MagicBottle","qcfpunch:Not_Strongest_Fighting_Style_Guidebook","Dota2Spire:OctarineCore","Letter Opener","Tiny House","reliquary:Sideboard","CCEMRelics:TeddyBear","hubris:SoftwareUpdate","expansioncontent:StudyCardRelic","Toolbox","CCEMRelics:TransientCore","hubris:FruitBowl","hubris:KleinBottle","Snecko Eye","Lantern","Whetstone","Dota2Spire:ShivaGuard","SpikesRelics:DaevaFist","Guardian:PocketSentry","Smiling Mask","Sozu","hubris:DeckOfHolding","CCEMRelics:IronFruit","infinitespire:Bottled Soul","Nuclear Battery","qcfpunch:Combat_Fatigues","infinitespire:Satchel","qcfpunch:Lotus_Statue","CCEMRelics:FryingPan","hubris:BallOfYels","hubris:Towel","CCEMRelics:FakeTeeth","reliquary:BrokenClock","reliquary:WritOfMandamus"],"acts_visited":["Exordium","TheCity","TheBeyond","Exordium","TheCity","TheBeyond","Exordium","TheCity","TheBeyond"],"potions_floor_usage":[],"damage_taken":[{"damage":0.0,"enemies":"Cultist","floor":1.0,"turns":1.0},{"damage":0.0,"enemies":"2 Louse","floor":4.0,"turns":1.0},{"damage":0.0,"enemies":"Lagavulin","floor":6.0,"turns":1.0},{"damage":31.0,"enemies":"3 Sentries","floor":8.0,"turns":6.0},{"damage":7.0,"enemies":"Jaw Worm","floor":10.0,"turns":2.0},{"damage":0.0,"enemies":"Looter","floor":11.0,"turns":1.0},{"damage":14.0,"enemies":"Lots of Slimes","floor":12.0,"turns":3.0},{"damage":3.0,"enemies":"Exordium Thugs","floor":14.0,"turns":3.0},{"damage":29.0,"enemies":"Hexaghost","floor":16.0,"turns":5.0},{"damage":6.0,"enemies":"Shell Parasite","floor":18.0,"turns":6.0},{"damage":0.0,"enemies":"Chosen","floor":22.0,"turns":3.0},{"damage":0.0,"enemies":"Centurion and Healer","floor":24.0,"turns":5.0},{"damage":1.0,"enemies":"Cultist and Chosen","floor":27.0,"turns":4.0},{"damage":14.0,"enemies":"Slavers","floor":28.0,"turns":5.0},{"damage":0.0,"enemies":"Snecko","floor":31.0,"turns":4.0},{"damage":0.0,"enemies":"Champ","floor":33.0,"turns":1.0},{"damage":0.0,"enemies":"3 Shapes","floor":35.0,"turns":4.0},{"damage":0.0,"enemies":"Orb Walker","floor":36.0,"turns":2.0},{"damage":0.0,"enemies":"Transient","floor":39.0,"turns":5.0},{"damage":3.0,"enemies":"Reptomancer","floor":40.0,"turns":4.0},{"damage":0.0,"enemies":"Nightmare","floor":42.0,"turns":5.0},{"damage":0.0,"enemies":"Sphere and 2 Shapes","floor":45.0,"turns":1.0},{"damage":0.0,"enemies":"4 Shapes","floor":47.0,"turns":4.0},{"damage":0.0,"enemies":"Reptomancer","floor":48.0,"turns":5.0},{"damage":41.0,"enemies":"infinitespire:MassOfShapes","floor":50.0,"turns":9.0},{"damage":0.0,"enemies":"Small Slimes","floor":52.0,"turns":1.0},{"damage":0.0,"enemies":"2 Louse","floor":53.0,"turns":1.0},{"damage":0.0,"enemies":"Cultist","floor":54.0,"turns":2.0},{"damage":0.0,"enemies":"Blue Slaver","floor":56.0,"turns":2.0},{"damage":2.0,"enemies":"Gremlin Nob","floor":57.0,"turns":3.0},{"damage":1.0,"enemies":"2 Fungi Beasts","floor":58.0,"turns":2.0},{"damage":0.0,"enemies":"Red Slaver","floor":61.0,"turns":2.0},{"damage":0.0,"enemies":"Looter","floor":64.0,"turns":2.0},{"damage":0.0,"enemies":"3 Sentries","floor":65.0,"turns":2.0},{"damage":0.0,"enemies":"Slime Boss","floor":67.0,"turns":5.0},{"damage":0.0,"enemies":"Shell Parasite","floor":69.0,"turns":2.0},{"damage":0.0,"enemies":"Spheric Guardian","floor":72.0,"turns":1.0},{"damage":21.0,"enemies":"Snecko","floor":73.0,"turns":4.0},{"damage":23.0,"enemies":"Slavers","floor":74.0,"turns":3.0},{"damage":0.0,"enemies":"3 Cultists","floor":76.0,"turns":2.0},{"damage":0.0,"enemies":"Sentry and Sphere","floor":79.0,"turns":2.0},{"damage":43.0,"enemies":"Snake Plant","floor":80.0,"turns":3.0},{"damage":3.0,"enemies":"Shelled Parasite and Fungi","floor":82.0,"turns":2.0},{"damage":31.0,"enemies":"conspire:MysteriousRune","floor":84.0,"turns":6.0},{"damage":0.0,"enemies":"Orb Walker","floor":86.0,"turns":3.0},{"damage":0.0,"enemies":"3 Shapes","floor":89.0,"turns":1.0},{"damage":28.0,"enemies":"Spire Growth","floor":90.0,"turns":5.0},{"damage":10.0,"enemies":"Reptomancer","floor":91.0,"turns":5.0},{"damage":0.0,"enemies":"3 Darklings","floor":93.0,"turns":2.0},{"damage":0.0,"enemies":"Maw","floor":96.0,"turns":4.0},{"damage":67.0,"enemies":"Donu and Deca","floor":101.0,"turns":5.0},{"damage":0.0,"enemies":"2 Louse","floor":103.0,"turns":2.0},{"damage":10.0,"enemies":"conspire:MimicChest","floor":106.0,"turns":3.0},{"damage":5.0,"enemies":"Jaw Worm","floor":107.0,"turns":2.0},{"damage":72.0,"enemies":"Nightmare_Alpha","floor":108.0,"turns":8.0},{"damage":0.0,"enemies":"Cultist","floor":109.0,"turns":2.0},{"damage":2.0,"enemies":"Lagavulin","floor":110.0,"turns":3.0},{"damage":0.0,"enemies":"Gremlin Nob","floor":112.0,"turns":2.0},{"damage":0.0,"enemies":"Blue Slaver","floor":113.0,"turns":1.0},{"damage":0.0,"enemies":"2 Fungi Beasts","floor":115.0,"turns":1.0},{"damage":0.0,"enemies":"3 Sentries","floor":116.0,"turns":1.0},{"damage":0.0,"enemies":"The Guardian","floor":118.0,"turns":5.0},{"damage":0.0,"enemies":"3 Byrds","floor":120.0,"turns":1.0},{"damage":0.0,"enemies":"2 Thieves","floor":121.0,"turns":2.0},{"damage":0.0,"enemies":"Centurion and Healer","floor":122.0,"turns":2.0},{"damage":14.0,"enemies":"Cultist and Chosen","floor":124.0,"turns":3.0},{"damage":0.0,"enemies":"Book of Stabbing","floor":126.0,"turns":4.0},{"damage":0.0,"enemies":"3 Cultists","floor":127.0,"turns":2.0},{"damage":0.0,"enemies":"Snecko","floor":131.0,"turns":3.0},{"damage":0.0,"enemies":"Snake Plant","floor":133.0,"turns":3.0},{"damage":0.0,"enemies":"Automaton","floor":135.0,"turns":3.0},{"damage":0.0,"enemies":"3 Shapes","floor":137.0,"turns":1.0},{"damage":18.0,"enemies":"3 Darklings","floor":140.0,"turns":2.0},{"damage":0.0,"enemies":"Reptomancer","floor":142.0,"turns":3.0},{"damage":56.0,"enemies":"2 Orb Walkers","floor":143.0,"turns":3.0},{"damage":0.0,"enemies":"Giant Head","floor":146.0,"turns":4.0},{"damage":13.0,"enemies":"Reptomancer","floor":148.0,"turns":4.0},{"damage":35.0,"enemies":"Transient","floor":149.0,"turns":5.0},{"damage":10.0,"enemies":"conspire:OrnateMirror","floor":152.0,"turns":6.0},{"damage":0,"enemies":"Cultist","floor":154,"turns":1},{"damage":0,"enemies":"The Mushroom Lair","floor":155,"turns":3}],"seed_played":"6529896925659324327","potions_obtained":[{"floor":8.0,"key":"blueLaboratory:PyrophylliteBrew"},{"floor":12.0,"key":"blueLaboratory:EnragingPotion"},{"floor":18.0,"key":"ColorlessPotion"},{"floor":40.0,"key":"blueLaboratory:LouseDecoction"},{"floor":84.0,"key":"blueLaboratory:ImpenetrablePotion"},{"floor":106.0,"key":"blueLaboratory:Moonshine"}],"is_trial":false,"path_per_floor":["M","$","?","M","$","E","R","E","T","M","M","M","R","M","R","B",null,"M","?","AVR","?","M","R","M","$","T","M","E","R","?","M","R","B",null,"M","M","?","T","M","E","R","NM","T","R","M","$","M","E","R","B",null,"M","M","M","?","M","E","M","R","T","M","R","$","M","E","R","B",null,"M","?","?","M","M","E","R","M","T","?","M","M","$","M","R","B",null,"M","?","$","M","M","E","R","M","T","AVR","M","?","R","$","R","B",null,"M","?","AVR","?","M","NM","M","E","T","E","M","R","M","E","R","B",null,"M","M","M","?","M","R","E","M","T","?","R","M","AVR","M","R","B",null,"M","?","?","M","AVR","E","?","R","T","E","?","E","M","$","R","B",null,"M","?"],"character_chosen":"DEFECT","items_purchased":["Defragment","Unceasing Top","DollysMirror","Dota2Spire:OctarineCore","PlatinumSkin","hubris:SoftwareUpdate","Toolbox","hubris:FruitBowl","hubris:KleinBottle","reliquary:BrokenClock"],"campfire_rested":3,"item_purchase_floors":[2,25,46,63,63,81,88,99,99,150],"current_hp_per_floor":[75,75,75,75,75,75,75,44,44,37,37,23,23,20,42,13,75,69,69,69,69,75,75,75,75,75,74,77,77,87,87,87,87,87,89,91,86,86,88,87,87,89,89,89,91,91,91,91,91,58,99,101,103,105,105,107,105,106,106,106,106,106,106,108,110,110,115,115,117,117,117,119,100,94,94,96,96,96,98,57,57,56,95,64,131,133,133,133,135,109,101,101,101,101,101,109,111,111,73,116,83,150,161,161,161,161,168,128,150,160,160,172,184,184,196,208,208,242,257,268,276,287,287,284,284,296,308,315,315,315,327,327,339,339,352,352,360,364,364,357,357,369,325,325,325,351,351,365,360,360,360,399,421,421,421,421],"gold":1037,"neow_bonus":"THREE_ENEMY_KILL","is_daily":false,"chose_seed":false,"campfire_upgraded":21,"win_rate":0.0,"timestamp":1613362065,"path_taken":["M","$","?","M","$","E","R","E","T","M","M","M","R","?","R","BOSS","M","?","AVR","?","M","R","M","$","T","M","E","R","?","M","R","BOSS","M","?","?","?","M","E","R","NM","T","R","M","$","M","E","R","BOSS","M","?","M","?","M","E","M","R","T","M","R","$","M","E","R","BOSS","M","?","?","?","M","E","R","M","T","?","M","M","$","M","R","BOSS","M","?","$","M","M","E","R","M","T","AVR","M","?","R","?","R","BOSS","M","?","AVR","?","M","NM","?","E","T","E","M","R","M","E","R","BOSS","M","M","M","?","?","R","E","M","T","?","R","M","AVR","?","R","BOSS","M","?","?","M","AVR","E","?","R","T","E","?","E","?","$","R","BOSS","M","?"],"items_purchased_type":["Card","Relic","Relic","Relic","Card","Relic","Relic","Relic","Relic","Relic"],"build_version":"2020-12-22","purchased_purges":2,"victory":false,"max_hp_per_floor":[75,75,75,75,75,75,75,75,75,75,75,75,75,75,75,75,75,75,75,75,75,75,75,75,75,75,75,77,77,87,87,87,87,87,89,91,91,91,93,95,95,97,97,97,99,99,99,99,99,99,99,101,103,105,105,107,107,109,109,109,109,109,109,111,113,113,115,115,117,117,117,119,121,123,123,125,125,125,127,129,129,131,131,131,131,133,133,133,135,137,139,139,139,139,139,143,145,145,145,145,150,150,161,161,161,171,181,185,196,206,206,217,229,229,240,252,252,257,257,268,276,287,287,297,297,306,316,323,323,323,332,332,342,342,352,352,360,364,364,375,375,385,395,395,395,401,401,410,417,417,417,421,421,421,421,421],"relic_stats":{"Sozu":3,"Singing Bowl":106,"counters":[81,244],"Blue Candle":[0],"Pantograph":89,"Snecko Eye":[187,152,137,157],"Letter Opener":[784],"Whetstone":["Cold Snap","Go for the Eyes"],"Smiling Mask":25,"obtain_stats":[{"hubris:BallOfYels":146,"Tiny House":68,"CCEMRelics:TeddyBear":77,"Whetstone":108,"Dota2Spire:MagicBottle":57,"Sozu":119,"DollysMirror":46,"qcfpunch:Lotus_Statue":143,"hubris:DeckOfHolding":126,"conspire:Dentures":28,"reliquary:Sideboard":74,"hubris:SoftwareUpdate":81,"Blue Candle":37,"hubris:FruitBowl":99,"Dota2Spire:ShivaGuard":110,"Guardian:PocketSentry":112,"Letter Opener":65,"Cables":6,"qcfpunch:Combat_Fatigues":141,"Runic Dome":34,"Snecko Eye":102,"reliquary:BrokenClock":150,"reliquary:WritOfMandamus":153,"Unceasing Top":25,"Lantern":106,"Singing Bowl":26,"sneckomod:BlankCard":48,"qcfpunch:Not_Strongest_Fighting_Style_Guidebook":60,"expansioncontent:StudyCardRelic":85,"Smiling Mask":116,"CCEMRelics:TransientCore":95,"CCEMRelics:FakeTeeth":148,"infinitespire:Bottled Soul":132,"Pantograph":38,"Toolbox":88,"Cracked Core":0,"hubris:KleinBottle":99,"NeowsBlessing":0,"AncientExoskeleton":17,"Dota2Spire:BattleFury":40,"infinitespire:Joker Card":42,"hubris:Towel":147,"Nuclear Battery":136,"CCEMRelics:IronFruit":128,"CaptainsWheel":43,"infinitespire:Satchel":142,"CCEMRelics:FryingPan":145,"CCEMRelics:GrindingGear":8,"Dota2Spire:OctarineCore":63,"SpikesRelics:DaevaFist":111,"Bottled Lightning":9},{"hubris:BallOfYels":76,"Tiny House":35,"CCEMRelics:TeddyBear":40,"Whetstone":55,"Dota2Spire:MagicBottle":30,"Sozu":62,"DollysMirror":22,"qcfpunch:Lotus_Statue":75,"hubris:DeckOfHolding":67,"conspire:Dentures":14,"reliquary:Sideboard":39,"hubris:SoftwareUpdate":42,"Blue Candle":18,"hubris:FruitBowl":50,"Dota2Spire:ShivaGuard":57,"Guardian:PocketSentry":58,"Letter Opener":34,"Cables":3,"qcfpunch:Combat_Fatigues":73,"Runic Dome":16,"Snecko Eye":51,"reliquary:BrokenClock":78,"reliquary:WritOfMandamus":79,"Unceasing Top":12,"Lantern":53,"Singing Bowl":12,"sneckomod:BlankCard":24,"qcfpunch:Not_Strongest_Fighting_Style_Guidebook":31,"expansioncontent:StudyCardRelic":44,"Smiling Mask":61,"CCEMRelics:TransientCore":49,"CCEMRelics:FakeTeeth":77,"infinitespire:Bottled Soul":69,"Pantograph":18,"Toolbox":45,"Cracked Core":0,"hubris:KleinBottle":50,"NeowsBlessing":0,"AncientExoskeleton":9,"Dota2Spire:BattleFury":20,"infinitespire:Joker Card":21,"hubris:Towel":76,"Nuclear Battery":71,"CCEMRelics:IronFruit":68,"CaptainsWheel":21,"infinitespire:Satchel":74,"CCEMRelics:FryingPan":75,"CCEMRelics:GrindingGear":4,"Dota2Spire:OctarineCore":32,"SpikesRelics:DaevaFist":57,"Bottled Lightning":4},{"hubris:BallOfYels":225,"Tiny House":111,"CCEMRelics:TeddyBear":123,"Whetstone":175,"Dota2Spire:MagicBottle":99,"Sozu":190,"DollysMirror":72,"qcfpunch:Lotus_Statue":221,"hubris:DeckOfHolding":201,"conspire:Dentures":46,"reliquary:Sideboard":121,"hubris:SoftwareUpdate":128,"Blue Candle":57,"hubris:FruitBowl":156,"Dota2Spire:ShivaGuard":180,"Guardian:PocketSentry":182,"Letter Opener":106,"Cables":3,"qcfpunch:Combat_Fatigues":215,"Runic Dome":51,"Snecko Eye":160,"reliquary:BrokenClock":234,"reliquary:WritOfMandamus":240,"Unceasing Top":37,"Lantern":165,"Singing Bowl":37,"sneckomod:BlankCard":81,"qcfpunch:Not_Strongest_Fighting_Style_Guidebook":100,"expansioncontent:StudyCardRelic":136,"Smiling Mask":185,"CCEMRelics:TransientCore":152,"CCEMRelics:FakeTeeth":229,"infinitespire:Bottled Soul":206,"Pantograph":57,"Toolbox":139,"Cracked Core":0,"hubris:KleinBottle":156,"NeowsBlessing":0,"AncientExoskeleton":23,"Dota2Spire:BattleFury":66,"infinitespire:Joker Card":71,"hubris:Towel":225,"Nuclear Battery":212,"CCEMRelics:IronFruit":203,"CaptainsWheel":71,"infinitespire:Satchel":218,"CCEMRelics:FryingPan":221,"CCEMRelics:GrindingGear":9,"Dota2Spire:OctarineCore":102,"SpikesRelics:DaevaFist":180,"Bottled Lightning":9}],"Unceasing Top":[70],"Cables":[137,89,45,1,2]},"card_choices":[{"not_picked":["Turbo","Hologram"],"picked":"Beam Cell","floor":1.0},{"not_picked":["Streamline","Gash"],"picked":"All For One","floor":4.0},{"not_picked":["Storm","Hologram"],"picked":"Conserve Battery","floor":6.0},{"not_picked":["Biased Cognition","Stack"],"picked":"FTL","floor":8.0},{"not_picked":["Barrage","White Noise"],"picked":"Beam Cell","floor":10.0},{"not_picked":["Doom and Gloom","hubris:SpecializedCircuitry"],"picked":"Cold Snap","floor":11.0},{"not_picked":["Conserve Battery","Turbo"],"picked":"aspiration:Polymerization","floor":12.0},{"not_picked":["Turbo","Skim"],"picked":"Hologram","floor":14.0},{"not_picked":["Fission","hubris:DoWhile"],"picked":"Amplify","floor":16.0},{"not_picked":["Force Field","Leap"],"picked":"Coolheaded+1","floor":18.0},{"not_picked":["Turbo","Leap+1"],"picked":"Redo+1","floor":22.0},{"not_picked":["Cold Snap","Beam Cell"],"picked":"Reboot","floor":24.0},{"not_picked":["Compile Driver+1","Cold Snap"],"picked":"Go for the Eyes","floor":27.0},{"not_picked":["Turbo","Recycle","Lockon"],"picked":"Singing Bowl","floor":28.0},{"not_picked":["Heatsinks","Capacitor"],"picked":"Reinforced Body","floor":31.0},{"not_picked":["Amplify","hubris:SpecializedCircuitry"],"picked":"Seek","floor":33.0},{"not_picked":["Leap","Storm","Darkness"],"picked":"Singing Bowl","floor":35.0},{"not_picked":["Turbo","Chill","Hologram+1"],"picked":"Singing Bowl","floor":36.0},{"not_picked":["Storm+1","conspire:SharedLibrary","hubris:PowerSurge"],"picked":"Singing Bowl","floor":39.0},{"not_picked":["Stack","Leap+1","Fusion"],"picked":"Singing Bowl","floor":40.0},{"not_picked":["Steam","BootSequence+1","Streamline+1"],"picked":"Singing Bowl","floor":42.0},{"not_picked":["Barrage","Steam","Go for the Eyes+1"],"picked":"Singing Bowl","floor":45.0},{"not_picked":["Sweeping Beam","Gash"],"picked":"Electrodynamics","floor":47.0},{"not_picked":["Darkness+1","Turbo+1"],"picked":"Blizzard+1","floor":48.0},{"not_picked":["hubris:SpecializedCircuitry","Reboot"],"picked":"Echo Form","floor":50.0},{"not_picked":["Rip and Tear","Tempest","Compile Driver"],"picked":"Singing Bowl","floor":52.0},{"not_picked":["Hello World","Turbo","Coolheaded"],"picked":"Singing Bowl","floor":53.0},{"not_picked":["Heatsinks","Skim","Streamline"],"picked":"Singing Bowl","floor":54.0},{"not_picked":["Sweeping Beam","Melter","Compile Driver"],"picked":"Singing Bowl","floor":56.0},{"not_picked":["Streamline","Cold Snap"],"picked":"Loop","floor":57.0},{"not_picked":["Streamline","Gash","Force Field"],"picked":"Singing Bowl","floor":58.0},{"not_picked":["Sweeping Beam","Compile Driver"],"picked":"Echo Form","floor":61.0},{"not_picked":["Cold Snap","Conserve Battery","Ball Lightning"],"picked":"Singing Bowl","floor":64.0},{"not_picked":["Hologram","Streamline","Ball Lightning"],"picked":"Singing Bowl","floor":65.0},{"not_picked":["Reboot","Biased Cognition","hubris:DoWhile"],"picked":"Singing Bowl","floor":67.0},{"not_picked":["Turbo+1","Beam Cell","Sweeping Beam"],"picked":"Singing Bowl","floor":69.0},{"not_picked":["FTL","Sweeping Beam","Hello World"],"picked":"Singing Bowl","floor":72.0},{"not_picked":["Ball Lightning","Steam Power+1","Go for the Eyes"],"picked":"Singing Bowl","floor":73.0},{"not_picked":["Melter","Consume","Steam"],"picked":"Singing Bowl","floor":74.0},{"not_picked":["Compile Driver","Gash","Auto Shields"],"picked":"Singing Bowl","floor":76.0},{"not_picked":["Conserve Battery","Hello World","Streamline"],"picked":"Singing Bowl","floor":79.0},{"not_picked":["Melter","Skim","Auto Shields+1"],"picked":"Singing Bowl","floor":80.0},{"not_picked":["Force Field+1","Coolheaded","Hello World"],"picked":"Singing Bowl","floor":82.0},{"not_picked":["Electrodynamics","Creative AI"],"picked":"Buffer","floor":84.0},{"not_picked":["Redo","Hologram+1","Reinforced Body+1"],"picked":"Singing Bowl","floor":86.0},{"not_picked":["Coolheaded+1","Skim","Redo"],"picked":"Singing Bowl","floor":89.0},{"not_picked":["infinitespire:Punishment","infinitespire:NeuralNetwork"],"picked":"infinitespire:Starlight","floor":90.0},{"not_picked":["Turbo","Go for the Eyes+1","Compile Driver"],"picked":"Singing Bowl","floor":90.0},{"not_picked":["Ball Lightning+1","Fusion","Leap+1"],"picked":"Singing Bowl","floor":91.0},{"not_picked":["Darkness","Recycle"],"picked":"Beam Cell","floor":93.0},{"not_picked":["Ball Lightning+1","Redo","Beam Cell"],"picked":"Singing Bowl","floor":96.0},{"not_picked":["Madness","Discovery","Good Instincts"],"picked":"Singing Bowl","floor":97.0},{"not_picked":["infinitespire:Punishment","hubris:Fate"],"picked":"infinitespire:FutureSight","floor":99.0},{"not_picked":["Hyperbeam","Core Surge"],"picked":"Thunder Strike","floor":101.0},{"not_picked":["Self Repair","Leap","Steam"],"picked":"Singing Bowl","floor":103.0},{"not_picked":["Compile Driver","Beam Cell","BootSequence"],"picked":"Singing Bowl","floor":106.0},{"not_picked":["Compile Driver","Scrape","Streamline"],"picked":"Singing Bowl","floor":107.0},{"not_picked":["infinitespire:DeathsTouch","infinitespire:Gouge"],"picked":"infinitespire:UltimateForm","floor":108.0},{"not_picked":["Consume","Hologram","Go for the Eyes"],"picked":"Singing Bowl","floor":108.0},{"not_picked":["Double Energy","Conserve Battery","Redo"],"picked":"Singing Bowl","floor":109.0},{"not_picked":["Leap","Rebound","Compile Driver"],"picked":"Singing Bowl","floor":110.0},{"not_picked":["Auto Shields","Hologram","Cold Snap"],"picked":"Singing Bowl","floor":112.0},{"not_picked":["Barrage","Skim","Leap"],"picked":"Singing Bowl","floor":113.0},{"not_picked":["Sweeping Beam","Beam Cell","Thunder Strike"],"picked":"Singing Bowl","floor":115.0},{"not_picked":["Reinforced Body","Coolheaded","Redo"],"picked":"Singing Bowl","floor":116.0},{"not_picked":["Electrodynamics","Core Surge"],"picked":"Buffer","floor":118.0},{"not_picked":["Rebound","FTL","Force Field+1"],"picked":"Singing Bowl","floor":120.0},{"not_picked":["Compile Driver","Sweeping Beam"],"picked":"Defragment","floor":121.0},{"not_picked":["FTL","Gash+1","Rebound"],"picked":"Singing Bowl","floor":122.0},{"not_picked":["Redo","Sunder","Coolheaded+1"],"picked":"Singing Bowl","floor":124.0},{"not_picked":["Turbo","Ball Lightning","Compile Driver"],"picked":"Singing Bowl","floor":126.0},{"not_picked":["DiskWipe+1","Skim","Doom and Gloom"],"picked":"Singing Bowl","floor":127.0},{"not_picked":["hubris:PowerSurge","Static Discharge","Leap"],"picked":"Singing Bowl","floor":131.0},{"not_picked":["Conserve Battery","Tempest+1","Go for the Eyes"],"picked":"Singing Bowl","floor":133.0},{"not_picked":["Multi-Cast","Creative AI","Reboot"],"picked":"Singing Bowl","floor":135.0},{"not_picked":["Barrage","Streamline+1"],"picked":"Glacier","floor":137.0},{"not_picked":["Redo","Sweeping Beam+1","RefreshScreen"],"picked":"Singing Bowl","floor":140.0},{"not_picked":["Go for the Eyes","Turbo","hubris:Prefetch"],"picked":"Singing Bowl","floor":142.0},{"not_picked":["Doom and Gloom+1","Barrage+1","Reprogram"],"picked":"Singing Bowl","floor":143.0},{"not_picked":["Genetic Algorithm","Glacier+1"],"picked":"Capacitor","floor":146.0},{"not_picked":["Compile Driver+1","Stack","Blizzard"],"picked":"Singing Bowl","floor":148.0},{"not_picked":["Force Field","White Noise","Self Repair"],"picked":"Singing Bowl","floor":149.0},{"not_picked":["Reboot","Multi-Cast"],"picked":"Amplify","floor":152.0},{"not_picked":["Fusion","RefreshScreen","Undo"],"picked":"Singing Bowl","floor":154}],"player_experience":626695,"relics_obtained":[{"floor":6.0,"key":"Cables"},{"floor":8.0,"key":"CCEMRelics:GrindingGear"},{"floor":9.0,"key":"Bottled Lightning"},{"floor":26.0,"key":"Singing Bowl"},{"floor":28.0,"key":"conspire:Dentures"},{"floor":38.0,"key":"Pantograph"},{"floor":40.0,"key":"Dota2Spire:BattleFury"},{"floor":42.0,"key":"infinitespire:Joker Card"},{"floor":43.0,"key":"CaptainsWheel"},{"floor":48.0,"key":"sneckomod:BlankCard"},{"floor":57.0,"key":"Dota2Spire:MagicBottle"},{"floor":60.0,"key":"qcfpunch:Not_Strongest_Fighting_Style_Guidebook"},{"floor":65.0,"key":"Letter Opener"},{"floor":74.0,"key":"reliquary:Sideboard"},{"floor":77.0,"key":"CCEMRelics:TeddyBear"},{"floor":106.0,"key":"Lantern"},{"floor":108.0,"key":"Whetstone"},{"floor":110.0,"key":"Dota2Spire:ShivaGuard"},{"floor":111.0,"key":"SpikesRelics:DaevaFist"},{"floor":112.0,"key":"Guardian:PocketSentry"},{"floor":116.0,"key":"Smiling Mask"},{"floor":126.0,"key":"hubris:DeckOfHolding"},{"floor":128.0,"key":"CCEMRelics:IronFruit"},{"floor":142.0,"key":"infinitespire:Satchel"},{"floor":143.0,"key":"qcfpunch:Lotus_Statue"},{"floor":145.0,"key":"CCEMRelics:FryingPan"},{"floor":146.0,"key":"hubris:BallOfYels"},{"floor":148.0,"key":"CCEMRelics:FakeTeeth"}],"event_choices":[{"damage_healed":0.0,"max_hp_gain":0.0,"max_hp_loss":0.0,"gold_gain":0.0,"event_name":"Accursed Blacksmith","player_choice":"Forge","floor":3.0,"gold_loss":0.0,"damage_taken":0.0,"cards_upgraded":["Zap"]},{"cards_removed":["Amplify"],"damage_healed":0.0,"max_hp_gain":10.0,"max_hp_loss":0.0,"gold_gain":0.0,"event_name":"Bonfire Elementals","player_choice":"Offered Rare","floor":30.0,"gold_loss":0.0,"damage_taken":0.0},{"cards_removed":["Strike_B"],"damage_healed":0.0,"max_hp_gain":0.0,"max_hp_loss":0.0,"gold_gain":0.0,"event_name":"The Cleric","player_choice":"Card Removal","floor":55.0,"gold_loss":50.0,"damage_taken":0.0},{"damage_healed":0.0,"max_hp_gain":0.0,"max_hp_loss":0.0,"gold_gain":0.0,"event_name":"conspire:Investor","player_choice":"Leave","floor":70.0,"gold_loss":0.0,"damage_taken":0.0},{"damage_healed":0.0,"max_hp_gain":0.0,"max_hp_loss":0.0,"gold_gain":100.0,"event_name":"Golden Shrine","player_choice":"Pray","floor":78.0,"gold_loss":0.0,"damage_taken":0.0},{"damage_healed":0.0,"max_hp_gain":0.0,"max_hp_loss":0.0,"gold_gain":0.0,"event_name":"SensoryStone","player_choice":"Memory 1","floor":97.0,"gold_loss":0.0,"damage_taken":0.0},{"cards_removed":["Strike_B"],"damage_healed":0.0,"max_hp_gain":0.0,"max_hp_loss":0.0,"gold_gain":0.0,"event_name":"The Cleric","player_choice":"Card Removal","floor":104.0,"gold_loss":50.0,"damage_taken":0.0},{"cards_removed":["Strike_B"],"damage_healed":0.0,"max_hp_gain":0.0,"max_hp_loss":0.0,"gold_gain":0.0,"event_name":"Wheel of Change","player_choice":"Card Removal","floor":123.0,"gold_loss":0.0,"damage_taken":0.0},{"cards_removed":["Strike_B"],"damage_healed":0.0,"max_hp_gain":0.0,"max_hp_loss":0.0,"gold_gain":0.0,"event_name":"Purifier","player_choice":"Purged","floor":129.0,"gold_loss":0.0,"damage_taken":0.0},{"damage_healed":0.0,"max_hp_gain":0.0,"max_hp_loss":0.0,"gold_gain":999.0,"event_name":"MindBloom","player_choice":"Gold","floor":139.0,"gold_loss":0.0,"damage_taken":0.0,"cards_obtained":["Normality","Normality"]},{"damage_healed":0.0,"max_hp_gain":0.0,"max_hp_loss":0.0,"gold_gain":0.0,"event_name":"Mysterious Sphere","player_choice":"Fight","floor":143.0,"gold_loss":0.0,"damage_taken":0.0},{"damage_healed":0,"gold_gain":0,"player_choice":"Fought Mushrooms","damage_taken":0,"max_hp_gain":0,"max_hp_loss":0,"event_name":"Mushrooms","floor":155,"gold_loss":0}],"is_beta":false,"boss_relics":[{"not_picked":["SlaversCollar","conspire:RoyalGoblet"],"picked":"AncientExoskeleton"},{"not_picked":["qcfpunch:Dark_Gi","CosmicIsotope"],"picked":"Runic Dome"},{"not_picked":["hubris:GrandSneckoEye","infinitespire:Cupcake","qcfpunch:Killian_Engine_Alpha"]},{"not_picked":["hubris:VirtuousBlindfold","infinitespire:Cupcake"],"picked":"Tiny House"},{"not_picked":["reliquary:RedCape","Runic Pyramid"],"picked":"expansioncontent:StudyCardRelic"},{"not_picked":["aspiration:FutureDiary","aspiration:PoetsPen_weak"],"picked":"Snecko Eye"},{"not_picked":["aspiration:IroncladSkillbook","aspiration:RunicSpoon"],"picked":"Sozu"},{"not_picked":["hubris:HollowSoul","aspiration:RitualDagger"],"picked":"Nuclear Battery"},{"not_picked":["reliquary:Ember","aspiration:SecretTechniqueScroll"],"picked":"reliquary:WritOfMandamus"}],"items_purged_floors":[141,150],"is_endless":true,"potions_floor_spawned":[8,12,18,24,27,28,33,36,40,45,47,48,52,53,57,64,65,67,72,79,80,84,86,90,91,106,108,109,112,113,116,121,126,127,131,133,137,146,148,152,154],"killed_by":"The Mushroom Lair","ascension_level":3}}