{"host":"j5j96s76v36ug78u","time":1613391463,"event":{"mods":["BaseMod","Better Third Choice","Downfall","Highlight Path","Minty Spire (QoL Compilation)","Reliquary","StSLib","The Animator"],"gold_per_floor":[152,152,191,245,362,362,419,419,419,485,566,566,566,566,566,664,664,728,767,867,17,80,105,173,243,293,293,346,346,356,418,418,520,520,531,626,718,718,789,789,824,24,24,63,98,98,158,222,222,222],"floor_reached":51,"language":"ENG","playtime":3322,"items_purged":["Strike_R","Strike_R"],"score":983,"play_id":"ee1f7fc6-5626-4064-a8ba-5d961e98502f","local_time":"20210215091743","is_ascension_mode":true,"campfire_choices":[{"data":"HandOfGreed","floor":6.0,"key":"SMITH"},{"data":"Battle Trance","floor":8.0,"key":"SMITH"},{"floor":12.0,"key":"REST"},{"floor":15.0,"key":"REST"},{"data":"1","floor":29.0,"key":"LIFT"},{"data":"2","floor":32,"key":"LIFT"},{"data":"3","floor":40,"key":"LIFT"},{"data":"Metallicize","floor":49,"key":"SMITH"}],"circlet_count":0,"master_deck":["Defend_R","Defend_R","Defend_R","Defend_R+1","Bash","HandOfGreed+1","Warcry+1","Battle Trance+1","Uppercut+1","Fiend Fire+1","Juggernaut","Pommel Strike+1","Wild Strike+1","Flash of Steel+1","Flex+1","Warcry+1","Iron Wave+1","Iron Wave+1","Bludgeon+1","Heavy Blade+1","Headbutt+1","Blood for Blood+1","Fire Breathing+1","Whirlwind+1","Metallicize+1","Mind Blast+1","PanicButton","Finesse","Shrug It Off+1","Wild Strike+1"],"relics":["Burning Blood","The Courier","Molten Egg 2","StrikeDummy","Lizard Tail","Dead Branch","Mark of Pain","Girya","Gremlin Horn","Pantograph","War Paint","Ancient Tea Set","Incense Burner","Empty Cage","FossilizedHelix","Thread and Needle","HandDrill","Vajra","Centennial Puzzle","Oddly Smooth Stone","Magic Flower","Strawberry","Question Card"],"acts_visited":["TheBeyond"],"potions_floor_usage":[41,45,50,50],"damage_taken":[{"damage":12.0,"enemies":"Small Slimes","floor":1.0,"turns":3.0},{"damage":2.0,"enemies":"Jaw Worm","floor":3.0,"turns":3.0},{"damage":0.0,"enemies":"2 Louse","floor":4.0,"turns":4.0},{"damage":28.0,"enemies":"Lots of Slimes","floor":5.0,"turns":7.0},{"damage":16.0,"enemies":"Gremlin Nob","floor":7.0,"turns":3.0},{"damage":4.0,"enemies":"2 Fungi Beasts","floor":10.0,"turns":2.0},{"damage":35.0,"enemies":"3 Sentries","floor":11.0,"turns":8.0},{"damage":0.0,"enemies":"Slime Boss","floor":16.0,"turns":3.0},{"damage":6.0,"enemies":"3 Byrds","floor":18.0,"turns":6.0},{"damage":34.0,"enemies":"Shell Parasite","floor":19.0,"turns":7.0},{"damage":9.0,"enemies":"3 Cultists","floor":22.0,"turns":4.0},{"damage":0.0,"enemies":"Gremlin Leader","floor":23.0,"turns":3.0},{"damage":7.0,"enemies":"Cultist and Chosen","floor":24.0,"turns":5.0},{"damage":6.0,"enemies":"Chosen and Byrds","floor":25.0,"turns":4.0},{"damage":15.0,"enemies":"Slavers","floor":28.0,"turns":3.0},{"damage":0.0,"enemies":"Snake Plant","floor":30.0,"turns":2.0},{"damage":0.0,"enemies":"Centurion and Healer","floor":31.0,"turns":5.0},{"damage":96,"enemies":"Automaton","floor":33,"turns":9},{"damage":13,"enemies":"Orb Walker","floor":35,"turns":4},{"damage":45,"enemies":"3 Shapes","floor":36,"turns":9},{"damage":23,"enemies":"Sphere and 2 Shapes","floor":37,"turns":9},{"damage":57,"enemies":"2 Orb Walkers","floor":39,"turns":5},{"damage":27,"enemies":"Reptomancer","floor":41,"turns":4},{"damage":0,"enemies":"Maw","floor":44,"turns":5},{"damage":0,"enemies":"Writhing Mass","floor":45,"turns":3},{"damage":0,"enemies":"Giant Head","floor":47,"turns":6},{"damage":7,"enemies":"4 Shapes","floor":48,"turns":7},{"damage":36,"enemies":"Time Eater","floor":50,"turns":8}],"seed_played":"3411293351820157675","potions_obtained":[{"floor":5.0,"key":"Fruit Juice"},{"floor":11.0,"key":"DistilledChaos"},{"floor":19.0,"key":"PowerPotion"},{"floor":22.0,"key":"Ancient Potion"},{"floor":23.0,"key":"Weak Potion"},{"floor":24.0,"key":"Explosive Potion"},{"floor":39,"key":"BloodPotion"},{"floor":41,"key":"sneckomod:MuddlingPotion"},{"floor":44,"key":"LiquidMemories"},{"floor":47,"key":"BloodPotion"},{"floor":48,"key":"champ:CounterPotion"}],"is_trial":false,"path_per_floor":["M","?","M","M","M","R","E","R","T","M","E","R","?","T","R","B",null,"M","M","?","$","M","E","M","M","T","?","E","R","M","M","R","B",null,"M","M","M","?","?","R","E","$","T","M","M","?","E","M","R","B",null],"character_chosen":"IRONCLAD","items_purchased":["Flash of Steel+1","EntropicBrew","Girya","Gremlin Horn","Pantograph","HandDrill","Vajra","Centennial Puzzle","Oddly Smooth Stone","Magic Flower"],"campfire_rested":2,"item_purchase_floors":[21,21,21,21,21,42,42,42,42,42],"current_hp_per_floor":[66,59,63,69,47,52,42,42,42,44,15,38,35,35,58,64,77,77,49,49,49,46,52,51,51,51,37,28,28,34,40,40,23,82,75,36,19,72,21,21,14,14,21,30,39,29,38,40,40,66],"gold":222,"neow_bonus":"RANDOM_COLORLESS_2","is_daily":false,"chose_seed":false,"campfire_upgraded":3,"win_rate":0.0,"timestamp":1613391463,"path_taken":["M","?","M","M","M","R","E","R","T","M","E","R","?","?","R","BOSS","M","M","?","$","M","E","?","M","T","?","E","R","M","M","R","BOSS","M","M","M","?","?","R","E","$","T","M","M","?","E","M","R","BOSS"],"items_purchased_type":["Card","Potion","Relic","Relic","Relic","Relic","Relic","Relic","Relic","Relic"],"build_version":"2020-12-22","purchased_purges":2,"victory":true,"max_hp_per_floor":[72,72,72,72,72,77,77,77,77,77,77,77,77,77,77,77,77,77,77,77,77,77,77,77,77,77,82,82,82,82,82,82,82,82,82,82,82,72,72,72,72,72,79,79,79,79,79,79,79,79],"card_choices":[{"not_picked":["Violence","Metamorphosis"],"picked":"HandOfGreed","floor":0.0},{"not_picked":["Clothesline","Anger"],"picked":"Warcry","floor":1.0},{"not_picked":["Thunderclap","Pummel"],"picked":"Battle Trance","floor":3.0},{"not_picked":["Cleave","Sever Soul","Entrench"],"picked":"SKIP","floor":4.0},{"not_picked":["Reckless Charge","Headbutt","Searing Blow"],"picked":"SKIP","floor":5.0},{"not_picked":["Cleave","Iron Wave","Dark Embrace"],"picked":"SKIP","floor":7.0},{"not_picked":["Heavy Blade+1","Clash+1"],"picked":"Uppercut+1","floor":10.0},{"not_picked":["Blood for Blood+1","Sword Boomerang+1"],"picked":"Fiend Fire+1","floor":11.0},{"not_picked":["Demon Form","Immolate+1"],"picked":"Juggernaut","floor":16.0},{"not_picked":["Shockwave","Iron Wave+1"],"picked":"Pommel Strike+1","floor":18.0},{"not_picked":["Twin Strike+1","Shrug It Off"],"picked":"Wild Strike+1","floor":19.0},{"not_picked":["Carnage+1","Armaments","Twin Strike+1"],"picked":"SKIP","floor":22.0},{"not_picked":["Infernal Blade","Thunderclap+1"],"picked":"Flex+1","floor":23.0},{"not_picked":["Sever Soul+1","Sword Boomerang+1"],"picked":"Warcry+1","floor":24.0},{"not_picked":["Iron Wave+1","Headbutt+1","Juggernaut"],"picked":"SKIP","floor":25.0},{"not_picked":["Reckless Charge+1","Wild Strike+1","Pummel+1"],"picked":"SKIP","floor":28.0},{"not_picked":["Shockwave+1","Carnage+1"],"picked":"Iron Wave+1","floor":30.0},{"not_picked":["Uppercut+1","Inflame"],"picked":"Iron Wave+1","floor":31.0},{"not_picked":["Demon Form","Corruption"],"picked":"Bludgeon+1","floor":33},{"not_picked":["Perfected Strike+1","Thunderclap+1"],"picked":"Heavy Blade+1","floor":35},{"not_picked":["Infernal Blade","Clothesline+1"],"picked":"Headbutt+1","floor":36},{"not_picked":["Body Slam+1","Thunderclap+1"],"picked":"Blood for Blood+1","floor":37},{"not_picked":["Heavy Blade+1","Shrug It Off"],"picked":"Fire Breathing+1","floor":39},{"not_picked":["Rampage+1","Exhume"],"picked":"Whirlwind+1","floor":41},{"not_picked":["Havoc","Shrug It Off+1"],"picked":"Metallicize","floor":44},{"not_picked":["Heavy Blade+1","Uppercut+1","Cleave+1"],"picked":"SKIP","floor":45},{"not_picked":["Finesse","Metamorphosis"],"picked":"Mind Blast+1","floor":46},{"not_picked":["Trip","Jack Of All Trades"],"picked":"PanicButton","floor":46},{"not_picked":["Impatience","Forethought"],"picked":"Finesse","floor":46},{"not_picked":["Clash+1","Fire Breathing"],"picked":"Shrug It Off+1","floor":47},{"not_picked":["Twin Strike+1","Power Through","Rupture"],"picked":"Wild Strike+1","floor":48}],"player_experience":238452,"relics_obtained":[{"floor":7.0,"key":"The Courier"},{"floor":9.0,"key":"Molten Egg 2"},{"floor":11.0,"key":"StrikeDummy"},{"floor":14.0,"key":"Dead Branch"},{"floor":23.0,"key":"War Paint"},{"floor":26.0,"key":"Ancient Tea Set"},{"floor":28.0,"key":"Incense Burner"},{"floor":39,"key":"FossilizedHelix"},{"floor":41,"key":"Thread and Needle"},{"floor":43,"key":"Strawberry"},{"floor":47,"key":"Question Card"}],"event_choices":[{"cards_removed":["Strike_R"],"damage_healed":0.0,"max_hp_gain":0.0,"max_hp_loss":0.0,"gold_gain":0.0,"event_name":"Golden Wing","player_choice":"Card Removal","floor":2.0,"gold_loss":0.0,"damage_taken":7.0},{"damage_healed":0.0,"max_hp_gain":0.0,"max_hp_loss":0.0,"gold_gain":0.0,"event_name":"Scrap Ooze","player_choice":"Success","floor":13.0,"gold_loss":0.0,"damage_taken":3.0,"relics_obtained":["Lizard Tail"]},{"damage_healed":0.0,"max_hp_gain":0.0,"max_hp_loss":0.0,"gold_gain":100.0,"event_name":"Golden Shrine","player_choice":"Pray","floor":20.0,"gold_loss":0.0,"damage_taken":0.0},{"damage_healed":0.0,"max_hp_gain":5.0,"max_hp_loss":0.0,"gold_gain":0.0,"event_name":"Forgotten Altar","player_choice":"Shed Blood","floor":27.0,"gold_loss":0.0,"damage_taken":19.0},{"damage_healed":72,"gold_gain":0,"player_choice":"Heal","damage_taken":0,"max_hp_gain":0,"max_hp_loss":10,"event_name":"The Moai Head","floor":38,"gold_loss":0},{"damage_healed":0,"gold_gain":0,"player_choice":"Fight","damage_taken":0,"max_hp_gain":0,"max_hp_loss":0,"event_name":"Mysterious Sphere","floor":39,"gold_loss":0},{"damage_healed":0,"gold_gain":0,"player_choice":"Memory 3","damage_taken":10,"max_hp_gain":0,"max_hp_loss":0,"event_name":"SensoryStone","floor":46,"gold_loss":0}],"is_beta":false,"boss_relics":[{"not_picked":["Ectoplasm","Pandora\u0027s Box"],"picked":"Mark of Pain"},{"not_picked":["Philosopher\u0027s Stone","Cursed Key"],"picked":"Empty Cage"}],"items_purged_floors":[21,42],"is_endless":false,"potions_floor_spawned":[5,11,19,22,23,24,39,41,44,47,48],"ascension_level":3}}