{"host":"yg1n0qads92lo9wl","time":1613357991,"event":{"mods":["BaseMod","Downfall","Luminous","Minty Spire (QoL Compilation)","StSLib","Warlord Emblem"],"gold_per_floor":[99,109,109,128,139,139,192,192,367,379,395,421,421,421,436,538,538,538,549,549,549,564,591,591,609,629,350,378,378,378,391,402,501,501,501,518,376,376,394,394,419,431,461,473,473,402,402,435,446,446],"floor_reached":51,"language":"ZHS","playtime":5683,"items_purged":["Doubt","champ:Defend","Parasite"],"score":821,"play_id":"2b2f0f10-764f-4337-ad4a-e257be827d74","local_time":"20210215105951","is_ascension_mode":true,"campfire_choices":[{"data":"champ:Improvising","floor":1.0,"key":"SMITH"},{"data":"champ:StanceDance","floor":8.0,"key":"SMITH"},{"floor":13.0,"key":"REST"},{"data":"champ:UltimateStance","floor":18.0,"key":"SMITH"},{"floor":29.0,"key":"REST"},{"data":"champ:IgnorePain","floor":35.0,"key":"SMITH"},{"data":"champ:CrownThrow","floor":40.0,"key":"SMITH"},{"data":"champ:FaceSlap","floor":45.0,"key":"SMITH"},{"data":"champ:HoldFirm","floor":47.0,"key":"SMITH"}],"circlet_count":0,"master_deck":["champ:Strike","champ:Strike","champ:Strike","champ:Defend","champ:Defend","champ:Defend","champ:Execute","champ:Taunt","champ:Improvising+1","champ:FanOfKnives","champ:StanceDance+1","champ:BringItOn","champ:CrookedStrike","champ:SetATrap","champ:CrownThrow+1","champ:Shatter","champ:UltimateStance+1","champ:PreciseThrust","champ:DefensiveShout","champ:DefensiveShout+1","champ:HoldFirm+1","champ:FocusedDefense","champ:GutPunch","champ:RisingSlash+1","champ:IgnorePain+1","champ:ViciousMockery+1","champ:Haymaker+1","champ:FaceSlap+1","champ:Lariat+1","champ:VampiricStrike","champ:Shatter+1","champ:HeartStrike+1"],"relics":["champ:ChampionCrown","Ornamental Fan","Boot","Gambling Chip","champ:DefensiveTrainingManual","SlaversCollar","PureWater","InkBottle","Sundial","Membership Card","Blood Vial","champ:FightingForDummies","Philosopher\u0027s Stone","Guardian:PocketSentry","Pen Nib","HornCleat","Thread and Needle","PreservedInsect","TheAbacus","Gremlin Horn"],"acts_visited":["Exordium","TheCity","TheBeyond"],"potions_floor_usage":[50,50,50],"damage_taken":[{"damage":12.0,"enemies":"2 Louse","floor":2.0,"turns":3.0},{"damage":16.0,"enemies":"Cultist","floor":4.0,"turns":4.0},{"damage":23.0,"enemies":"Small Slimes","floor":5.0,"turns":2.0},{"damage":16.0,"enemies":"Blue Slaver","floor":10.0,"turns":4.0},{"damage":11.0,"enemies":"3 Louse","floor":11.0,"turns":2.0},{"damage":36.0,"enemies":"3 Sentries","floor":12.0,"turns":5.0},{"damage":5.0,"enemies":"2 Fungi Beasts","floor":15.0,"turns":3.0},{"damage":43.0,"enemies":"SI_SHIV_ARCHETYPE","floor":16.0,"turns":8.0},{"damage":31.0,"enemies":"Chosen","floor":19.0,"turns":6.0},{"damage":16.0,"enemies":"Spheric Guardian","floor":22.0,"turns":3.0},{"damage":59.0,"enemies":"Gremlin Leader","floor":23.0,"turns":8.0},{"damage":53.0,"enemies":"3 Cultists","floor":25.0,"turns":5.0},{"damage":17.0,"enemies":"Shelled Parasite and Fungi","floor":26.0,"turns":5.0},{"damage":20.0,"enemies":"downfall:FleeingMerchant","floor":27.0,"turns":4.0},{"damage":18.0,"enemies":"Slavers","floor":28.0,"turns":4.0},{"damage":15.0,"enemies":"Centurion and Healer","floor":31.0,"turns":5.0},{"damage":35.0,"enemies":"3 Cultists","floor":32.0,"turns":4.0},{"damage":60.0,"enemies":"IC_MUSHROOM_ARCHETYPE","floor":33.0,"turns":5.0},{"damage":15.0,"enemies":"Orb Walker","floor":36.0,"turns":3.0},{"damage":30.0,"enemies":"downfall:FleeingMerchant","floor":37.0,"turns":4.0},{"damage":25.0,"enemies":"3 Darklings","floor":39.0,"turns":2.0},{"damage":25.0,"enemies":"Writhing Mass","floor":42.0,"turns":4.0},{"damage":31.0,"enemies":"Reptomancer","floor":43.0,"turns":5.0},{"damage":5.0,"enemies":"Sphere and 2 Shapes","floor":44.0,"turns":2.0},{"damage":45.0,"enemies":"downfall:FleeingMerchant","floor":46.0,"turns":4.0},{"damage":75.0,"enemies":"Giant Head","floor":48.0,"turns":5.0},{"damage":30.0,"enemies":"Spire Growth","floor":49.0,"turns":4.0},{"damage":141,"enemies":"WA_ARCHETYPE_DIVINITY","floor":50,"turns":10}],"seed_played":"6159419054933836862","potions_obtained":[{"floor":4.0,"key":"SkillPotion"},{"floor":10.0,"key":"LiquidBronze"},{"floor":16.0,"key":"Dexterity Potion"},{"floor":19.0,"key":"Explosive Potion"},{"floor":26.0,"key":"SkillPotion"},{"floor":28.0,"key":"Dexterity Potion"},{"floor":31.0,"key":"FairyPotion"},{"floor":32.0,"key":"GamblersBrew"},{"floor":43.0,"key":"champ:UltimateStancePotion"},{"floor":49.0,"key":"EntropicBrew"}],"is_trial":false,"path_per_floor":["R","M","?","M","M","?","T","R","?","M","M","E","R","T","M","B",null,"R","M","?","?","M","E","T","M","M","$","E","R","?","M","M","B",null,"R","M","$","?","M","R","T","M","E","M","R","$","R","E","M","B",null],"character_chosen":"THE_CHAMP","items_purchased":["Membership Card","Blood Vial","Guardian:PocketSentry","Thread and Needle","PreservedInsect","TheAbacus","ColorlessPotion","Weak Potion"],"campfire_rested":2,"item_purchase_floors":[27,27,37,46,46,46,46,46],"current_hp_per_floor":[90,88,83,82,69,44,44,44,44,43,42,21,48,48,48,35,90,90,79,79,79,73,59,59,41,39,39,33,60,60,62,64,41,90,90,90,90,75,77,77,77,84,74,76,76,78,78,80,82,61],"gold":446,"neow_bonus":"ONE_RANDOM_RARE_CARD","is_daily":false,"chose_seed":false,"campfire_upgraded":7,"win_rate":0.0,"timestamp":1613357991,"path_taken":["R","M","?","M","?","?","T","R","?","M","M","E","R","?","M","BOSS","R","M","?","?","?","E","T","M","M","$","E","R","?","?","M","BOSS","R","M","$","?","M","R","T","M","E","M","R","$","R","E","M","BOSS"],"items_purchased_type":["Relic","Relic","Relic","Relic","Relic","Relic","Potion","Potion"],"build_version":"2020-12-22","purchased_purges":3,"victory":true,"max_hp_per_floor":[90,90,90,90,90,90,90,90,90,90,90,90,90,90,90,90,90,90,90,90,90,90,90,90,90,90,90,90,90,90,90,90,90,90,90,90,90,90,90,90,90,90,90,90,90,87,87,87,87,87],"card_choices":[{"not_picked":["champ:ShieldWall","champ:ViciousMockery"],"picked":"champ:FanOfKnives","floor":2.0},{"not_picked":["champ:CalledShot","champ:BladeFlurry"],"picked":"champ:StanceDance","floor":4.0},{"not_picked":["champ:FlashCut","champ:CrookedStrike"],"picked":"champ:BringItOn","floor":5.0},{"not_picked":["champ:StanceDance","champ:ShieldSlam"],"picked":"champ:CrookedStrike","floor":10.0},{"not_picked":["champ:Shatter","champ:AdrenalArmor"],"picked":"champ:SetATrap","floor":11.0},{"not_picked":["champ:FanOfKnives","champ:IronFortress"],"picked":"champ:CrownThrow","floor":12.0},{"not_picked":["champ:HeartStrike","champ:Parry"],"picked":"champ:Shatter","floor":15.0},{"not_picked":["champ:EnchantShield","champ:StrikeOfGenius"],"picked":"champ:UltimateStance","floor":16.0},{"not_picked":["champ:DefensiveShout","champ:CrownThrow"],"picked":"champ:PreciseThrust","floor":19.0},{"not_picked":["champ:FalseCounter","champ:Backstep"],"picked":"champ:DefensiveShout","floor":22.0},{"not_picked":["champ:Circumvent","champ:SetATrap+1"],"picked":"champ:DefensiveShout+1","floor":23.0},{"not_picked":["champ:SkillfulDodge+1","champ:FocusedDefense+1"],"picked":"champ:HoldFirm","floor":25.0},{"not_picked":["champ:ShieldSigil","champ:Endure+1"],"picked":"champ:FocusedDefense","floor":26.0},{"not_picked":["champ:FalseCounter+1","champ:Circumvent","champ:BerserkerStyle"],"picked":"SKIP","floor":27.0},{"not_picked":["champ:FocusedDefense","champ:Encircle"],"picked":"champ:GutPunch","floor":28.0},{"not_picked":["champ:Shatter","champ:TornadoPunch+1"],"picked":"champ:RisingSlash+1","floor":31.0},{"not_picked":["champ:FanOfKnives","champ:ShieldSlam","champ:ShieldWall"],"picked":"SKIP","floor":32.0},{"not_picked":["champ:VampiricStrike","champ:HeavySlash"],"picked":"champ:IgnorePain","floor":33.0},{"not_picked":["champ:EnragedBash","champ:Parry"],"picked":"champ:ViciousMockery+1","floor":36.0},{"not_picked":["champ:Backstep","champ:CrownThrow","champ:IronFortress"],"picked":"SKIP","floor":37.0},{"not_picked":["champ:BladeFlurry+1","champ:Backstep"],"picked":"champ:Haymaker+1","floor":39.0},{"not_picked":["champ:EnchantShield","champ:GutPunch"],"picked":"champ:FaceSlap","floor":42.0},{"not_picked":["champ:Haymaker+1","champ:PreciseThrust+1"],"picked":"champ:Lariat+1","floor":43.0},{"not_picked":["champ:BringItOn+1","champ:EnGarde","champ:AdrenalArmor+1"],"picked":"SKIP","floor":44.0},{"not_picked":["champ:TornadoPunch+1","champ:FlashCut"],"picked":"champ:VampiricStrike","floor":46.0},{"not_picked":["champ:StanceDance","champ:TornadoPunch"],"picked":"champ:Shatter+1","floor":48.0},{"not_picked":["champ:Parry+1","champ:FlashCut+1"],"picked":"champ:HeartStrike+1","floor":49.0}],"player_experience":542829,"relics_obtained":[{"floor":7.0,"key":"Boot"},{"floor":12.0,"key":"Gambling Chip"},{"floor":14.0,"key":"champ:DefensiveTrainingManual"},{"floor":23.0,"key":"InkBottle"},{"floor":24.0,"key":"Sundial"},{"floor":28.0,"key":"champ:FightingForDummies"},{"floor":41.0,"key":"Pen Nib"},{"floor":43.0,"key":"HornCleat"},{"floor":48.0,"key":"Gremlin Horn"}],"event_choices":[{"damage_healed":0.0,"max_hp_gain":0.0,"max_hp_loss":0.0,"gold_gain":0.0,"event_name":"Scrap Ooze","player_choice":"Success","floor":6.0,"gold_loss":0.0,"damage_taken":25.0,"relics_obtained":["Ornamental Fan"]},{"damage_healed":0.0,"max_hp_gain":0.0,"max_hp_loss":0.0,"gold_gain":0.0,"event_name":"Vampires","player_choice":"Ignored","floor":20.0,"gold_loss":0.0,"damage_taken":0.0}],"is_beta":false,"boss_relics":[{"not_picked":["Snecko Eye","Sozu"],"picked":"SlaversCollar"},{"not_picked":["Astrolabe","Tiny House"],"picked":"Philosopher\u0027s Stone"}],"items_purged_floors":[27,37,46],"is_endless":false,"potions_floor_spawned":[4,10,16,19,22,26,28,31,32,36,43,49],"ascension_level":2}}