{"host":"v2dduvbp7qmigila","time":1613384963,"event":{"mods":["100% Spire Juice","BaseMod","GifTheSpireLib","Marisa£®ÏF”Í°°ƒß¿Ì…≥£©","Minty Spire (QoL Compilation)","Remilia£®¿Ÿ√◊¿Ú—«£©","StSLib","Waifu the Spire"],"gold_per_floor":[109,59,59,69,120,450,464,464,464,464,494,511,511,542,542,647,647,659,677,677,697,697,697,250,250,250,267,267,367,184,198,198,302,302,315,315,117,131,131,131,146,146,146,146,165,215,233,244,244,244],"floor_reached":51,"language":"ZHS","playtime":2556,"items_purged":["Strike_MRS","Strike_MRS","DeepEcoloBomb+1"],"score":740,"play_id":"1def0c25-4be4-45dd-9ab5-0d5530ef491b","local_time":"20210215182923","is_ascension_mode":false,"campfire_choices":[{"data":"AbsoluteMagnitude","floor":8.0,"key":"SMITH"},{"data":"DarkMatter","floor":10.0,"key":"SMITH"},{"data":"UpSweep","floor":13.0,"key":"SMITH"},{"data":"OrrerysSun","floor":15.0,"key":"SMITH"},{"data":"SatelliteIllusion","floor":23,"key":"SMITH"},{"data":"ChargingUp","floor":25,"key":"SMITH"},{"data":"EventHorizon","floor":28,"key":"SMITH"},{"floor":32,"key":"REST"},{"data":"Occultation","floor":40,"key":"SMITH"},{"data":"Discovery","floor":42,"key":"SMITH"},{"data":"SatelliteIllusion","floor":49,"key":"SMITH"}],"circlet_count":0,"master_deck":["Defend_MRS+1","Defend_MRS+1","MasterSpark","UpSweep+1","MilkyWay","6A","AbsoluteMagnitude+1","DarkMatter+1","OrrerysSun+1","SatelliteIllusion+1","GravityBeat","EventHorizon+1","MasterSpark","Pride","ChargingUp+1","Parasite","Parasite","AsteroidBelt","OortCloud+1","CasketOfStar","AbsoluteMagnitude+1","MysteriousBeam+1","EnergyFlow","Occultation+1","Discovery+1","GalacticHalo+1","SatelliteIllusion+1"],"relics":["MiniHakkero","Blood Vial","Old Coin","Shuriken","Centennial Puzzle","Matryoshka","Sozu","GreatHeart","ShroomBag","Juzu Bracelet","Bottled Lightning","Gremlin Horn","CaptainsWheel","Kunai","Astrolabe","Pear","Gambling Chip","Mango"],"acts_visited":["Exordium","TheCity","TheBeyond"],"potions_floor_usage":[21,29,50],"damage_taken":[{"damage":1.0,"enemies":"Jaw Worm","floor":1.0,"turns":3.0},{"damage":0.0,"enemies":"Small Slimes","floor":4.0,"turns":3.0},{"damage":4.0,"enemies":"Lagavulin","floor":6.0,"turns":7.0},{"damage":1.0,"enemies":"Cultist","floor":7.0,"turns":3.0},{"damage":6.0,"enemies":"Gremlin Nob","floor":11.0,"turns":5.0},{"damage":5.0,"enemies":"Looter","floor":12.0,"turns":3.0},{"damage":13.0,"enemies":"Lagavulin","floor":14.0,"turns":5.0},{"damage":27.0,"enemies":"Hexaghost","floor":16.0,"turns":10.0},{"damage":0,"enemies":"Shell Parasite","floor":18,"turns":6},{"damage":7,"enemies":"Chosen","floor":19,"turns":5},{"damage":1,"enemies":"Sentry and Sphere","floor":21,"turns":5},{"damage":11,"enemies":"Centurion and Healer","floor":27,"turns":5},{"damage":41,"enemies":"Colosseum Slavers","floor":29,"turns":6},{"damage":0,"enemies":"Colosseum Nobs","floor":29,"turns":5},{"damage":23,"enemies":"Snake Plant","floor":31,"turns":3},{"damage":24,"enemies":"Automaton","floor":33,"turns":10},{"damage":12,"enemies":"3 Shapes","floor":35,"turns":3},{"damage":2,"enemies":"3 Darklings","floor":38,"turns":4},{"damage":13,"enemies":"Writhing Mass","floor":41,"turns":6},{"damage":0,"enemies":"Spire Growth","floor":45,"turns":3},{"damage":0,"enemies":"Mind Bloom Boss Battle","floor":46,"turns":6},{"damage":22,"enemies":"Transient","floor":47,"turns":5},{"damage":9,"enemies":"Sphere and 2 Shapes","floor":48,"turns":2},{"damage":41,"enemies":"Donu and Deca","floor":50,"turns":5}],"seed_played":"5656267481147779062","potions_obtained":[{"floor":4.0,"key":"Regen Potion"},{"floor":6.0,"key":"LiquidMemories"},{"floor":11.0,"key":"ColorlessPotion"},{"floor":16.0,"key":"BlessingOfTheForge"}],"is_trial":false,"path_per_floor":["M","?","?","M","T","E","M","R","T","R","E","M","R","E","R","B",null,"M","M","?","M","?","R","$","R","T","M","R","?","$","M","R","B",null,"M","?","$","M","?","R","M","R","T","$","M","?","M","M","R","B",null],"character_chosen":"MARISA","items_purchased":["ChargingUp","ShroomBag","Juzu Bracelet","AsteroidBelt","OortCloud","EnergyFlow"],"campfire_rested":1,"item_purchase_floors":[24,24,24,30,30,37],"current_hp_per_floor":[74,74,59,59,59,57,58,58,58,58,54,51,51,40,40,30,75,75,68,68,69,69,69,69,69,69,64,64,35,35,18,40,22,75,67,67,67,71,71,71,64,64,74,74,80,99,81,76,76,41],"gold":244,"neow_bonus":"TRANSFORM_CARD","is_daily":false,"chose_seed":false,"campfire_upgraded":10,"win_rate":0.0,"timestamp":1613384963,"path_taken":["M","?","?","M","?","E","?","R","T","R","E","M","R","E","R","BOSS","M","M","?","?","?","R","?","R","T","M","R","?","$","M","R","BOSS","M","?","$","M","?","R","M","R","T","$","M","?","M","M","R","BOSS"],"items_purchased_type":["Card","Relic","Relic","Card","Card","Card"],"build_version":"2020-12-22","purchased_purges":3,"victory":true,"max_hp_per_floor":[75,75,75,75,75,75,75,75,75,75,75,75,75,75,75,75,75,75,75,75,75,75,75,75,75,75,75,75,75,75,75,75,75,75,75,75,75,75,75,75,75,75,85,85,85,99,99,99,99,99],"card_choices":[{"not_picked":["UnstableBomb","EarthLightRay"],"picked":"MilkyWay","floor":1.0},{"not_picked":["UnstableBomb","GrandCross"],"picked":"6A","floor":4.0},{"not_picked":["EarthLightRay","AsteroidBelt"],"picked":"AbsoluteMagnitude","floor":6.0},{"not_picked":["IllusionStar","ShootTheMoon"],"picked":"DarkMatter","floor":7.0},{"not_picked":["NonDirectionalLaser","SporeBomb","Robbery"],"picked":"SKIP","floor":11.0},{"not_picked":["UnstableBomb","ManaConvection","WitchLeyline"],"picked":"SKIP","floor":12.0},{"not_picked":["DarkSpark","Acceleration"],"picked":"OrrerysSun","floor":14.0},{"not_picked":["AbsoluteMagnitude","TreasureHunter"],"picked":"SatelliteIllusion","floor":16.0},{"not_picked":["Acceleration","MysteriousBeam"],"picked":"GravityBeat","floor":18},{"not_picked":["StarlightTyphoon","GrandCross"],"picked":"EventHorizon","floor":19},{"not_picked":["ShootTheMoon","PowerUp","IllusionStar"],"picked":"SKIP","floor":21},{"not_picked":["DC","AlicesGift","LuminesStrike"],"picked":"SKIP","floor":27},{"not_picked":["SuperPerseids","AsteroidBelt","ChargingUp"],"picked":"SKIP","floor":31},{"not_picked":["BlazingStar","MaximisePower"],"picked":"CasketOfStar","floor":33},{"not_picked":["ChargeUpSpray","IllusionStar+1","MagicAbsorber+1"],"picked":"SKIP","floor":35},{"not_picked":["ShootingEcho","Acceleration"],"picked":"Occultation","floor":38},{"not_picked":["Violence","Dark Shackles"],"picked":"Discovery","floor":39},{"not_picked":["WitchLeyline+1","EarthLightRay"],"picked":"GalacticHalo+1","floor":41},{"not_picked":["UnstableBomb+1","LuminesStrike+1","DarkMatter"],"picked":"SKIP","floor":45},{"not_picked":["OortCloud","ShootingEcho"],"picked":"SatelliteIllusion","floor":47},{"not_picked":["NonDirectionalLaser+1","MysteriousBeam+1","OrrerysSun+1"],"picked":"SKIP","floor":48}],"player_experience":21381,"relics_obtained":[{"floor":5.0,"key":"Blood Vial"},{"floor":6.0,"key":"Old Coin"},{"floor":9.0,"key":"Shuriken"},{"floor":11.0,"key":"Centennial Puzzle"},{"floor":14.0,"key":"Matryoshka"},{"floor":26,"key":"Bottled Lightning"},{"floor":26,"key":"Gremlin Horn"},{"floor":29,"key":"CaptainsWheel"},{"floor":29,"key":"Kunai"},{"floor":43,"key":"Pear"},{"floor":43,"key":"Gambling Chip"},{"floor":46,"key":"Mango"}],"event_choices":[{"cards_removed":["Strike_MRS"],"damage_healed":0.0,"max_hp_gain":0.0,"max_hp_loss":0.0,"gold_gain":0.0,"event_name":"The Cleric","player_choice":"Card Removal","floor":2.0,"gold_loss":50.0,"damage_taken":0.0},{"damage_healed":0.0,"max_hp_gain":0.0,"max_hp_loss":0.0,"gold_gain":0.0,"event_name":"Shining Light","player_choice":"Entered Light","floor":3.0,"gold_loss":0.0,"damage_taken":15.0,"cards_upgraded":["Defend_MRS","Defend_MRS"]},{"damage_healed":0,"gold_gain":0,"player_choice":"1 cards matched","damage_taken":0,"max_hp_gain":0,"max_hp_loss":0,"event_name":"Match and Keep!","floor":20,"gold_loss":0,"cards_obtained":["MasterSpark"]},{"damage_healed":0,"gold_gain":0,"player_choice":"Fight","damage_taken":0,"max_hp_gain":0,"max_hp_loss":0,"event_name":"Colosseum","floor":29,"gold_loss":0},{"damage_healed":0,"gold_gain":0,"player_choice":"Fought Nobs","damage_taken":0,"max_hp_gain":0,"max_hp_loss":0,"event_name":"Colosseum","floor":29,"gold_loss":0},{"damage_healed":0,"gold_gain":0,"player_choice":"Forge","damage_taken":0,"max_hp_gain":0,"max_hp_loss":0,"event_name":"Accursed Blacksmith","floor":36,"gold_loss":0,"cards_upgraded":["OortCloud"]},{"damage_healed":0,"gold_gain":0,"player_choice":"Memory 1","damage_taken":0,"max_hp_gain":0,"max_hp_loss":0,"event_name":"SensoryStone","floor":39,"gold_loss":0},{"damage_healed":0,"gold_gain":0,"player_choice":"Fight","damage_taken":0,"max_hp_gain":0,"max_hp_loss":0,"event_name":"MindBloom","floor":46,"gold_loss":0}],"is_beta":false,"boss_relics":[{"not_picked":["Empty Cage","BewitchedHakkero"],"picked":"Sozu"},{"not_picked":["Cursed Key","Runic Pyramid"],"picked":"Astrolabe"}],"items_purged_floors":[24,30,37],"is_endless":false,"potions_floor_spawned":[4,6,11,14,16,18,27,31,35,48],"ascension_level":0}}