{"host":"ufhw4cf0hh51lveu","time":1613394352,"event":{"mods":["BaseMod","DeckTracker","Minty Spire (QoL Compilation)","SuperFastMode"],"gold_per_floor":[118,51,63,63,75,110,110,123,123,48,48,148,164,194,194,293,293,313,328,177,177,188,188,202,230,256,274,274,274,274],"floor_reached":29,"language":"KOR","playtime":1221,"items_purged":["Strike_R","Strike_R"],"score":255,"play_id":"bf0b834d-49a6-4f68-a117-3ceb5d291705","local_time":"20210215220552","is_ascension_mode":false,"campfire_choices":[{"data":"Entrench","floor":7,"key":"SMITH"},{"floor":15,"key":"REST"},{"floor":23,"key":"REST"}],"circlet_count":0,"master_deck":["Strike_R+1","Strike_R","Defend_R","Defend_R+1","Bash","Power Through","Entrench+1","Anger","Iron Wave","Ghostly Armor","Ghostly Armor","Fiend Fire","Wild Strike+1","Dark Embrace+1","Body Slam+1","Body Slam","Armaments","True Grit+1","Feel No Pain","Cleave+1"],"relics":["Velvet Choker","MealTicket","Shuriken","Girya","Astrolabe","Nilry\u0027s Codex","Bronze Scales","Potion Belt"],"acts_visited":["Exordium","TheCity"],"potions_floor_usage":[5,19,22,22,27],"damage_taken":[{"damage":6,"enemies":"Cultist","floor":1,"turns":3},{"damage":2,"enemies":"Small Slimes","floor":3,"turns":3},{"damage":4,"enemies":"2 Louse","floor":5,"turns":3},{"damage":17,"enemies":"3 Sentries","floor":6,"turns":14},{"damage":0,"enemies":"Gremlin Gang","floor":8,"turns":7},{"damage":0,"enemies":"Exordium Wildlife","floor":13,"turns":5},{"damage":7,"enemies":"Gremlin Nob","floor":14,"turns":5},{"damage":22,"enemies":"The Guardian","floor":16,"turns":12},{"damage":3,"enemies":"Spheric Guardian","floor":18,"turns":4},{"damage":6,"enemies":"Shell Parasite","floor":19,"turns":4},{"damage":31,"enemies":"Sentry and Sphere","floor":22,"turns":8},{"damage":6,"enemies":"Snake Plant","floor":24,"turns":4},{"damage":46,"enemies":"Slavers","floor":25,"turns":8},{"damage":10,"enemies":"Centurion and Healer","floor":27,"turns":9},{"damage":2,"enemies":"3 Cultists","floor":29,"turns":2}],"seed_played":"-9065330311695870509","potions_obtained":[{"floor":5,"key":"Fruit Juice"},{"floor":8,"key":"SpeedPotion"},{"floor":13,"key":"Explosive Potion"},{"floor":18,"key":"FearPotion"},{"floor":24,"key":"Energy Potion"},{"floor":27,"key":"Dexterity Potion"}],"is_trial":false,"path_per_floor":["M","$","M","$","M","E","R","M","T","$","?","?","M","E","R","B",null,"M","M","$","?","M","R","M","E","T","M","?","M"],"character_chosen":"IRONCLAD","items_purchased":["Power Through","Armaments"],"campfire_rested":2,"item_purchase_floors":[2,20],"current_hp_per_floor":[74,74,72,72,73,56,56,56,56,71,54,54,54,47,72,50,85,82,76,85,69,38,63,57,11,11,1,1,0,0],"gold":274,"neow_bonus":"BOSS_RELIC","is_daily":false,"chose_seed":false,"campfire_upgraded":1,"win_rate":0.0,"timestamp":1613394352,"path_taken":["M","$","M","?","M","E","R","M","T","$","?","?","M","E","R","BOSS","M","?","$","?","M","R","M","E","T","M","?","M"],"items_purchased_type":["Card","Card"],"build_version":"2020-12-22","purchased_purges":2,"victory":false,"max_hp_per_floor":[80,80,80,80,85,85,85,85,85,85,85,85,85,85,85,85,85,85,85,85,85,85,85,85,85,85,85,85,85,85],"card_choices":[{"not_picked":["Warcry","Hemokinesis","Clash"],"picked":"SKIP","floor":1},{"not_picked":["Thunderclap","Dark Embrace"],"picked":"Entrench","floor":3},{"not_picked":["Perfected Strike","Rupture"],"picked":"Anger","floor":5},{"not_picked":["Twin Strike","Reckless Charge"],"picked":"Iron Wave","floor":6},{"not_picked":["Wild Strike","Seeing Red"],"picked":"Ghostly Armor","floor":8},{"not_picked":["Cleave","Twin Strike"],"picked":"Ghostly Armor","floor":13},{"not_picked":["Cleave","Thunderclap"],"picked":"Ghostly Armor","floor":14},{"not_picked":["Demon Form","Berserk"],"picked":"Fiend Fire","floor":16},{"not_picked":["Twin Strike","Clothesline","Headbutt"],"picked":"SKIP","floor":18},{"not_picked":["Dual Wield","Iron Wave+1"],"picked":"Body Slam","floor":19},{"not_picked":["Clothesline","Spot Weakness+1","Rupture"],"picked":"SKIP","floor":22},{"not_picked":["Anger","Shockwave"],"picked":"True Grit+1","floor":24},{"not_picked":["Sword Boomerang","Headbutt"],"picked":"Feel No Pain","floor":25},{"not_picked":["Uppercut+1","Flex"],"picked":"Cleave+1","floor":27}],"player_experience":19319,"relics_obtained":[{"floor":6,"key":"MealTicket"},{"floor":9,"key":"Shuriken"},{"floor":14,"key":"Girya"},{"floor":21,"key":"Nilry\u0027s Codex"},{"floor":25,"key":"Bronze Scales"},{"floor":26,"key":"Potion Belt"}],"event_choices":[{"damage_healed":0,"gold_gain":0,"player_choice":"Entered Light","damage_taken":17,"max_hp_gain":0,"max_hp_loss":0,"event_name":"Shining Light","floor":11,"gold_loss":0,"cards_upgraded":["Strike_R","Defend_R"]},{"damage_healed":0,"gold_gain":100,"player_choice":"Pray","damage_taken":0,"max_hp_gain":0,"max_hp_loss":0,"event_name":"Golden Shrine","floor":12,"gold_loss":0},{"damage_healed":0,"gold_gain":0,"player_choice":"Obtained Book","damage_taken":16,"max_hp_gain":0,"max_hp_loss":0,"event_name":"Cursed Tome","floor":21,"gold_loss":0},{"cards_removed":["Strike_R"],"damage_healed":0,"gold_gain":0,"player_choice":"Elegance","damage_taken":0,"max_hp_gain":0,"max_hp_loss":0,"event_name":"Back to Basics","floor":28,"gold_loss":0}],"is_beta":false,"boss_relics":[{"not_picked":["Busted Crown","Snecko Eye"],"picked":"Astrolabe"}],"items_purged_floors":[10,20],"is_endless":false,"potions_floor_spawned":[5,8,13,18,24,27],"killed_by":"3 Cultists","ascension_level":0}}