{"host":"n605f8gctjc87d7h","time":1613413386,"event":{"mods":["Aspiration","Bard","BaseMod","Better Match","Better Note","Better Skull","Better Third Choice","Conspire","Downfall","Halation","Hermit","Infinite Spire","Minty Spire (QoL Compilation)","Reliquary","Replay The Spire","Retaliation","Shade Mod","Spicy Shops","StSLib","The IronCluck","The Jungle","The Runesmith"],"gold_per_floor":[119,135,135,146,146,146,175,175,245,77,93,119,145,175,175,253,253,266,102,102,102,118,118,118,118,118,129,163,163,181,210,210,210,210],"floor_reached":33,"language":"ENG","playtime":2223,"items_purged":["Strike_R"],"score":542,"play_id":"62f632ff-506c-4880-9831-f4b2bdb20411","local_time":"20210215102306","is_ascension_mode":true,"campfire_choices":[{"data":"Metallicize","floor":6.0,"key":"SMITH"},{"floor":8.0,"key":"REST"},{"floor":15,"key":"REST"},{"floor":23,"key":"REST"},{"data":"conspire:Charge","floor":25,"key":"SMITH"},{"data":"Bash","floor":29,"key":"SMITH"},{"floor":32,"key":"REST"}],"circlet_count":0,"master_deck":["AscendersBane","Strike_R","Strike_R","Strike_R","Strike_R","Defend_R+1","Defend_R","Defend_R+1","Defend_R","Bash+1","Headbutt","Metallicize+1","ReplayTheSpireMod:Muscle Training","conspire:Charge+1","Combust+1","Feed","Perfected Strike+1"],"relics":["Burning Blood","aspiration:Nostalgia","Slimebound:AbsorbEndCombat","NlothsMask","infinitespire:PuzzleCube","War Paint","Replay:Baseball","Toy Ornithopter","ReplayTheSpireMod:Lightbulb","Happy Flower","Slimebound:PreparedRelic","Molten Egg 2","Lantern","Snack Pack"],"acts_visited":["Exordium","TheCity"],"potions_floor_usage":[18,28,31],"damage_taken":[{"damage":15.0,"enemies":"2 Louse","floor":1.0,"turns":4.0},{"damage":6.0,"enemies":"Cultist","floor":2.0,"turns":4.0},{"damage":7.0,"enemies":"Jaw Worm","floor":4.0,"turns":5.0},{"damage":42.0,"enemies":"Lagavulin","floor":7.0,"turns":8.0},{"damage":4.0,"enemies":"Red Slaver","floor":11.0,"turns":6.0},{"damage":19.0,"enemies":"Gremlin Nob","floor":12.0,"turns":4.0},{"damage":22.0,"enemies":"3 Sentries","floor":14.0,"turns":7.0},{"damage":22,"enemies":"Fading Forest","floor":16,"turns":11},{"damage":18,"enemies":"Spheric Guardian","floor":18,"turns":5},{"damage":34,"enemies":"3 Byrds","floor":22,"turns":4},{"damage":10,"enemies":"Centurion and Healer","floor":27,"turns":5},{"damage":11,"enemies":"conspire:Head Lice","floor":28,"turns":6},{"damage":9,"enemies":"Snecko","floor":30,"turns":4},{"damage":50,"enemies":"conspire:SneckoGhost","floor":31,"turns":7},{"damage":56,"enemies":"Champ","floor":33,"turns":9}],"seed_played":"5453155691959418921","potions_obtained":[{"floor":2.0,"key":"Adrenaline Potion"},{"floor":12.0,"key":"BloodPotion"},{"floor":16,"key":"FearPotion"},{"floor":18,"key":"Dexterity Potion"},{"floor":22,"key":"Block Potion"}],"is_trial":false,"path_per_floor":["M","M","?","M","$","R","E","R","T","$","M","E","T","E","R","B",null,"M","$","?","$","M","R","AVR","R","T","M","E","R","M","E","R","B"],"character_chosen":"IRONCLAD","items_purchased":["War Paint","Happy Flower"],"campfire_rested":4,"item_purchase_floors":[10,19],"current_hp_per_floor":[59,59,59,58,58,58,22,44,44,44,46,33,53,37,59,43,67,60,60,60,60,32,54,54,54,54,50,50,50,50,11,34,0,0],"gold":210,"neow_bonus":"NOSTALGIA","is_daily":false,"chose_seed":false,"campfire_upgraded":3,"win_rate":0.0,"timestamp":1613413386,"path_taken":["M","M","?","?","$","R","E","R","T","?","M","E","?","E","R","BOSS","M","$","?","$","M","R","AVR","R","T","?","E","R","M","E","R","BOSS"],"items_purchased_type":["Relic","Relic"],"build_version":"2020-12-22","purchased_purges":1,"victory":false,"max_hp_per_floor":[75,75,75,75,75,75,75,75,75,75,75,75,75,75,75,75,75,75,75,75,75,75,75,75,75,75,75,75,75,78,78,78,78,78],"card_choices":[{"not_picked":["Abandon","DDmod:PokeAttack"],"picked":"Headbutt","floor":1.0},{"not_picked":["DDmod:SpikeInjectionSkill","DDmod:UnstoppableAttack"],"picked":"Metallicize","floor":2.0},{"not_picked":["ReplayTheSpireMod:Limb From Limb","Body Slam","Sword Boomerang"],"picked":"SKIP","floor":4.0},{"not_picked":["Pommel Strike","Disarm"],"picked":"ReplayTheSpireMod:Muscle Training","floor":7.0},{"not_picked":["DDmod:RapidStrikeAttack","Clash"],"picked":"conspire:Charge","floor":11.0},{"not_picked":["Burning Pact","Pommel Strike","Clothesline"],"picked":"SKIP","floor":12.0},{"not_picked":["infinitespire:OneForAll","Entrench"],"picked":"Combust","floor":14.0},{"not_picked":["Demonic Infusion","Brutality"],"picked":"Feed","floor":16},{"not_picked":["Bloodletting","Body Slam","Pommel Strike"],"picked":"SKIP","floor":18},{"not_picked":["Headbutt","ReplayReversal","Combust"],"picked":"SKIP","floor":22},{"not_picked":["Anger+1","Power Through"],"picked":"Perfected Strike+1","floor":27},{"not_picked":["Sentinel","Shockwave","Infernal Blade"],"picked":"SKIP","floor":28},{"not_picked":["Flame Barrier","Pummel+1","Anger+1"],"picked":"SKIP","floor":30},{"not_picked":["Wild Strike+1","DDmod:PokeAttack+1","Anger+1"],"picked":"SKIP","floor":31}],"player_experience":875442,"relics_obtained":[{"floor":7.0,"key":"infinitespire:PuzzleCube"},{"floor":12.0,"key":"Replay:Baseball"},{"floor":13.0,"key":"Toy Ornithopter"},{"floor":14.0,"key":"ReplayTheSpireMod:Lightbulb"},{"floor":26,"key":"Molten Egg 2"},{"floor":28,"key":"Lantern"},{"floor":31,"key":"Snack Pack"}],"event_choices":[{"damage_healed":0.0,"max_hp_gain":0.0,"max_hp_loss":0.0,"gold_gain":0.0,"event_name":"FaceTrader","player_choice":"Trade","floor":3.0,"gold_loss":0.0,"damage_taken":0.0,"relics_obtained":["NlothsMask"]},{"damage_healed":0,"gold_gain":0,"player_choice":"Upgraded","damage_taken":0,"max_hp_gain":0,"max_hp_loss":0,"event_name":"Upgrade Shrine","floor":20,"gold_loss":0,"cards_upgraded":["Combust"]}],"is_beta":false,"boss_relics":[{"not_picked":["infinitespire:Burning Sword","Fusion Hammer","halation:MonkeysPaw"]}],"items_purged_floors":[24],"is_endless":false,"potions_floor_spawned":[2,12,16,18,22,27],"killed_by":"Champ","ascension_level":16}}