{"host":"1445u9fdo06cpl2a","time":1613416587,"event":{"mods":["AchievementEnabler","Aspiration","Astrologer","Bard","BaseMod","Better Skull","BetterRewards","Colored Map","Colored Powertips","Conspire","Curses Come First","DeckTracker","Duelist Mod","GifTheSpireLib","GungeonMod","Halation","Hermit","Highlight Path","Hubris","Infinite Spire","Minty Spire (QoL Compilation)","Permanent Neow","Random Character Button","Rare Cards Sparkle","Replay The Spire","Shop Mod","Spire Arcade","StSLib","Stuff the Spire","Td1madao Mod","The Blackbeard","The Bladedancer","The Construct","The Cursed","The Forsaken","The Gatherer","The Hierophant","The Marked","The Mystic","The Necromancer","The Poker Player","The Runesmith","The Saiyan"],"gold_per_floor":[113,113,130,143,162,162,192,192,192,205,229,229,229],"floor_reached":12,"language":"ENG","playtime":4293,"items_purged":[],"score":80,"play_id":"2ea4fc58-4c2b-4399-8635-fc9246156531","local_time":"20210215191627","is_ascension_mode":false,"campfire_choices":[{"data":"hierophant:ChurchCoffers","floor":6,"key":"SMITH"}],"circlet_count":0,"master_deck":["hierophant:Strike_Hierophant","hierophant:Strike_Hierophant","hierophant:Strike_Hierophant","hierophant:Punish","hierophant:Defend_Hierophant","hierophant:Defend_Hierophant","hierophant:Defend_Hierophant","hierophant:Defend_Hierophant","hierophant:ChurchCoffers+1","hierophant:HolyVerse","hierophant:MorningPrayer","hierophant:Alms","hierophant:OrnateBuckler","hierophant:PassingBell","hierophant:Exaltation"],"relics":["hierophant:PropheticMaskRelic","hubris:Towel","Singing Bowl","Boot"],"acts_visited":["Exordium"],"potions_floor_usage":[],"damage_taken":[{"damage":0,"enemies":"Small Slimes","floor":1,"turns":2},{"damage":0,"enemies":"conspire:RoseBush","floor":3,"turns":4},{"damage":0,"enemies":"Jaw Worm","floor":4,"turns":2},{"damage":11,"enemies":"Large Slime","floor":5,"turns":7},{"damage":22,"enemies":"Replay:BlueRogue","floor":7,"turns":14},{"damage":13,"enemies":"Exordium Thugs","floor":10,"turns":3},{"damage":41,"enemies":"Lagavulin","floor":12,"turns":9}],"seed_played":"-771993303053774481","potions_obtained":[{"floor":7,"key":"Strength Potion"},{"floor":10,"key":"SteroidPotion"}],"is_trial":false,"path_per_floor":["M","?","M","M","M","R","E","PTL","PTL","M","T","E"],"character_chosen":"HIEROPHANT","items_purchased":[],"campfire_rested":0,"item_purchase_floors":[],"current_hp_per_floor":[75,75,75,75,64,64,42,42,42,29,29,0,0],"gold":229,"neow_bonus":"TRANSFORM_CARD","is_daily":false,"chose_seed":false,"campfire_upgraded":1,"win_rate":0.0,"timestamp":1613416587,"path_taken":["M","?","M","M","M","R","E","PTL","PTL","M","T","E"],"items_purchased_type":[],"build_version":"2020-12-22","purchased_purges":0,"victory":false,"max_hp_per_floor":[75,75,75,75,75,75,75,75,75,75,75,75,75],"card_choices":[{"not_picked":["hierophant:FlamingChariot","hierophant:Chorus"],"picked":"hierophant:MorningPrayer","floor":1},{"not_picked":["hierophant:Purify","hierophant:CoinFling","hierophant:HammerAndAnvil"],"picked":"SKIP","floor":3},{"not_picked":["hierophant:Blessing","hierophant:Charity"],"picked":"hierophant:Alms","floor":4},{"not_picked":["hierophant:Prophecy","hierophant:Encroach"],"picked":"hierophant:OrnateBuckler","floor":5},{"not_picked":["hierophant:MorningPrayer","hierophant:AuricBeam"],"picked":"hierophant:PassingBell","floor":7},{"not_picked":["hierophant:OrnateBuckler","hierophant:Cornucopia"],"picked":"hierophant:Exaltation","floor":10}],"player_experience":229983,"relics_obtained":[{"floor":7,"key":"Singing Bowl"},{"floor":11,"key":"Boot"}],"event_choices":[],"is_beta":false,"boss_relics":[],"items_purged_floors":[],"is_endless":false,"potions_floor_spawned":[7,10],"killed_by":"Lagavulin","ascension_level":0}}