{"host":"hrvs05np4ys7itky","time":1613350799,"event":{"mods":["BaseMod","Colored Map","Colored Powertips","Downfall","Emptier Cage","Hermit","Highlight Path","Minty Spire (QoL Compilation)","Permanent Neow","Rare Cards Sparkle","Relic Stats","StSLib","everything is the same but u backflip on backflip"],"gold_per_floor":[115,135,151,23,34,34,64,64,64,64,64],"floor_reached":10,"language":"ENG","playtime":479,"items_purged":["Entrench"],"score":112,"play_id":"f8ef79a8-4dce-4760-b6d3-8c3fcc1bb94b","local_time":"20210214195959","is_ascension_mode":true,"campfire_choices":[{"data":"Armaments","floor":6,"key":"SMITH"}],"circlet_count":0,"master_deck":["AscendersBane","Strike_R","Strike_R","Strike_R","Defend_R","Defend_R","Defend_R","Defend_R","Bash","Flame Barrier","True Grit","Shockwave","Disarm","Armaments+1","Spot Weakness","Sentinel"],"relics":["Burning Blood","Eternal Feather","Ginger"],"acts_visited":["Exordium"],"potions_floor_usage":[10],"damage_taken":[{"damage":4.0,"enemies":"Cultist","floor":1.0,"turns":5.0},{"damage":11.0,"enemies":"2 Louse","floor":2.0,"turns":4.0},{"damage":2.0,"enemies":"Small Slimes","floor":3.0,"turns":5.0},{"damage":4,"enemies":"3 Louse","floor":5,"turns":5},{"damage":28,"enemies":"Lagavulin","floor":7,"turns":12},{"damage":24,"enemies":"Gremlin Nob","floor":10,"turns":5}],"seed_played":"-3454669059747354475","potions_obtained":[{"floor":7,"key":"Guardian:BlockOnCardUsePotion"}],"is_trial":false,"path_per_floor":["M","M","M","$","M","R","E","$","T","E"],"character_chosen":"IRONCLAD","items_purchased":["Armaments"],"campfire_rested":0,"item_purchase_floors":[4],"current_hp_per_floor":[53,48,52,52,54,54,32,32,32,8,8],"gold":64,"neow_bonus":"TRANSFORM_TWO_CARDS","is_daily":false,"chose_seed":false,"campfire_upgraded":1,"win_rate":0.0,"timestamp":1613350799,"path_taken":["M","M","?","$","M","R","E","$","T","E"],"items_purchased_type":["Card"],"build_version":"2020-12-22","purchased_purges":1,"victory":false,"max_hp_per_floor":[80,80,80,80,80,80,80,80,80,80,80],"relic_stats":{"counters":[6,36],"Eternal Feather":0,"Ginger":[0],"obtain_stats":[{"Eternal Feather":7,"Ginger":9,"Burning Blood":0},{"Eternal Feather":5,"Ginger":5,"Burning Blood":0},{"Eternal Feather":31,"Ginger":31,"Burning Blood":0}],"Burning Blood":30},"card_choices":[{"not_picked":["Shrug It Off","Power Through"],"picked":"True Grit","floor":1.0},{"not_picked":["Whirlwind","Metallicize"],"picked":"Shockwave","floor":2.0},{"not_picked":["Perfected Strike","True Grit"],"picked":"Disarm","floor":3.0},{"not_picked":["Fire Breathing","Twin Strike"],"picked":"Spot Weakness","floor":5},{"not_picked":["Metallicize","True Grit"],"picked":"Sentinel","floor":7}],"player_experience":1080544,"relics_obtained":[{"floor":7,"key":"Eternal Feather"},{"floor":9,"key":"Ginger"}],"event_choices":[],"is_beta":false,"boss_relics":[],"items_purged_floors":[4],"is_endless":false,"potions_floor_spawned":[7],"killed_by":"Gremlin Nob","ascension_level":13}}