{"host":"oq0u6q7bjztc2jwc","time":1613347911,"event":{"mods":["AchievementEnabler","BaseMod","Colored Map","Downfall","Highlight Path","Minty Spire (QoL Compilation)","Permanent Neow","StSLib"],"gold_per_floor":[349,360,360,360,136,148,224,254,265,115,135,35,54,82,92,190,190,190,202,187,204,222,242,267,367,167,267,267,277,295,307,320,418,418,418,437,447,497,546,573,573,573,220,220,45,45,60,60,78,78,78,113,113,113,113,113],"floor_reached":57,"language":"ENG","playtime":6817,"items_purged":["Pain","bronze:Defend","bronze:Defend"],"score":1342,"play_id":"06249b7d-e6ec-4bc3-99b8-d1d780806975","local_time":"20210214191151","is_ascension_mode":true,"campfire_choices":[{"data":"bronze:Replicate","floor":1,"key":"SMITH"},{"data":"bronze:MaxOutput","floor":12,"key":"SMITH"},{"floor":18,"key":"RECALL"},{"data":"bronze:ItsAFeature","floor":26,"key":"SMITH"},{"floor":28,"key":"REST"},{"data":"bronze:Repulsor","floor":35,"key":"SMITH"},{"data":"bronze:BronzeArmor","floor":42,"key":"SMITH"},{"data":"bronze:BronzeArmor","floor":46,"key":"SMITH"},{"data":"bronze:Terminator","floor":54,"key":"SMITH"}],"circlet_count":0,"master_deck":["bronze:Strike","bronze:Defend","bronze:Defend","bronze:Replicate+1","bronze:Goto","bronze:OilSpill","bronze:BronzeArmor+1","bronze:MaxOutput+1","bronze:BugBarrage","bronze:BuggyMess","bronze:Terminator+1","bronze:BugBarrage","bronze:ChosenStrike+1","bronze:Allocate","bronze:ItsAFeature+1","bronze:DecaBeam","bronze:BronzeArmor+1","bronze:Repulsor+1","bronze:Shield","bronze:BuggyMess","bronze:WildBeam+1","bronze:BuggyMess+1"],"relics":["bronze:PlatinumCore","WarpedTongs","Matryoshka","Pear","downfall:HeartBlessingGreen","Toy Ornithopter","Empty Cage","bronze:CableSpool","downfall:HeartBlessingRed","downfall:HeartBlessingBlue","Mango","Prayer Wheel","Girya","Bottled Lightning","bronze:SilverBullet","Eternal Feather","Vajra","InkBottle","Boot","Gremlin Horn"],"acts_visited":["Exordium","TheCity","TheBeyond","TheEnding"],"potions_floor_usage":[14,16,16,23,25,30,31,37,38,40,43,43,50,56],"damage_taken":[{"damage":1,"enemies":"Jaw Worm","floor":2,"turns":3},{"damage":13,"enemies":"downfall:FleeingMerchant","floor":5,"turns":4},{"damage":0,"enemies":"2 Louse","floor":6,"turns":2},{"damage":39,"enemies":"3 Sentries","floor":8,"turns":7},{"damage":1,"enemies":"Cultist","floor":9,"turns":3},{"damage":4,"enemies":"Gremlin Gang","floor":11,"turns":4},{"damage":5,"enemies":"downfall:LooterAlt","floor":13,"turns":3},{"damage":18,"enemies":"Lagavulin","floor":14,"turns":3},{"damage":17,"enemies":"Lots of Slimes","floor":15,"turns":4},{"damage":19,"enemies":"IC_STATUS_ARCHETYPE","floor":16,"turns":4},{"damage":4,"enemies":"Chosen","floor":19,"turns":3},{"damage":15,"enemies":"downfall:FleeingMerchant","floor":20,"turns":4},{"damage":12,"enemies":"downfall:LooterAlt2","floor":21,"turns":4},{"damage":6,"enemies":"Snecko","floor":22,"turns":4},{"damage":14,"enemies":"Centurion and Healer","floor":23,"turns":4},{"damage":16,"enemies":"Centurion and Healer","floor":25,"turns":5},{"damage":18,"enemies":"3 Cultists","floor":29,"turns":5},{"damage":10,"enemies":"Chosen and Byrds","floor":30,"turns":4},{"damage":6,"enemies":"Snake Plant","floor":31,"turns":5},{"damage":0,"enemies":"Snecko","floor":32,"turns":8},{"damage":0,"enemies":"WA_ARCHETYPE_CALM","floor":33,"turns":4},{"damage":0,"enemies":"Orb Walker","floor":36,"turns":3},{"damage":0,"enemies":"3 Darklings","floor":37,"turns":7},{"damage":16,"enemies":"3 Darklings","floor":38,"turns":5},{"damage":3,"enemies":"2 Orb Walkers","floor":39,"turns":4},{"damage":46,"enemies":"Nemesis","floor":40,"turns":7},{"damage":11,"enemies":"downfall:FleeingMerchant","floor":43,"turns":4},{"damage":0,"enemies":"downfall:FleeingMerchant","floor":45,"turns":4},{"damage":34,"enemies":"4 Shapes","floor":47,"turns":7},{"damage":25,"enemies":"Spire Growth","floor":49,"turns":5},{"damage":15,"enemies":"SI_POISON_ARCHETYPE","floor":50,"turns":6},{"damage":36,"enemies":"downfall:CharBossMerchant","floor":52,"turns":5},{"damage":18,"enemies":"downfall:NeowBoss","floor":55,"turns":16},{"damage":79,"enemies":"downfall:NeowBossFinal","floor":56,"turns":9}],"seed_played":"-7004822410494882226","potions_obtained":[{"floor":8,"key":"CultistPotion"},{"floor":11,"key":"hexamod:SoulburnPotion"},{"floor":14,"key":"Ancient Potion"},{"floor":15,"key":"Fire Potion"},{"floor":22,"key":"champ:CounterPotion"},{"floor":23,"key":"FairyPotion"},{"floor":29,"key":"Explosive Potion"},{"floor":30,"key":"Dexterity Potion"},{"floor":31,"key":"LiquidMemories"},{"floor":36,"key":"SteroidPotion"},{"floor":37,"key":"LiquidBronze"},{"floor":39,"key":"AttackPotion"},{"floor":40,"key":"Weak Potion"},{"floor":49,"key":"Energy Potion"},{"floor":52,"key":"ColorlessPotion"}],"is_trial":false,"path_per_floor":["R","M","?","?","$","M","T","E","M","?","M","R","M","E","M","B",null,"R","M","$","M","M","M","T","?","R","?","R","M","M","M","M","B",null,"R","M","M","?","?","E","T","R","?","?","$","R","M","T","M","B",null,"E","$","R","B","B",null],"character_chosen":"THE_AUTOMATON","items_purchased":["bronze:MaxOutput","bronze:BugBarrage","Eternal Feather","Vajra","InkBottle"],"campfire_rested":1,"item_purchase_floors":[5,5,43,45,45],"current_hp_per_floor":[63,62,62,62,49,49,49,20,19,83,79,79,74,56,39,30,83,83,79,64,52,46,37,37,26,36,36,63,45,40,39,39,39,93,93,93,93,96,93,52,52,52,51,94,94,94,60,60,35,25,94,58,58,70,52,8],"gold":113,"neow_bonus":"TWO_FIFTY_GOLD","is_daily":false,"chose_seed":false,"campfire_upgraded":7,"win_rate":0.0,"timestamp":1613347911,"path_taken":["R","M","?","?","$","?","T","E","?","?","M","R","M","E","M","BOSS","R","M","$","M","?","M","T","?","R","?","R","?","M","M","M","BOSS","R","M","M","?","?","E","T","R","?","?","?","R","?","?","M","BOSS","E","$","R","BOSS","BOSS"],"items_purchased_type":["Card","Card","Relic","Relic","Relic"],"build_version":"2020-12-22","purchased_purges":3,"victory":true,"max_hp_per_floor":[63,63,63,63,63,63,63,73,73,83,83,83,83,83,83,83,83,83,83,83,83,83,83,83,83,93,93,93,93,93,93,93,93,93,93,93,93,107,107,107,107,107,107,94,94,94,94,94,94,94,94,94,94,94,94,94],"card_choices":[{"not_picked":["bronze:DelayedGuard","bronze:WildBeam"],"picked":"bronze:OilSpill","floor":2},{"not_picked":["bronze:Overheat","bronze:CutThrough","bronze:Iterate"],"picked":"SKIP","floor":5},{"not_picked":["bronze:Branch","bronze:Separator"],"picked":"bronze:BuggyMess","floor":6},{"not_picked":["bronze:DelayedSlice","bronze:Separator","bronze:Safeguard"],"picked":"SKIP","floor":8},{"not_picked":["bronze:FineTuning","bronze:Invalidate","bronze:CutThrough"],"picked":"SKIP","floor":9},{"not_picked":["bronze:DelayedGuard","bronze:CloningBeam"],"picked":"bronze:Terminator","floor":11},{"not_picked":["bronze:DigitalCarnage","bronze:Shell","bronze:FineTuning"],"picked":"SKIP","floor":13},{"not_picked":["bronze:HyperBeam","bronze:Frontload"],"picked":"bronze:BugBarrage","floor":14},{"not_picked":["bronze:Invalidate","bronze:CutThrough","bronze:Overload"],"picked":"SKIP","floor":15},{"not_picked":["bronze:Invalidate","bronze:Philosophize"],"picked":"bronze:ChosenStrike+1","floor":19},{"not_picked":["bronze:NullPointer","bronze:WhirlingStrike+1"],"picked":"bronze:Allocate","floor":20},{"not_picked":["bronze:Separator","bronze:CloningBeam+1","bronze:Deprecate"],"picked":"SKIP","floor":21},{"not_picked":["bronze:BitShift+1","bronze:DelayedSlice+1"],"picked":"bronze:ItsAFeature","floor":22},{"not_picked":["bronze:Backtrace","bronze:Branch","bronze:BitShift"],"picked":"SKIP","floor":23},{"not_picked":[],"picked":"bronze:DecaBeam","floor":25},{"not_picked":["bronze:OilSpill","bronze:CleanCode"],"picked":"bronze:BronzeArmor","floor":25},{"not_picked":["bronze:Deprecate","bronze:Turbo","bronze:Branch"],"picked":"SKIP","floor":29},{"not_picked":["bronze:FineTuning","bronze:DelayedGuard","bronze:Safeguard+1"],"picked":"SKIP","floor":30},{"not_picked":["bronze:FineTuning","bronze:BugBarrage+1"],"picked":"bronze:Repulsor","floor":31},{"not_picked":["bronze:GetLatest","bronze:CloningBeam+1","bronze:FineTuning"],"picked":"SKIP","floor":32},{"not_picked":["bronze:ForceShield+1","bronze:Deprecate","bronze:Overload"],"picked":"SKIP","floor":36},{"not_picked":["bronze:Invalidate","bronze:DigitalCarnage"],"picked":"bronze:Shield","floor":37},{"not_picked":["bronze:Virus","bronze:NullPointer+1"],"picked":"bronze:BuggyMess","floor":38},{"not_picked":["bronze:DelayedSlice+1","bronze:CloningBeam","bronze:Branch"],"picked":"SKIP","floor":40},{"not_picked":["bronze:Iterate+1","bronze:BronzeOrb","bronze:Flail"],"picked":"SKIP","floor":43},{"not_picked":["bronze:Format","bronze:Frontload","bronze:BitShift+1"],"picked":"SKIP","floor":45},{"not_picked":["bronze:Invalidate","bronze:DelayedGuard+1"],"picked":"bronze:WildBeam+1","floor":47},{"not_picked":["bronze:Overheat","bronze:DelayedSlice","bronze:BronzeArmor"],"picked":"SKIP","floor":47},{"not_picked":["bronze:CutThrough","bronze:FineTuning+1"],"picked":"bronze:BuggyMess+1","floor":49},{"not_picked":["bronze:Overheat","bronze:Optimize+1","bronze:Return"],"picked":"SKIP","floor":49},{"not_picked":["bronze:Iterate","bronze:DelayedGuard+1","bronze:FineTuning"],"picked":"SKIP","floor":52}],"player_experience":587148,"relics_obtained":[{"floor":7,"key":"Matryoshka"},{"floor":8,"key":"Pear"},{"floor":14,"key":"Toy Ornithopter"},{"floor":24,"key":"bronze:CableSpool"},{"floor":38,"key":"Mango"},{"floor":39,"key":"Prayer Wheel"},{"floor":40,"key":"Girya"},{"floor":41,"key":"Bottled Lightning"},{"floor":41,"key":"bronze:SilverBullet"},{"floor":48,"key":"Boot"},{"floor":52,"key":"Gremlin Horn"}],"event_choices":[{"damage_healed":0,"gold_gain":0,"player_choice":"Fight","damage_taken":0,"max_hp_gain":0,"max_hp_loss":0,"event_name":"Mysterious Sphere","floor":39,"gold_loss":0}],"is_beta":false,"boss_relics":[{"not_picked":["Black Star","Tiny House"],"picked":"Empty Cage"},{"not_picked":["Coffee Dripper","Pandora\u0027s Box"],"picked":"bronze:PlatinumCore"}],"items_purged_floors":[5,43,45],"is_endless":false,"potions_floor_spawned":[8,11,14,15,22,23,29,30,31,36,37,39,40,49,52],"ascension_level":1}}