{"host":"AZZAM","time":1613347657,"event":{"mods":["BaseMod","Colored Map","Highlight Path","Minty Spire (QoL Compilation)","Relic Stats","Unceasing Turn Reminder"],"gold_per_floor":[114,33,44,61,86,113,113,38,62,76,108,127,165,165,165,274,274,293,193,220,248,248,248,267,267,292,328,328,328],"floor_reached":28,"language":"ENG","playtime":850,"items_purged":["Strike_B","Strike_B"],"score":310,"play_id":"6d282cb0-2199-4228-83a8-640ffc9672f7","local_time":"20210215030737","is_ascension_mode":true,"campfire_choices":[{"data":"Defragment","floor":7,"key":"SMITH"},{"data":"Capacitor","floor":15,"key":"SMITH"},{"data":"Barrage","floor":23,"key":"SMITH"},{"data":"Static Discharge","floor":25,"key":"SMITH"}],"circlet_count":0,"master_deck":["Strike_B","Strike_B","Defend_B","Defend_B","Defend_B","Defend_B","Zap","Dualcast","Beam Cell","Defragment+1","Cold Snap","Ball Lightning","Coolheaded","Echo Form","Capacitor+1","Conserve Battery","Go for the Eyes","Static Discharge+1","Amplify","Self Repair","Compile Driver+1","Barrage+1","Hologram+1","Seek"],"relics":["Cracked Core","Vajra","Nunchaku","TungstenRod","Bronze Scales","HornCleat","CeramicFish","Sozu","NlothsMask","Bag of Preparation"],"acts_visited":["TheCity"],"potions_floor_usage":[6,10,11],"damage_taken":[{"damage":1,"enemies":"Cultist","floor":1,"turns":3},{"damage":7,"enemies":"Jaw Worm","floor":3,"turns":2},{"damage":0,"enemies":"2 Louse","floor":4,"turns":3},{"damage":7,"enemies":"Lagavulin","floor":6,"turns":5},{"damage":4,"enemies":"Gremlin Gang","floor":10,"turns":3},{"damage":1,"enemies":"Gremlin Nob","floor":11,"turns":3},{"damage":1,"enemies":"3 Louse","floor":12,"turns":3},{"damage":9,"enemies":"3 Sentries","floor":13,"turns":6},{"damage":10,"enemies":"Hexaghost","floor":16,"turns":9},{"damage":3,"enemies":"3 Byrds","floor":18,"turns":3},{"damage":13,"enemies":"Spheric Guardian","floor":20,"turns":4},{"damage":16,"enemies":"Snecko","floor":21,"turns":4},{"damage":20,"enemies":"Snake Plant","floor":24,"turns":4},{"damage":33,"enemies":"Book of Stabbing","floor":27,"turns":5},{"damage":11,"enemies":"Centurion and Healer","floor":28,"turns":4}],"seed_played":"-2311146395910070546","potions_obtained":[{"floor":1,"key":"Fire Potion"},{"floor":4,"key":"FocusPotion"},{"floor":6,"key":"SkillPotion"},{"floor":11,"key":"FearPotion"},{"floor":13,"key":"DuplicationPotion"},{"floor":14,"key":"Energy Potion"},{"floor":14,"key":"BlessingOfTheForge"}],"is_trial":false,"path_per_floor":["M","$","M","M","T","E","R","$","T","M","E","M","E","?","R","B",null,"M","$","M","M","?","R","M","R","T","E","M"],"character_chosen":"DEFECT","items_purchased":["Defragment","Cold Snap"],"campfire_rested":0,"item_purchase_floors":[2,2],"current_hp_per_floor":[74,74,67,67,67,60,60,60,60,56,55,54,45,45,45,35,75,72,72,66,57,57,57,37,37,37,11,0,0],"gold":328,"neow_bonus":"RANDOM_COMMON_RELIC","is_daily":false,"chose_seed":false,"campfire_upgraded":4,"win_rate":0.0,"timestamp":1613347657,"path_taken":["M","?","M","M","?","E","R","$","T","?","E","M","E","?","R","BOSS","M","$","M","?","?","R","M","R","T","E","M"],"items_purchased_type":["Card","Card"],"build_version":"2020-12-18","purchased_purges":2,"victory":false,"max_hp_per_floor":[75,75,75,75,75,75,75,75,75,75,75,75,75,75,75,75,75,75,75,75,75,75,75,75,75,75,75,75,75],"relic_stats":{"Sozu":1,"Nunchaku":[8],"counters":[15,61],"Bronze Scales":[182],"CeramicFish":63,"Bag of Preparation":[2],"obtain_stats":[{"Sozu":17,"Nunchaku":5,"HornCleat":11,"Bronze Scales":9,"CeramicFish":13,"Vajra":0,"Bag of Preparation":27,"Cracked Core":0,"TungstenRod":6,"NlothsMask":22},{"Sozu":9,"Nunchaku":3,"HornCleat":6,"Bronze Scales":4,"CeramicFish":8,"Vajra":0,"Bag of Preparation":14,"Cracked Core":0,"TungstenRod":4,"NlothsMask":12},{"Sozu":37,"Nunchaku":8,"HornCleat":19,"Bronze Scales":13,"CeramicFish":28,"Vajra":0,"Bag of Preparation":57,"Cracked Core":0,"TungstenRod":13,"NlothsMask":48}],"TungstenRod":25},"card_choices":[{"not_picked":["BootSequence","FTL"],"picked":"Beam Cell","floor":1},{"not_picked":["Go for the Eyes","Reprogram"],"picked":"Ball Lightning","floor":3},{"not_picked":["Hello World","Leap"],"picked":"Coolheaded","floor":4},{"not_picked":["Recycle","Beam Cell"],"picked":"Echo Form","floor":6},{"not_picked":["Cold Snap","Hologram"],"picked":"Capacitor","floor":10},{"not_picked":["Reprogram","Double Energy"],"picked":"Conserve Battery","floor":11},{"not_picked":["BootSequence","Heatsinks"],"picked":"Go for the Eyes","floor":12},{"not_picked":["Capacitor","Streamline"],"picked":"Static Discharge","floor":13},{"not_picked":["Machine Learning","Echo Form"],"picked":"Amplify","floor":16},{"not_picked":["Lockon","Stack"],"picked":"Self Repair","floor":18},{"not_picked":["Turbo","Stack+1"],"picked":"Compile Driver+1","floor":20},{"not_picked":["Conserve Battery","Cold Snap"],"picked":"Barrage","floor":21},{"not_picked":["Loop+1","Gash"],"picked":"Hologram+1","floor":24},{"not_picked":["Rebound","Fusion+1"],"picked":"Seek","floor":27}],"player_experience":88509,"relics_obtained":[{"floor":5,"key":"Nunchaku"},{"floor":6,"key":"TungstenRod"},{"floor":9,"key":"Bronze Scales"},{"floor":11,"key":"HornCleat"},{"floor":13,"key":"CeramicFish"},{"floor":27,"key":"Bag of Preparation"}],"event_choices":[{"damage_healed":0,"gold_gain":0,"player_choice":"Got Potions","damage_taken":0,"max_hp_gain":0,"max_hp_loss":0,"event_name":"Lab","floor":14,"gold_loss":0},{"damage_healed":0,"gold_gain":0,"player_choice":"Trade","damage_taken":0,"relics_obtained":["NlothsMask"],"max_hp_gain":0,"max_hp_loss":0,"event_name":"FaceTrader","floor":22,"gold_loss":0}],"is_beta":true,"boss_relics":[{"not_picked":["Velvet Choker","FrozenCore"],"picked":"Sozu"}],"items_purged_floors":[8,19],"is_endless":false,"potions_floor_spawned":[1,4,6,11,13,21,27],"killed_by":"Centurion and Healer","ascension_level":4}}