{"host":"ox77rn1xcurm2t5a","time":1613428561,"event":{"mods":["2.2 Compatiblity","AchievementEnabler","Act Like it!","Aspiration","BaseMod","Best Route Mod","Better Match","Better Note","Better Sensory Stone","Block Reminder","Colored Map","Colored Powertips","Conjunction","Conspire","Custom Start","Energized Spire","GifTheSpireLib","Gold Saver","Gremlin Skip","Halation","Highlight Path","Hubris","Infinite Spire","Minty Spire (QoL Compilation)","Pale of the Ancients","Quick Restart","Replay The Spire","Reworked Bosses","ShortenTheSpire","Spire Exporter","StSLib","Stuff the Spire","Wandering Minibosses"],"gold_per_floor":[315,326,37,37,50,75,112,144,193,193,226,236,236,236,236,236],"floor_reached":15,"language":"ENG","playtime":399,"items_purged":[],"score":138,"play_id":"36dba7ff-cf22-4d49-8c46-943ac2af2003","local_time":"20210216003601","is_ascension_mode":true,"campfire_choices":[{"floor":10,"key":"RECALL"}],"circlet_count":0,"master_deck":["Strike_R","Strike_R","Strike_R","Strike_R","Strike_R","Defend_R","Defend_R","Defend_R","Defend_R","Bash","Anger","Heavy Blade","Limit Break","Juggernaut"],"relics":["Burning Blood","aspiration:TomeofQuesting","Mango","Letter Opener","Toy Ornithopter","halation:AfternoonTea","Replay:Rubber Ducky"],"acts_visited":["Exordium"],"potions_floor_usage":[2,8,11],"damage_taken":[{"damage":2,"enemies":"Jaw Worm","floor":1,"turns":3},{"damage":4,"enemies":"Cultist","floor":2,"turns":3},{"damage":6,"enemies":"2 Louse","floor":5,"turns":3},{"damage":25,"enemies":"Lagavulin","floor":6,"turns":6},{"damage":7,"enemies":"Looter","floor":7,"turns":4},{"damage":30,"enemies":"3 Sentries","floor":8,"turns":9},{"damage":47,"enemies":"Gremlin Nob","floor":11,"turns":5},{"damage":5,"enemies":"Blue Slaver","floor":12,"turns":4},{"damage":24,"enemies":"3 Sentries","floor":15,"turns":4}],"seed_played":"-4895067809899310841","potions_obtained":[{"floor":1,"key":"ColorlessPotion"},{"floor":6,"key":"Fire Potion"},{"floor":8,"key":"SkillPotion"}],"is_trial":false,"path_per_floor":["M","M","$","?","M","E","M","E","T","R","E","M","PTL","PTL","E"],"character_chosen":"IRONCLAD","items_purchased":["Mango"],"campfire_rested":0,"item_purchase_floors":[3],"current_hp_per_floor":[80,80,94,94,94,75,74,55,55,55,19,20,20,20,0,0],"gold":236,"neow_bonus":"RANDOM_COMMON_RELIC","is_daily":false,"chose_seed":false,"campfire_upgraded":0,"win_rate":0.0,"timestamp":1613428561,"path_taken":["M","M","$","?","M","E","M","E","T","R","E","M","PTL","PTL","E"],"items_purchased_type":["Relic"],"build_version":"2020-12-22","purchased_purges":0,"victory":false,"max_hp_per_floor":[80,80,94,94,94,94,94,94,94,94,94,94,94,94,94,94],"card_choices":[{"not_picked":["Sever Soul","StuffTheSpire:RockThrow"],"picked":"Anger","floor":1},{"not_picked":["Havoc","Clothesline"],"picked":"Heavy Blade","floor":2},{"not_picked":["Armaments","ReplayTheSpireMod:Corrosion Curse","Heavy Blade"],"picked":"SKIP","floor":5},{"not_picked":["True Grit","Pommel Strike"],"picked":"Limit Break","floor":6},{"not_picked":["Armaments","Sword Boomerang","Iron Wave"],"picked":"SKIP","floor":7},{"not_picked":["conspire:Charge","StuffTheSpire:RockThrow","Rage"],"picked":"SKIP","floor":8},{"not_picked":["Feel No Pain","conspire:Charge"],"picked":"Juggernaut","floor":11},{"not_picked":["Sword Boomerang","Disarm","Ghostly Armor"],"picked":"SKIP","floor":12}],"player_experience":3106248,"relics_obtained":[{"floor":4,"key":"Letter Opener"},{"floor":6,"key":"Toy Ornithopter"},{"floor":8,"key":"halation:AfternoonTea"},{"floor":11,"key":"Replay:Rubber Ducky"}],"event_choices":[],"is_beta":false,"boss_relics":[],"items_purged_floors":[],"is_endless":false,"potions_floor_spawned":[1,6,8],"killed_by":"3 Sentries","ascension_level":4}}