{"host":"4epvxsx6d4oxmc67","time":1613351373,"event":{"mods":["AchievementEnabler","BaseMod","Colored Map","Highlight Path","Minty Spire (QoL Compilation)"],"gold_per_floor":[118,118,134,148,73,73,101,101,101,101,101,101,113,128,128,232,232,244,260,260,272,19,48,48,48,48,75,75,94,121,21,21,122,122,132,132,177,197,197,222,222,240,264,279,279,279,2,19,19,19],"floor_reached":51,"language":"ENG","playtime":2015,"items_purged":["Strike_R","Strike_R","Strike_R"],"score":938,"play_id":"0f55bd63-4211-489c-ab17-216284944a9c","local_time":"20210215010933","is_ascension_mode":true,"campfire_choices":[{"data":"Cleave","floor":6.0,"key":"SMITH"},{"data":"Iron Wave","floor":8.0,"key":"SMITH"},{"data":"Bash","floor":10.0,"key":"SMITH"},{"data":"Sword Boomerang","floor":12.0,"key":"SMITH"},{"data":"Reaper","floor":15.0,"key":"SMITH"},{"floor":24,"key":"REST"},{"floor":28,"key":"REST"},{"floor":32,"key":"REST"},{"data":"Corruption","floor":41,"key":"SMITH"},{"data":"Double Tap","floor":46,"key":"SMITH"},{"floor":49,"key":"REST"}],"circlet_count":0,"master_deck":["Strike_R","Defend_R","Defend_R","Defend_R+1","Bash+1","Heavy Blade","Sword Boomerang+1","Cleave+1","Iron Wave+1","Reaper+1","Double Tap+1","Clothesline","Inflame","Metallicize","Seeing Red+1","Corruption+1","Whirlwind+1","Seeing Red+1","Uppercut+1"],"relics":["Burning Blood","NeowsBlessing","Eternal Feather","Kunai","Sozu","MutagenicStrength","Shuriken","Blue Candle","Nilry\u0027s Codex","Singing Bowl","Anchor","Meat on the Bone","Mark of Pain","Champion Belt","War Paint","Omamori","Centennial Puzzle"],"acts_visited":["Exordium","TheCity","TheBeyond"],"potions_floor_usage":[16,16,19],"damage_taken":[{"damage":0.0,"enemies":"Jaw Worm","floor":1.0,"turns":1.0},{"damage":0.0,"enemies":"Cultist","floor":3.0,"turns":1.0},{"damage":0.0,"enemies":"Small Slimes","floor":4.0,"turns":1.0},{"damage":40.0,"enemies":"3 Sentries","floor":7.0,"turns":7.0},{"damage":13.0,"enemies":"Red Slaver","floor":13.0,"turns":3.0},{"damage":15.0,"enemies":"2 Fungi Beasts","floor":14.0,"turns":3.0},{"damage":75,"enemies":"Slime Boss","floor":16,"turns":13},{"damage":12,"enemies":"Spheric Guardian","floor":18,"turns":4},{"damage":23,"enemies":"2 Thieves","floor":19,"turns":4},{"damage":14,"enemies":"Snake Plant","floor":21,"turns":3},{"damage":52,"enemies":"Gremlin Leader","floor":23,"turns":6},{"damage":36,"enemies":"Book of Stabbing","floor":27,"turns":4},{"damage":30,"enemies":"3 Cultists","floor":29,"turns":6},{"damage":48,"enemies":"Gremlin Leader","floor":30,"turns":7},{"damage":38,"enemies":"Champ","floor":33,"turns":14},{"damage":12,"enemies":"Orb Walker","floor":35,"turns":3},{"damage":0,"enemies":"2 Orb Walkers","floor":37,"turns":1},{"damage":18,"enemies":"3 Darklings","floor":38,"turns":3},{"damage":30,"enemies":"Reptomancer","floor":40,"turns":5},{"damage":26,"enemies":"Jaw Worm Horde","floor":42,"turns":3},{"damage":3,"enemies":"Sphere and 2 Shapes","floor":44,"turns":3},{"damage":54,"enemies":"Transient","floor":48,"turns":5},{"damage":72,"enemies":"Donu and Deca","floor":50,"turns":9}],"seed_played":"-7090782349578671322","potions_obtained":[{"floor":1.0,"key":"PowerPotion"},{"floor":13.0,"key":"SkillPotion"},{"floor":14.0,"key":"Regen Potion"},{"floor":16,"key":"Dexterity Potion"}],"is_trial":false,"path_per_floor":["M","?","M","M","$","R","E","R","T","R","?","R","M","M","R","B",null,"M","M","?","M","$","E","R","?","T","E","R","M","E","$","R","B",null,"M","?","?","M","?","E","R","M","T","M","?","R","$","M","R","B",null],"character_chosen":"IRONCLAD","items_purchased":["Shuriken","Centennial Puzzle"],"campfire_rested":4,"item_purchase_floors":[22,47],"current_hp_per_floor":[78,80,80,80,80,80,46,52,52,58,58,64,57,56,62,20,65,63,64,64,56,56,25,58,42,42,24,57,60,42,42,76,56,77,79,79,84,74,74,52,61,55,55,67,67,76,76,50,85,40],"gold":19,"neow_bonus":"THREE_ENEMY_KILL","is_daily":false,"chose_seed":false,"campfire_upgraded":7,"win_rate":0.0,"timestamp":1613351373,"path_taken":["M","?","M","M","?","R","E","R","T","R","?","R","M","?","R","BOSS","M","M","?","M","$","E","R","?","T","E","R","M","E","$","R","BOSS","M","?","?","M","?","E","R","M","T","?","?","R","$","M","R","BOSS"],"items_purchased_type":["Relic","Relic"],"build_version":"2020-12-22","purchased_purges":3,"victory":true,"max_hp_per_floor":[80,80,80,80,80,80,80,80,80,80,80,80,80,80,80,80,80,80,80,80,80,80,80,80,80,80,82,82,84,84,84,84,84,84,84,84,84,86,86,88,88,90,90,92,87,87,87,87,87,87],"card_choices":[{"not_picked":["Second Wind","Warcry"],"picked":"Heavy Blade","floor":1.0},{"not_picked":["Intimidate","Flex"],"picked":"Sword Boomerang","floor":3.0},{"not_picked":["Body Slam","Twin Strike"],"picked":"Cleave","floor":4.0},{"not_picked":["Twin Strike","Sentinel"],"picked":"Iron Wave","floor":7.0},{"not_picked":["Body Slam","Pommel Strike"],"picked":"Reaper","floor":13.0},{"not_picked":["Perfected Strike","Thunderclap","Anger"],"picked":"SKIP","floor":14.0},{"not_picked":["Barricade","Brutality"],"picked":"Double Tap","floor":16},{"not_picked":["Armaments","Cleave","Thunderclap"],"picked":"SKIP","floor":18},{"not_picked":["Rage+1","Warcry"],"picked":"Clothesline","floor":19},{"not_picked":["Cleave","Body Slam+1"],"picked":"Inflame","floor":21},{"not_picked":["Searing Blow","Demon Form"],"picked":"Metallicize","floor":23},{"not_picked":["Havoc","Clothesline+1","Anger"],"picked":"Singing Bowl","floor":27},{"not_picked":["Cleave","Shrug It Off+1","Sword Boomerang"],"picked":"Singing Bowl","floor":29},{"not_picked":["Dual Wield","Intimidate+1"],"picked":"Seeing Red","floor":30},{"not_picked":["Reaper","Immolate"],"picked":"Corruption","floor":33},{"not_picked":["Clothesline+1","Ghostly Armor+1"],"picked":"Whirlwind+1","floor":35},{"not_picked":["Twin Strike","Havoc"],"picked":"Seeing Red+1","floor":37},{"not_picked":["Thunderclap+1","Twin Strike","Anger"],"picked":"Singing Bowl","floor":38},{"not_picked":["Cleave","Rupture+1","Spot Weakness"],"picked":"Singing Bowl","floor":40},{"not_picked":["Wild Strike","Clothesline+1","Juggernaut"],"picked":"Singing Bowl","floor":42},{"not_picked":["Thunderclap","Anger+1","Wild Strike"],"picked":"Singing Bowl","floor":44},{"not_picked":["Havoc","Cleave+1"],"picked":"Uppercut+1","floor":48}],"player_experience":127503,"relics_obtained":[{"floor":7.0,"key":"Eternal Feather"},{"floor":9.0,"key":"Kunai"},{"floor":23,"key":"Blue Candle"},{"floor":25,"key":"Nilry\u0027s Codex"},{"floor":26,"key":"Singing Bowl"},{"floor":27,"key":"Anchor"},{"floor":30,"key":"Meat on the Bone"},{"floor":37,"key":"Champion Belt"},{"floor":39,"key":"War Paint"},{"floor":43,"key":"Omamori"}],"event_choices":[{"damage_healed":2.0,"max_hp_gain":0.0,"max_hp_loss":0.0,"gold_gain":0.0,"event_name":"Wheel of Change","player_choice":"Full Heal","floor":2.0,"gold_loss":0.0,"damage_taken":0.0},{"cards_removed":["Strike_R"],"damage_healed":0.0,"max_hp_gain":0.0,"max_hp_loss":0.0,"gold_gain":0.0,"event_name":"Purifier","player_choice":"Purged","floor":11.0,"gold_loss":0.0,"damage_taken":0.0},{"damage_healed":0,"gold_gain":0,"player_choice":"Inject Mutagens","damage_taken":0,"relics_obtained":["MutagenicStrength"],"max_hp_gain":0,"max_hp_loss":0,"event_name":"Drug Dealer","floor":20,"gold_loss":0},{"damage_healed":0,"gold_gain":0,"player_choice":"Obtained Book","damage_taken":16,"max_hp_gain":0,"max_hp_loss":0,"event_name":"Cursed Tome","floor":25,"gold_loss":0},{"cards_removed":["Defend_R"],"damage_healed":0,"gold_gain":0,"player_choice":"Removed Skill","damage_taken":0,"max_hp_gain":0,"max_hp_loss":0,"event_name":"Falling","floor":36,"gold_loss":0},{"damage_healed":0,"gold_gain":0,"player_choice":"Fight","damage_taken":0,"max_hp_gain":0,"max_hp_loss":0,"event_name":"Mysterious Sphere","floor":37,"gold_loss":0},{"damage_healed":0,"gold_gain":0,"player_choice":"Relic","damage_taken":0,"max_hp_gain":0,"max_hp_loss":0,"event_name":"Wheel of Change","floor":39,"gold_loss":0},{"damage_healed":0,"gold_gain":0,"player_choice":"Max HP","damage_taken":0,"max_hp_gain":0,"max_hp_loss":5,"event_name":"Winding Halls","floor":45,"gold_loss":0}],"is_beta":false,"boss_relics":[{"not_picked":["Pandora\u0027s Box","Black Blood"],"picked":"Sozu"},{"not_picked":["Runic Pyramid","Runic Dome"],"picked":"Mark of Pain"}],"items_purged_floors":[5,31,47],"is_endless":false,"potions_floor_spawned":[1,13,14,16,18,30,33,35,42,48],"ascension_level":6}}