{"host":"Cenci","time":1613411406,"event":{"mods":["BaseMod","Downfall","Highlight Path","Minty Spire (QoL Compilation)","StSLib"],"gold_per_floor":[199,214,214,64,4,23,71,98,118,118,53,53,228,259,275,275,275,275],"floor_reached":16,"language":"ENG","playtime":673,"items_purged":[],"score":135,"play_id":"f1254de5-28be-4e06-9894-5091e90aab1e","local_time":"20210215185006","is_ascension_mode":true,"campfire_choices":[{"floor":1.0,"key":"RECALL"},{"data":"Guardian:PiercingHide","floor":10.0,"key":"SMITH"}],"circlet_count":0,"master_deck":["Guardian:Strike_Guardian","Guardian:Strike_Guardian","Guardian:Strike_Guardian","Guardian:Defend_Guardian","Guardian:Defend_Guardian","Guardian:Defend_Guardian","Guardian:Defend_Guardian","Guardian:CurlUp","Guardian:TwinSlam","Guardian:Harden","Guardian:PiercingHide+1","Guardian:Harden","Guardian:PrimingBeam","Guardian:StasisStrike","Guardian:TemporalShield","Doubt","Guardian:PiercingHide"],"relics":["Guardian:ModeShifter","Unceasing Top","downfall:BrokenWingStatue","Torii"],"acts_visited":["Exordium"],"potions_floor_usage":[15,16],"damage_taken":[{"damage":5.0,"enemies":"Small Slimes","floor":2.0,"turns":3.0},{"damage":5.0,"enemies":"downfall:FleeingMerchant","floor":4.0,"turns":4.0},{"damage":3.0,"enemies":"downfall:FleeingMerchant","floor":5.0,"turns":4.0},{"damage":1.0,"enemies":"Cultist","floor":6.0,"turns":4.0},{"damage":11.0,"enemies":"Gremlin Nob","floor":8.0,"turns":5.0},{"damage":1.0,"enemies":"2 Louse","floor":9.0,"turns":3.0},{"damage":0.0,"enemies":"downfall:FleeingMerchant","floor":11.0,"turns":4.0},{"damage":32.0,"enemies":"Lagavulin","floor":14.0,"turns":11.0},{"damage":18,"enemies":"Exordium Wildlife","floor":15,"turns":5},{"damage":11,"enemies":"IC_STATUS_ARCHETYPE","floor":16,"turns":4}],"seed_played":"-8167471666077080298","potions_obtained":[{"floor":8.0,"key":"Strength Potion"},{"floor":9.0,"key":"hexamod:SoulburnPotion"},{"floor":14.0,"key":"PowerPotion"}],"is_trial":false,"path_per_floor":["R","M","?","$","$","M","T","E","M","R","$","?","?","E","M","B"],"character_chosen":"GUARDIAN","items_purchased":["Guardian:Gem_Synthetic","Guardian:PrimingBeam","Guardian:TemporalShield"],"campfire_rested":0,"item_purchase_floors":[4,5,11],"current_hp_per_floor":[80,75,75,70,67,66,66,55,54,54,54,54,54,22,4,0,0,0],"gold":275,"neow_bonus":"HUNDRED_GOLD","is_daily":false,"chose_seed":false,"campfire_upgraded":1,"win_rate":0.0,"timestamp":1613411406,"path_taken":["R","M","?","?","$","M","T","E","M","R","$","?","?","E","M","BOSS"],"items_purchased_type":["Card","Card","Card"],"build_version":"2020-11-17","purchased_purges":0,"victory":false,"max_hp_per_floor":[80,80,80,80,80,80,80,80,80,80,80,80,80,80,80,80,80,80],"card_choices":[{"not_picked":["Guardian:TemporalShield","Guardian:Gem_Lightblue"],"picked":"Guardian:Harden","floor":2.0},{"not_picked":["Guardian:RollAttack","Guardian:PrismaticBarrier"],"picked":"Guardian:PiercingHide","floor":4.0},{"not_picked":["Guardian:Planning","Guardian:DonusPower"],"picked":"Guardian:Harden","floor":5.0},{"not_picked":["Guardian:Suspension","Guardian:Repulse"],"picked":"Guardian:StasisStrike","floor":6.0},{"not_picked":["Guardian:ChargeCore","Guardian:Suspension","Guardian:Gem_Cyan"],"picked":"SKIP","floor":8.0},{"not_picked":["Guardian:Reroute","Guardian:TemporalStrike","Guardian:WalkerClaw"],"picked":"SKIP","floor":9.0},{"not_picked":["Guardian:BodySlam","Guardian:Gem_Yellow","Guardian:Gem_Red"],"picked":"SKIP","floor":11.0},{"not_picked":["Guardian:TemporalStrike","Guardian:Emergency","Guardian:TimeBomb"],"picked":"SKIP","floor":14.0},{"not_picked":["Guardian:ShieldCharger","Guardian:Reroute"],"picked":"Guardian:PiercingHide","floor":15}],"player_experience":330908,"relics_obtained":[{"floor":8.0,"key":"Unceasing Top"},{"floor":14.0,"key":"Torii"}],"event_choices":[{"cards_removed":["Guardian:Strike_Guardian"],"damage_healed":0.0,"max_hp_gain":0.0,"max_hp_loss":0.0,"gold_gain":0.0,"event_name":"Bonfire Elementals","player_choice":"Offered Basic","floor":3.0,"gold_loss":0.0,"damage_taken":0.0}],"is_beta":true,"boss_relics":[],"items_purged_floors":[],"is_endless":false,"potions_floor_spawned":[8,9,14],"killed_by":"IC_STATUS_ARCHETYPE","ascension_level":5}}