{"host":"2yqfi47fogfu1ic4","time":1613395435,"event":{"mods":["AchievementEnabler","BaseMod","Colored Map","Colored Powertips","Highlight Path","Minty Spire (QoL Compilation)","Permanent Neow","Relic Stats","StSLib"],"gold_per_floor":[109,109,119,129,179,179,6,36,36,54,69,81,81,116,116,191,191,204,217,288,304,318,351,351,381,381,296,310,24,57,82,94,106,106],"floor_reached":33,"language":"DEU","playtime":3925,"items_purged":["Strike_G"],"score":738,"play_id":"5b35b17f-8328-4f9d-bc61-43bbb96ae71b","local_time":"20210215142355","is_ascension_mode":true,"campfire_choices":[{"data":"Accuracy","floor":6.0,"key":"SMITH"},{"data":"Blade Dance","floor":13.0,"key":"SMITH"},{"data":"Bouncing Flask","floor":15.0,"key":"SMITH"},{"data":"Accuracy","floor":24.0,"key":"SMITH"},{"floor":32,"key":"REST"}],"circlet_count":0,"master_deck":["AscendersBane","Strike_G","Strike_G+1","Strike_G","Strike_G","Defend_G","Defend_G","Defend_G","Defend_G","Defend_G","Survivor","Neutralize","Blade Dance+1","Accuracy+1","Backstab+1","Dagger Throw","Eviscerate","Slice","Bouncing Flask+1","Storm of Steel","Burst","Acrobatics","PiercingWail","Endless Agony","Footwork","Accuracy+1","Deflect","After Image","Blade Dance+1","Reflex","PiercingWail+1","Deflect"],"relics":["Ring of the Snake","Bird Faced Urn","Sling","Whetstone","Pen Nib","WristBlade","Blue Candle","Ice Cream","Centennial Puzzle","Bottled Tornado","Question Card","DollysMirror","MawBank"],"acts_visited":["Exordium","TheCity"],"potions_floor_usage":[31],"damage_taken":[{"damage":3.0,"enemies":"Jaw Worm","floor":1.0,"turns":4.0},{"damage":0.0,"enemies":"Small Slimes","floor":3.0,"turns":4.0},{"damage":1.0,"enemies":"Cultist","floor":4.0,"turns":4.0},{"damage":7.0,"enemies":"3 Sentries","floor":8.0,"turns":7.0},{"damage":4.0,"enemies":"Red Slaver","floor":10.0,"turns":3.0},{"damage":4.0,"enemies":"Blue Slaver","floor":11.0,"turns":3.0},{"damage":0.0,"enemies":"Exordium Thugs","floor":12.0,"turns":3.0},{"damage":17.0,"enemies":"Lagavulin","floor":14.0,"turns":6.0},{"damage":17.0,"enemies":"Hexaghost","floor":16.0,"turns":9.0},{"damage":9.0,"enemies":"3 Byrds","floor":18.0,"turns":5.0},{"damage":0.0,"enemies":"Spheric Guardian","floor":19.0,"turns":1.0},{"damage":6.0,"enemies":"Shelled Parasite and Fungi","floor":21.0,"turns":3.0},{"damage":0.0,"enemies":"Centurion and Healer","floor":22.0,"turns":3.0},{"damage":0.0,"enemies":"Gremlin Leader","floor":23.0,"turns":4.0},{"damage":42.0,"enemies":"Book of Stabbing","floor":25.0,"turns":5.0},{"damage":0.0,"enemies":"Snecko","floor":28.0,"turns":4.0},{"damage":0.0,"enemies":"Slavers","floor":30.0,"turns":1.0},{"damage":24,"enemies":"Snake Plant","floor":31,"turns":2},{"damage":24,"enemies":"Automaton","floor":33,"turns":2}],"seed_played":"-5092498793944911992","potions_obtained":[{"floor":1.0,"key":"GamblersBrew"},{"floor":3.0,"key":"SkillPotion"},{"floor":10.0,"key":"AttackPotion"},{"floor":11.0,"key":"Block Potion"},{"floor":18.0,"key":"Ancient Potion"},{"floor":23.0,"key":"Strength Potion"},{"floor":25.0,"key":"AttackPotion"},{"floor":28.0,"key":"DistilledChaos"},{"floor":30.0,"key":"Regen Potion"}],"is_trial":false,"path_per_floor":["M","?","M","M","?","R","$","E","T","M","M","M","R","E","R","B",null,"M","M","T","M","M","E","R","E","T","?","M","$","E","M","R","B"],"character_chosen":"THE_SILENT","items_purchased":["Sling","DollysMirror","Reflex"],"campfire_rested":1,"item_purchase_floors":[7,29,29],"current_hp_per_floor":[56,56,56,57,51,51,51,46,46,44,42,44,44,29,29,14,49,42,42,42,38,40,44,44,8,8,8,14,14,16,1,19,0,0],"gold":106,"neow_bonus":"ONE_RARE_RELIC","is_daily":false,"chose_seed":false,"campfire_upgraded":4,"win_rate":0.0,"timestamp":1613395435,"path_taken":["M","?","M","M","?","R","$","E","T","M","M","M","R","E","R","BOSS","M","M","?","?","M","E","R","E","T","?","M","$","E","M","R","BOSS"],"items_purchased_type":["Relic","Relic","Card"],"build_version":"2020-12-22","purchased_purges":1,"victory":false,"max_hp_per_floor":[60,60,60,60,60,60,60,60,60,60,60,60,60,60,60,60,60,60,60,60,60,60,60,60,60,60,60,60,60,60,60,60,60,60],"relic_stats":{"Centennial Puzzle":[6],"counters":[19,73],"Bird Faced Urn":[46],"Blue Candle":[0],"Pen Nib":[12],"Whetstone":["Strike_G","Backstab"],"Question Card":3,"MawBank":36,"obtain_stats":[{"Ice Cream":23,"Blue Candle":20,"Pen Nib":14,"Whetstone":8,"Bottled Tornado":26,"Sling":7,"Question Card":27,"MawBank":30,"Centennial Puzzle":25,"WristBlade":17,"DollysMirror":29,"Bird Faced Urn":0,"Ring of the Snake":0},{"Ice Cream":14,"Blue Candle":11,"Pen Nib":8,"Whetstone":4,"Bottled Tornado":15,"Sling":3,"Question Card":15,"MawBank":17,"Centennial Puzzle":15,"WristBlade":9,"DollysMirror":16,"Bird Faced Urn":0,"Ring of the Snake":0},{"Ice Cream":59,"Blue Candle":49,"Pen Nib":34,"Whetstone":19,"Bottled Tornado":64,"Sling":12,"Question Card":64,"MawBank":69,"Centennial Puzzle":64,"WristBlade":43,"DollysMirror":68,"Bird Faced Urn":0,"Ring of the Snake":0}],"Ring of the Snake":[38]},"card_choices":[{"not_picked":["Dash","Choke"],"picked":"Blade Dance","floor":1.0},{"not_picked":["Flying Knee","Leg Sweep"],"picked":"Accuracy","floor":3.0},{"not_picked":["Backflip","Quick Slash"],"picked":"Backstab","floor":4.0},{"not_picked":["All Out Attack","Quick Slash"],"picked":"Dagger Throw","floor":8.0},{"not_picked":["Slice","Calculated Gamble"],"picked":"Eviscerate","floor":10.0},{"not_picked":["Outmaneuver","Bane"],"picked":"Slice","floor":11.0},{"not_picked":["Bane","Deflect"],"picked":"Bouncing Flask","floor":12.0},{"not_picked":["Prepared","Flying Knee"],"picked":"Storm of Steel","floor":14.0},{"not_picked":["Storm of Steel","Tools of the Trade"],"picked":"Burst","floor":16.0},{"not_picked":["Prepared","Poisoned Stab"],"picked":"Acrobatics","floor":18.0},{"not_picked":["Outmaneuver","Bane"],"picked":"PiercingWail","floor":19.0},{"not_picked":["Riddle With Holes+1","Calculated Gamble"],"picked":"Endless Agony","floor":21.0},{"not_picked":["Dagger Spray","Sucker Punch"],"picked":"Footwork","floor":22.0},{"not_picked":["Bouncing Flask","Flechettes"],"picked":"Accuracy","floor":23.0},{"not_picked":["Prepared","Deadly Poison+1"],"picked":"Deflect","floor":25.0},{"not_picked":["Endless Agony","Heel Hook","Eviscerate"],"picked":"After Image","floor":28.0},{"not_picked":["Dagger Spray","All Out Attack","Well Laid Plans"],"picked":"PiercingWail+1","floor":30.0},{"not_picked":["Sucker Punch","Prepared","Masterful Stab"],"picked":"Deflect","floor":31}],"player_experience":1856429,"relics_obtained":[{"floor":8.0,"key":"Whetstone"},{"floor":14.0,"key":"Pen Nib"},{"floor":20.0,"key":"Blue Candle"},{"floor":23.0,"key":"Ice Cream"},{"floor":25.0,"key":"Centennial Puzzle"},{"floor":26.0,"key":"Bottled Tornado"},{"floor":30.0,"key":"MawBank"}],"event_choices":[{"damage_healed":0.0,"max_hp_gain":0.0,"max_hp_loss":0.0,"gold_gain":0.0,"event_name":"The Cleric","player_choice":"Leave","floor":2.0,"gold_loss":0.0,"damage_taken":0.0},{"damage_healed":0.0,"max_hp_gain":0.0,"max_hp_loss":0.0,"gold_gain":50.0,"event_name":"FaceTrader","player_choice":"Touch","floor":5.0,"gold_loss":0.0,"damage_taken":6.0},{"damage_healed":0.0,"max_hp_gain":0.0,"max_hp_loss":0.0,"gold_gain":0.0,"event_name":"Addict","player_choice":"Obtained Relic","floor":27.0,"gold_loss":85.0,"damage_taken":0.0,"relics_obtained":["Question Card"]}],"is_beta":false,"boss_relics":[{"not_picked":["Calling Bell","HoveringKite"],"picked":"WristBlade"}],"items_purged_floors":[29],"is_endless":false,"potions_floor_spawned":[1,3,10,11,16,18,23,25,28,30],"killed_by":"Automaton","ascension_level":20}}