{"host":"t9zjxed0utvsfjwc","time":1613422870,"event":{"mods":["2.2 Compatiblity","Act Like it!","Aspiration","BaseMod","Better Altar","Better Match","Better Note","Better Sensory Stone","Better Skull","Better Third Choice","Block Reminder","Colored Map","Colored Powertips","Conspire","Custom Start","Downfall","Energized Spire","Hermit","Highlight Path","Hubris","Infinite Spire","Marisa????????","Minty Spire (QoL Compilation)","Quick Restart","Rare Cards Sparkle","Relic Sorter","Reliquary","Replay The Spire","Ruina","StSLib","The Cursed","The Marked","The Runesmith","Unceasing Turn Reminder","everything is the same but u backflip on backflip"],"gold_per_floor":[118,118,118,118,158,201,221,221,300,300,319,319,334,375,375,503,503,517,247,271,271,271,271],"floor_reached":22,"language":"ENG","playtime":912,"items_purged":["Perfected Strike"],"score":202,"play_id":"7cc2f59f-6673-40b6-831b-b433877dd52c","local_time":"20210215210110","is_ascension_mode":true,"campfire_choices":[{"floor":8,"key":"REST"},{"floor":12,"key":"REST"},{"data":"conspire:Purge","floor":15,"key":"SMITH"}],"circlet_count":0,"master_deck":["Strike_R","Strike_R","Strike_R","Strike_R","Defend_R","Defend_R","Defend_R","Eruption","ReplayTheSpireMod:Muscle Training","Warcry","Pummel","Warcry","Armaments","Clash","Iron Wave","Burning Pact","Flex","Armaments","conspire:Purge+1","Thunderclap","Feed","Bludgeon","conspire:Purge","ruina:BlindRage"],"relics":["energizedSpire:StickyHand","Golden Idol","Anchor","reliquary:PartyBalloon","reliquary:BallBearing","Quantum Egg","Busted Crown"],"acts_visited":["Exordium","Exordium"],"potions_floor_usage":[6,14,16,20,22],"damage_taken":[{"damage":0,"enemies":"Small Slimes","floor":1,"turns":3},{"damage":20,"enemies":"conspire:MimicChest","floor":5,"turns":4},{"damage":31,"enemies":"3 Sentries","floor":6,"turns":7},{"damage":0,"enemies":"conspire:RoseBush","floor":7,"turns":2},{"damage":2,"enemies":"Jaw Worm","floor":11,"turns":2},{"damage":1,"enemies":"3 Louse","floor":13,"turns":2},{"damage":19,"enemies":"Replay:BlueRogue","floor":14,"turns":5},{"damage":29,"enemies":"Hexaghost","floor":16,"turns":8},{"damage":10,"enemies":"ruina:BadWolf","floor":18,"turns":3},{"damage":11,"enemies":"ruina:Nosferatu","floor":20,"turns":2},{"damage":87,"enemies":"ruina:KnightOfDespair","floor":22,"turns":3}],"seed_played":"7103394704745892623","potions_obtained":[{"floor":5,"key":"GamblersBrew"},{"floor":6,"key":"SkillPotion"},{"floor":11,"key":"Guardian:BlockOnCardUsePotion"},{"floor":18,"key":"LiquidMemories"},{"floor":20,"key":"DuplicationPotion"}],"is_trial":false,"path_per_floor":["M","?","?","?","?","E","M","R","T","?","M","R","M","E","R","B",null,"M","$","M","?","M"],"character_chosen":"IRONCLAD","items_purchased":["ruina:BlindRage"],"campfire_rested":2,"item_purchase_floors":[19],"current_hp_per_floor":[80,80,80,60,40,9,9,33,33,33,31,55,54,35,35,6,80,73,73,62,66,0,0],"gold":271,"neow_bonus":"BOSS_RELIC","is_daily":false,"chose_seed":false,"campfire_upgraded":1,"win_rate":0.0,"timestamp":1613422870,"path_taken":["M","?","?","?","?","E","M","R","T","?","M","R","?","E","R","BOSS","M","$","M","?","?"],"items_purchased_type":["Card"],"build_version":"2020-12-22","purchased_purges":1,"victory":false,"max_hp_per_floor":[80,80,80,80,80,80,80,80,80,80,80,80,80,80,80,80,80,83,83,83,83,83,83],"card_choices":[{"not_picked":["Abandon","Pummel","Cleave"],"picked":"SKIP","floor":1},{"not_picked":["ReplayTheSpireMod:Muscle Training","Warcry"],"picked":"Pummel","floor":5},{"not_picked":["Thunderclap","Perfected Strike","Whirlwind"],"picked":"SKIP","floor":6},{"not_picked":["Warcry","Clash"],"picked":"Armaments","floor":7},{"not_picked":["Warcry","hubris:ReadiedAction"],"picked":"Iron Wave","floor":11},{"not_picked":["Burning Pact","Flex"],"picked":"Perfected Strike","floor":13},{"not_picked":["Armaments","Thunderclap"],"picked":"conspire:Purge","floor":14},{"not_picked":["Bludgeon","conspire:Purge"],"picked":"Feed","floor":16},{"not_picked":["Run Through+1"],"picked":"SKIP","floor":18},{"not_picked":["Carnage"],"picked":"SKIP","floor":20}],"player_experience":562830,"relics_obtained":[{"floor":5,"key":"Anchor"},{"floor":6,"key":"reliquary:PartyBalloon"},{"floor":9,"key":"reliquary:BallBearing"},{"floor":14,"key":"Quantum Egg"}],"event_choices":[{"damage_healed":0,"gold_gain":0,"player_choice":"Take Damage","damage_taken":20,"relics_obtained":["Golden Idol"],"max_hp_gain":0,"max_hp_loss":0,"event_name":"Golden Idol","floor":4,"gold_loss":0},{"damage_healed":4,"gold_gain":0,"player_choice":"LEAVE ","damage_taken":0,"relics_obtained":[],"max_hp_gain":0,"max_hp_loss":0,"event_name":"betterSkull:BetterSkull","floor":21,"gold_loss":0,"cards_upgraded":[]}],"is_beta":false,"boss_relics":[{"not_picked":["Electric Blood","reliquary:BigHammer"],"picked":"Busted Crown"}],"items_purged_floors":[19],"is_endless":false,"potions_floor_spawned":[5,6,11,18,20],"killed_by":"ruina:KnightOfDespair","ascension_level":1}}