{"host":"jpzdg3po3tjxdjri","time":1613433390,"event":{"mods":["BaseMod","Better Third Choice","Colored Map","Colored Powertips","Minty Spire (QoL Compilation)","StSLib"],"gold_per_floor":[111,33,33,0,65,97,164,176,188,231,255,267,279,309,321,430,442,472,496,508,537,567,610,622,647,659,690,269,297,297,307,307,410,410,422,432,309,325,325,325,325],"floor_reached":40,"language":"ENG","playtime":1455,"items_purged":["Strike_R","Reckless Charge"],"score":508,"play_id":"8fa86d57-0f84-49cc-a9af-13ef2980a95b","local_time":"20210215235630","is_ascension_mode":true,"campfire_choices":[{"floor":8,"key":"REST"},{"floor":12,"key":"REST"},{"data":"Searing Blow","floor":15,"key":"SMITH"},{"floor":24,"key":"REST"},{"floor":30,"key":"REST"},{"data":"True Grit","floor":32,"key":"SMITH"}],"circlet_count":0,"master_deck":["Bash","Rupture","Pommel Strike","Hemokinesis+1","Enlightenment","Inflame","Carnage","Immolate","Shrug It Off","Inflame","Searing Blow+1","True Grit+1","Headbutt","Demon Form","Metallicize","Shrug It Off+1","Flex+1","Rampage","Juggernaut","Headbutt+1","Disarm","Uppercut+1","Fire Breathing","Heavy Blade","Blood for Blood","Shrug It Off","Metallicize","Carnage+1","Blood for Blood+1","Exhume","Dark Embrace","Twin Strike","Dual Wield","Whirlwind","Impervious","Battle Trance","Armaments","Rampage+1","Bloodletting+1","Shrug It Off","Purity"],"relics":["Burning Blood","MawBank","Potion Belt","Oddly Smooth Stone","Prayer Wheel","Philosopher\u0027s Stone","Vajra","Membership Card","Mummified Hand","Lantern","Eternal Feather","Pandora\u0027s Box","MealTicket"],"acts_visited":["Exordium","TheCity","TheBeyond"],"potions_floor_usage":[18,18,23,29,40],"damage_taken":[{"damage":0,"enemies":"Small Slimes","floor":1,"turns":3},{"damage":35,"enemies":"3 Sentries","floor":6,"turns":8},{"damage":32,"enemies":"Lagavulin Event","floor":7,"turns":5},{"damage":30,"enemies":"Gremlin Nob","floor":10,"turns":4},{"damage":2,"enemies":"2 Louse","floor":11,"turns":2},{"damage":0,"enemies":"Cultist","floor":14,"turns":2},{"damage":40,"enemies":"Slime Boss","floor":16,"turns":8},{"damage":4,"enemies":"3 Byrds","floor":18,"turns":4},{"damage":13,"enemies":"2 Thieves","floor":19,"turns":3},{"damage":16,"enemies":"Centurion and Healer","floor":21,"turns":6},{"damage":14,"enemies":"Cultist and Chosen","floor":22,"turns":5},{"damage":55,"enemies":"Slavers","floor":23,"turns":6},{"damage":12,"enemies":"Chosen and Byrds","floor":25,"turns":4},{"damage":36,"enemies":"3 Cultists","floor":27,"turns":6},{"damage":25,"enemies":"Book of Stabbing","floor":29,"turns":4},{"damage":9,"enemies":"Centurion and Healer","floor":31,"turns":4},{"damage":16,"enemies":"Champ","floor":33,"turns":8},{"damage":17,"enemies":"3 Darklings","floor":35,"turns":4},{"damage":18,"enemies":"3 Shapes","floor":36,"turns":6},{"damage":24,"enemies":"Sphere and 2 Shapes","floor":38,"turns":7},{"damage":67,"enemies":"Reptomancer","floor":40,"turns":2}],"seed_played":"5045939817377435838","potions_obtained":[{"floor":7,"key":"Block Potion"},{"floor":10,"key":"FearPotion"},{"floor":14,"key":"Block Potion"},{"floor":16,"key":"DuplicationPotion"},{"floor":18,"key":"DuplicationPotion"},{"floor":19,"key":"FairyPotion"},{"floor":23,"key":"SpeedPotion"},{"floor":27,"key":"ElixirPotion"},{"floor":35,"key":"Energy Potion"},{"floor":36,"key":"LiquidMemories"}],"is_trial":false,"path_per_floor":["M","$","?","?","?","E","?","R","T","E","M","R","?","M","R","B",null,"M","M","?","M","M","E","R","M","T","M","$","E","R","M","R","B",null,"M","M","$","M","?","E"],"character_chosen":"IRONCLAD","items_purchased":["Hemokinesis","Membership Card","Mummified Hand","Lantern","Metallicize","MealTicket"],"campfire_rested":4,"item_purchase_floors":[2,28,28,28,28,37],"current_hp_per_floor":[80,80,64,70,70,41,15,40,40,16,20,45,45,51,51,17,86,86,79,79,69,61,12,37,31,31,31,31,12,58,55,76,66,86,75,63,63,45,45,0,0],"gold":325,"neow_bonus":"THREE_CARDS","is_daily":false,"chose_seed":false,"campfire_upgraded":2,"win_rate":0.0,"timestamp":1613433390,"path_taken":["M","$","?","?","?","E","?","R","T","E","M","R","?","?","R","BOSS","M","M","?","M","M","E","R","M","T","M","$","E","R","M","R","BOSS","M","M","$","M","?","E"],"items_purchased_type":["Card","Relic","Relic","Relic","Card","Relic"],"build_version":"2020-12-22","purchased_purges":2,"victory":false,"max_hp_per_floor":[80,80,80,86,86,86,86,86,86,86,86,86,86,86,86,86,86,86,86,86,86,86,86,86,86,86,86,86,86,86,86,86,86,86,86,86,86,86,86,86,86],"card_choices":[{"not_picked":["Sentinel","Headbutt"],"picked":"Rupture","floor":0},{"not_picked":["Shrug It Off","Headbutt"],"picked":"Pommel Strike","floor":1},{"not_picked":["Whirlwind","Heavy Blade"],"picked":"Inflame","floor":6},{"not_picked":["Warcry","Thunderclap"],"picked":"Carnage","floor":7},{"not_picked":["Whirlwind","Havoc"],"picked":"Immolate","floor":10},{"not_picked":["Clash","Headbutt"],"picked":"Shrug It Off","floor":11},{"not_picked":["Wild Strike","Body Slam"],"picked":"Inflame","floor":11},{"not_picked":["Flex","Dropkick"],"picked":"True Grit","floor":14},{"not_picked":["Sentinel","Iron Wave"],"picked":"Headbutt","floor":14},{"not_picked":["Fiend Fire","Feed"],"picked":"Demon Form","floor":16},{"not_picked":["Body Slam","Evolve"],"picked":"Metallicize","floor":18},{"not_picked":["Twin Strike+1","Anger"],"picked":"Shrug It Off+1","floor":18},{"not_picked":["Twin Strike","Wild Strike+1"],"picked":"Flex+1","floor":19},{"not_picked":["Reckless Charge","Warcry"],"picked":"Rampage","floor":19},{"not_picked":["Feel No Pain","Pummel"],"picked":"Headbutt+1","floor":21},{"not_picked":["Seeing Red","Double Tap"],"picked":"Disarm","floor":21},{"not_picked":["Thunderclap","Body Slam"],"picked":"Uppercut+1","floor":22},{"not_picked":["Flex+1","Heavy Blade","Wild Strike"],"picked":"SKIP","floor":22},{"not_picked":["Carnage","Brutality","Searing Blow"],"picked":"SKIP","floor":23},{"not_picked":["Reckless Charge","True Grit"],"picked":"Fire Breathing","floor":25},{"not_picked":["Pommel Strike","Rage"],"picked":"Heavy Blade","floor":25},{"not_picked":["Cleave","Havoc"],"picked":"Blood for Blood","floor":27},{"not_picked":["Flex","Wild Strike"],"picked":"Shrug It Off","floor":27},{"not_picked":["Dropkick","Armaments"],"picked":"Carnage+1","floor":29},{"not_picked":["Corruption","Rampage+1"],"picked":"Blood for Blood+1","floor":31},{"not_picked":["Clash","True Grit","Sever Soul"],"picked":"SKIP","floor":31},{"not_picked":["Fiend Fire","Brutality"],"picked":"Exhume","floor":33},{"not_picked":["Thunderclap","Dark Embrace"],"picked":"Rampage+1","floor":35},{"not_picked":["Havoc+1","Clash+1"],"picked":"Bloodletting+1","floor":35},{"not_picked":["Second Wind","Havoc","Cleave+1"],"picked":"SKIP","floor":36},{"not_picked":["Rampage+1","Cleave","True Grit"],"picked":"SKIP","floor":36},{"not_picked":["Sword Boomerang","Exhume"],"picked":"Shrug It Off","floor":38},{"not_picked":["Cleave+1","Entrench+1","Twin Strike+1"],"picked":"SKIP","floor":38}],"player_experience":910272,"relics_obtained":[{"floor":6,"key":"MawBank"},{"floor":9,"key":"Oddly Smooth Stone"},{"floor":10,"key":"Prayer Wheel"},{"floor":23,"key":"Vajra"},{"floor":29,"key":"Eternal Feather"}],"event_choices":[{"damage_healed":80,"gold_gain":0,"player_choice":"Upgrade","damage_taken":16,"max_hp_gain":0,"max_hp_loss":80,"event_name":"betterThird:BetterShining","floor":3,"gold_loss":0,"cards_upgraded":["Hemokinesis","Strike_R"]},{"damage_healed":0,"gold_gain":0,"player_choice":"RENOUNCE","damage_taken":33,"max_hp_gain":0,"max_hp_loss":0,"event_name":"betterThird:BetterSerpent","floor":4,"gold_loss":33,"cards_obtained":["Enlightenment"]},{"damage_healed":0,"gold_gain":65,"player_choice":"Gained Gold","damage_taken":0,"max_hp_gain":0,"max_hp_loss":0,"event_name":"Golden Wing","floor":5,"gold_loss":0},{"damage_healed":0,"gold_gain":0,"player_choice":"Searched \u00272\u0027 times","damage_taken":0,"relics_obtained":["Potion Belt"],"max_hp_gain":0,"max_hp_loss":0,"event_name":"Dead Adventurer","floor":7,"gold_loss":0},{"damage_healed":0,"gold_gain":0,"player_choice":"1 cards matched","damage_taken":0,"max_hp_gain":0,"max_hp_loss":0,"event_name":"Match and Keep!","floor":13,"gold_loss":0,"cards_obtained":["Searing Blow"]},{"damage_healed":0,"gold_gain":0,"player_choice":"1 cards matched","damage_taken":0,"max_hp_gain":0,"max_hp_loss":0,"event_name":"Match and Keep!","floor":20,"gold_loss":0,"cards_obtained":["Juggernaut"]},{"damage_healed":0,"gold_gain":0,"player_choice":"1 cards matched","damage_taken":0,"max_hp_gain":0,"max_hp_loss":0,"event_name":"Match and Keep!","floor":39,"gold_loss":0,"cards_obtained":["Purity"]}],"is_beta":false,"boss_relics":[{"not_picked":["Runic Pyramid","Runic Dome"],"picked":"Philosopher\u0027s Stone"},{"not_picked":["Snecko Eye","Coffee Dripper"],"picked":"Pandora\u0027s Box"}],"items_purged_floors":[28,37],"is_endless":false,"potions_floor_spawned":[7,10,14,16,18,19,23,27,35,36],"killed_by":"Reptomancer","ascension_level":1}}