{"host":"i2s4iw62z1dejrqn","time":1613372525,"event":{"mods":["AchievementEnabler","BaseMod","Minty Spire (QoL Compilation)","Random Character Button","SuperFastMode"],"gold_per_floor":[119,194,144,157,10,10,24,37,37,51,51,51,51],"floor_reached":12,"language":"KOR","playtime":453,"items_purged":[],"score":98,"play_id":"9413c8d1-347e-4fab-a9dd-eb5e113e9984","local_time":"20210215160205","is_ascension_mode":true,"campfire_choices":[{"data":"Bash","floor":6.0,"key":"SMITH"}],"circlet_count":0,"master_deck":["Strike_R","Strike_R","Defend_R","Defend_R","Defend_R","Bash+1","Combust","Clothesline","Power Through","Blood for Blood","Feed"],"relics":["Burning Blood","MealTicket","Potion Belt"],"acts_visited":["Exordium"],"potions_floor_usage":[12,12],"damage_taken":[{"damage":7.0,"enemies":"Jaw Worm","floor":1.0,"turns":3.0},{"damage":6.0,"enemies":"Small Slimes","floor":4.0,"turns":3.0},{"damage":4.0,"enemies":"Cultist","floor":7.0,"turns":3.0},{"damage":8.0,"enemies":"Exordium Wildlife","floor":8.0,"turns":4.0},{"damage":19.0,"enemies":"Exordium Thugs","floor":10.0,"turns":4.0},{"damage":45,"enemies":"3 Sentries","floor":12,"turns":4}],"seed_played":"8167987022782519152","potions_obtained":[{"floor":1.0,"key":"Dexterity Potion"},{"floor":7.0,"key":"FearPotion"}],"is_trial":false,"path_per_floor":["M","?","?","M","$","R","M","M","T","M","?","E"],"character_chosen":"IRONCLAD","items_purchased":["MealTicket"],"campfire_rested":0,"item_purchase_floors":[5],"current_hp_per_floor":[71,60,60,60,60,60,62,60,60,47,40,0,0],"gold":51,"neow_bonus":"TRANSFORM_TWO_CARDS","is_daily":false,"chose_seed":false,"campfire_upgraded":1,"win_rate":0.0,"timestamp":1613372525,"path_taken":["M","?","?","M","$","R","M","M","T","M","?","E"],"items_purchased_type":["Relic"],"build_version":"2020-12-22","purchased_purges":0,"victory":false,"max_hp_per_floor":[72,72,72,72,72,72,72,72,72,72,72,72,72],"card_choices":[{"not_picked":["Cleave","Metallicize"],"picked":"Power Through","floor":1.0},{"not_picked":["Hemokinesis","Twin Strike","Wild Strike"],"picked":"SKIP","floor":4.0},{"not_picked":["Flex","Armaments","Thunderclap"],"picked":"SKIP","floor":7.0},{"not_picked":["Clothesline","Perfected Strike"],"picked":"Blood for Blood","floor":8.0},{"not_picked":["Cleave","Disarm"],"picked":"Feed","floor":10.0}],"player_experience":462686,"relics_obtained":[{"floor":9.0,"key":"Potion Belt"}],"event_choices":[{"damage_healed":0.0,"max_hp_gain":0.0,"max_hp_loss":0.0,"gold_gain":75.0,"event_name":"World of Goop","player_choice":"Gather Gold","floor":2.0,"gold_loss":0.0,"damage_taken":11.0},{"cards_removed":["Defend_R"],"damage_healed":0.0,"max_hp_gain":0.0,"max_hp_loss":0.0,"gold_gain":0.0,"event_name":"The Cleric","player_choice":"Card Removal","floor":3.0,"gold_loss":50.0,"damage_taken":0.0},{"cards_removed":["Strike_R"],"damage_healed":0.0,"max_hp_gain":0.0,"max_hp_loss":0.0,"gold_gain":0.0,"event_name":"Golden Wing","player_choice":"Card Removal","floor":11.0,"gold_loss":0.0,"damage_taken":7.0}],"is_beta":false,"boss_relics":[],"items_purged_floors":[],"is_endless":false,"potions_floor_spawned":[1,7],"killed_by":"3 Sentries","ascension_level":8}}