{"host":"hrvs05np4ys7itky","time":1613354552,"event":{"mods":["BaseMod","Colored Map","Colored Powertips","Downfall","Emptier Cage","Hermit","Highlight Path","Minty Spire (QoL Compilation)","Permanent Neow","Rare Cards Sparkle","Relic Stats","StSLib","everything is the same but u backflip on backflip"],"gold_per_floor":[117,292,292,302,316,344,344,369,369,380,380,408,408,427,427,498,498,510,113,123,123,133,165,176,206,256,256,256,276,289,322,322,399,399,417,432,445,98,98,130,142,157,157,192,192,211,244,259,259,259],"floor_reached":51,"language":"ENG","playtime":3701,"items_purged":["Strike_R","Defend_R"],"score":1487,"play_id":"6998484a-dd01-4f13-a55b-4c871c48f7f8","local_time":"20210214210232","is_ascension_mode":true,"campfire_choices":[{"floor":7.0,"key":"REST"},{"floor":11.0,"key":"REST"},{"data":"Shockwave","floor":13.0,"key":"SMITH"},{"data":"Iron Wave","floor":15.0,"key":"SMITH"},{"data":"1","floor":27,"key":"LIFT"},{"floor":32,"key":"REST"},{"data":"2","floor":45,"key":"LIFT"},{"data":"3","floor":49,"key":"LIFT"}],"circlet_count":0,"master_deck":["AscendersBane","Defend_R","Defend_R","Bash","Iron Wave+1","Shockwave+1","Twin Strike","Pommel Strike","Feel No Pain","Metallicize","Shrug It Off","Limit Break","Iron Wave","Immolate","Carnage+1","Spot Weakness","True Grit","RitualDagger","Battle Trance","Shrug It Off+1","Slimebound:Tackle+1","Slimebound:Tackle+1","Slimebound:Tackle+1","True Grit+1","Disarm+1","Corruption","Sword Boomerang+1","Fire Breathing","Bloodletting+1","Dark Embrace+1","True Grit+1","Rage+1","Demon Form","Armaments+1","True Grit+1"],"relics":["Burning Blood","Singing Bowl","Bottled Flame","Eternal Feather","Incense Burner","Mark of Pain","Matryoshka","Red Skull","Girya","Toxic Egg 2","Smiling Mask","Slimebound:PreparedRelic","Runic Pyramid","Sling","Dead Branch","Blood Vial","Question Card","Molten Egg 2","Bag of Preparation"],"acts_visited":["Exordium","TheCity","TheBeyond"],"potions_floor_usage":[33,44,48],"damage_taken":[{"damage":14.0,"enemies":"Jaw Worm","floor":1.0,"turns":5.0},{"damage":1.0,"enemies":"2 Louse","floor":4.0,"turns":4.0},{"damage":0.0,"enemies":"Cultist","floor":5.0,"turns":4.0},{"damage":43.0,"enemies":"Lagavulin","floor":6.0,"turns":9.0},{"damage":23.0,"enemies":"3 Sentries","floor":8.0,"turns":11.0},{"damage":14.0,"enemies":"Large Slime","floor":10.0,"turns":7.0},{"damage":33.0,"enemies":"Lagavulin","floor":12.0,"turns":8.0},{"damage":8.0,"enemies":"Looter","floor":14.0,"turns":4.0},{"damage":15.0,"enemies":"The Guardian","floor":16.0,"turns":20.0},{"damage":10.0,"enemies":"3 Byrds","floor":18.0,"turns":6.0},{"damage":1.0,"enemies":"Chosen","floor":20.0,"turns":4.0},{"damage":17.0,"enemies":"Snake Plant","floor":22.0,"turns":3.0},{"damage":27,"enemies":"Book of Stabbing","floor":23,"turns":5},{"damage":3,"enemies":"Sentry and Sphere","floor":24,"turns":5},{"damage":9,"enemies":"Gremlin Leader","floor":25,"turns":5},{"damage":0,"enemies":"Centurion and Healer","floor":29,"turns":6},{"damage":22,"enemies":"Shelled Parasite and Fungi","floor":30,"turns":6},{"damage":27,"enemies":"Book of Stabbing","floor":31,"turns":5},{"damage":54,"enemies":"Champ","floor":33,"turns":12},{"damage":25,"enemies":"3 Darklings","floor":35,"turns":5},{"damage":3,"enemies":"Orb Walker","floor":36,"turns":4},{"damage":22,"enemies":"Transient","floor":37,"turns":5},{"damage":3,"enemies":"Giant Head","floor":40,"turns":6},{"damage":17,"enemies":"Spire Growth","floor":41,"turns":3},{"damage":11,"enemies":"Sphere and 2 Shapes","floor":42,"turns":3},{"damage":3,"enemies":"Reptomancer","floor":44,"turns":3},{"damage":1,"enemies":"Transient","floor":46,"turns":5},{"damage":9,"enemies":"Giant Head","floor":47,"turns":6},{"damage":3,"enemies":"Spire Growth","floor":48,"turns":3},{"damage":53,"enemies":"Time Eater","floor":50,"turns":7}],"seed_played":"-3238273507718008530","potions_obtained":[{"floor":5.0,"key":"LiquidMemories"},{"floor":8.0,"key":"Ancient Potion"},{"floor":12.0,"key":"champ:CounterPotion"},{"floor":18.0,"key":"PowerPotion"},{"floor":24,"key":"Guardian:BlockOnCardUsePotion"},{"floor":36,"key":"sneckomod:MuddlingPotion"},{"floor":39,"key":"PowerPotion"},{"floor":42,"key":"DistilledChaos"},{"floor":46,"key":"BloodPotion"}],"is_trial":false,"path_per_floor":["M","?","?","M","M","E","R","E","T","M","R","E","R","M","R","B",null,"M","$","M","?","M","E","M","E","T","R","?","M","M","E","R","B",null,"M","M","M","$","?","E","M","M","T","E","R","M","E","M","R","B",null],"character_chosen":"IRONCLAD","items_purchased":["Spot Weakness","Matryoshka","True Grit","Fire Breathing","Sling","Bloodletting+1"],"campfire_rested":3,"item_purchase_floors":[19,19,19,38,38,38],"current_hp_per_floor":[64,64,64,69,75,38,62,45,45,37,70,43,52,50,59,50,73,69,69,76,70,59,38,43,42,42,57,57,63,49,28,69,21,71,54,59,43,43,43,46,35,30,30,35,53,62,61,84,94,47],"gold":259,"neow_bonus":"TRANSFORM_CARD","is_daily":false,"chose_seed":false,"campfire_upgraded":2,"win_rate":0.0,"timestamp":1613354552,"path_taken":["M","?","?","M","M","E","R","E","T","?","R","E","R","M","R","BOSS","M","$","M","?","M","E","M","E","T","R","?","M","M","E","R","BOSS","M","M","M","$","?","E","M","?","T","E","R","M","E","M","R","BOSS"],"items_purchased_type":["Card","Relic","Card","Card","Relic","Card"],"build_version":"2020-12-22","purchased_purges":2,"victory":true,"max_hp_per_floor":[80,80,80,80,80,80,80,80,80,80,80,80,80,80,80,80,80,80,80,82,82,82,82,84,86,86,86,86,86,88,88,88,88,88,90,92,92,92,92,92,92,92,92,92,92,94,94,94,94,94],"relic_stats":{"Blood Vial":8,"Singing Bowl":14,"counters":[30,179],"Dead Branch":[97],"Eternal Feather":85,"Bag of Preparation":[4],"Smiling Mask":50,"Question Card":4,"obtain_stats":[{"Girya":25,"Singing Bowl":6,"Dead Branch":40,"Eternal Feather":9,"Incense Burner":12,"Bag of Preparation":47,"Smiling Mask":26,"Sling":38,"Question Card":43,"Burning Blood":0,"Blood Vial":43,"Bottled Flame":8,"Matryoshka":19,"Molten Egg 2":44,"Mark of Pain":17,"Slimebound:PreparedRelic":31,"Toxic Egg 2":26,"Red Skull":23,"Runic Pyramid":34},{"Girya":15,"Singing Bowl":4,"Dead Branch":23,"Eternal Feather":5,"Incense Burner":7,"Bag of Preparation":28,"Smiling Mask":15,"Sling":22,"Question Card":25,"Burning Blood":0,"Blood Vial":25,"Bottled Flame":5,"Matryoshka":10,"Molten Egg 2":26,"Mark of Pain":9,"Slimebound:PreparedRelic":18,"Toxic Egg 2":15,"Red Skull":13,"Runic Pyramid":19},{"Girya":100,"Singing Bowl":22,"Dead Branch":149,"Eternal Feather":33,"Incense Burner":48,"Bag of Preparation":169,"Smiling Mask":100,"Sling":143,"Question Card":155,"Burning Blood":0,"Blood Vial":155,"Bottled Flame":33,"Matryoshka":78,"Molten Egg 2":158,"Mark of Pain":72,"Slimebound:PreparedRelic":117,"Toxic Egg 2":100,"Red Skull":90,"Runic Pyramid":129}],"Burning Blood":180},"card_choices":[{"not_picked":["Thunderclap","Battle Trance"],"picked":"Shockwave","floor":1.0},{"not_picked":["Headbutt","Body Slam"],"picked":"Twin Strike","floor":4.0},{"not_picked":["Sentinel","Pommel Strike","Havoc"],"picked":"SKIP","floor":5.0},{"not_picked":["Sentinel","Havoc"],"picked":"Pommel Strike","floor":5.0},{"not_picked":["Blood for Blood","Body Slam"],"picked":"Feel No Pain","floor":6.0},{"not_picked":["Searing Blow","Thunderclap"],"picked":"Metallicize","floor":8.0},{"not_picked":["Perfected Strike","Armaments"],"picked":"Shrug It Off","floor":10.0},{"not_picked":["Shrug It Off","Barricade"],"picked":"Limit Break","floor":12.0},{"not_picked":["Sever Soul","Flex"],"picked":"Iron Wave","floor":14.0},{"not_picked":["Juggernaut","Impervious"],"picked":"Immolate","floor":16.0},{"not_picked":["Sword Boomerang","Shrug It Off"],"picked":"Carnage+1","floor":18.0},{"not_picked":["Sentinel","Iron Wave","Wild Strike"],"picked":"Singing Bowl","floor":20.0},{"not_picked":["Combust","Disarm"],"picked":"Battle Trance","floor":22},{"not_picked":["Evolve+1","Sever Soul"],"picked":"Shrug It Off+1","floor":23},{"not_picked":["Pommel Strike","Anger","Clash"],"picked":"Singing Bowl","floor":24},{"not_picked":["Flame Barrier","Carnage","Dual Wield"],"picked":"Singing Bowl","floor":25},{"not_picked":["Perfected Strike","Thunderclap"],"picked":"True Grit+1","floor":29},{"not_picked":["Sever Soul","Shockwave+1","Twin Strike"],"picked":"Singing Bowl","floor":30},{"not_picked":["Barricade","True Grit+1"],"picked":"Disarm+1","floor":31},{"not_picked":["Feed","Berserk"],"picked":"Corruption","floor":33},{"not_picked":["Pommel Strike","Reckless Charge","Perfected Strike"],"picked":"Singing Bowl","floor":35},{"not_picked":["Infernal Blade+1","Power Through+1","Whirlwind"],"picked":"Singing Bowl","floor":36},{"not_picked":["Twin Strike","Warcry+1"],"picked":"Sword Boomerang+1","floor":37},{"not_picked":["Flex+1","Twin Strike"],"picked":"Dark Embrace+1","floor":40},{"not_picked":["Heavy Blade","Iron Wave+1"],"picked":"True Grit+1","floor":41},{"not_picked":["Perfected Strike","Anger+1"],"picked":"Rage+1","floor":42},{"not_picked":["Combust","Sword Boomerang+1","Metallicize"],"picked":"Demon Form","floor":44},{"not_picked":["Whirlwind+1","Warcry+1","Burning Pact+1","Cleave+1"],"picked":"Singing Bowl","floor":46},{"not_picked":["Juggernaut","Reaper+1","Ghostly Armor+1"],"picked":"Armaments+1","floor":47},{"not_picked":["Entrench+1","Flex+1","Heavy Blade+1"],"picked":"True Grit+1","floor":48}],"player_experience":1081023,"relics_obtained":[{"floor":6.0,"key":"Singing Bowl"},{"floor":8.0,"key":"Bottled Flame"},{"floor":9.0,"key":"Eternal Feather"},{"floor":12.0,"key":"Incense Burner"},{"floor":23,"key":"Red Skull"},{"floor":25,"key":"Girya"},{"floor":26,"key":"Toxic Egg 2"},{"floor":26,"key":"Smiling Mask"},{"floor":31,"key":"Slimebound:PreparedRelic"},{"floor":40,"key":"Dead Branch"},{"floor":43,"key":"Blood Vial"},{"floor":43,"key":"Question Card"},{"floor":44,"key":"Molten Egg 2"},{"floor":47,"key":"Bag of Preparation"}],"event_choices":[{"damage_healed":0.0,"max_hp_gain":0.0,"max_hp_loss":0.0,"gold_gain":175.0,"event_name":"Liars Game","player_choice":"AGREE","floor":2.0,"gold_loss":0.0,"damage_taken":0.0,"cards_obtained":["Doubt"]},{"cards_removed":["Doubt"],"damage_healed":0.0,"max_hp_gain":0.0,"max_hp_loss":0.0,"gold_gain":0.0,"event_name":"Purifier","player_choice":"Purged","floor":3.0,"gold_loss":0.0,"damage_taken":0.0},{"damage_healed":0.0,"max_hp_gain":0.0,"max_hp_loss":0.0,"gold_gain":0.0,"event_name":"Nest","player_choice":"Joined the Cult","floor":21.0,"gold_loss":0.0,"damage_taken":6.0,"cards_obtained":["RitualDagger"]},{"damage_healed":0,"gold_gain":0,"player_choice":"Got Potions","damage_taken":0,"max_hp_gain":0,"max_hp_loss":0,"event_name":"Lab","floor":39,"gold_loss":0}],"is_beta":false,"boss_relics":[{"not_picked":["expansioncontent:StudyCardRelic","Snecko Eye"],"picked":"Mark of Pain"},{"not_picked":["SacredBark","Astrolabe"],"picked":"Runic Pyramid"}],"items_purged_floors":[19,38],"is_endless":false,"potions_floor_spawned":[5,8,12,18,24,31,36,37,42,46,47],"ascension_level":13}}