{"host":"yy1cu9q9bsxhflzi","time":1613416395,"event":{"mods":["BaseMod","DeckTracker","Minty Spire (QoL Compilation)","Quick Restart","StSLib","SuperFastMode","everything is the same but u backflip on backflip"],"gold_per_floor":[151,164,194,247,247,282,282,282,282,282,323,143,143,204,204,283,283,368,363,101,144,144,144,144,144],"floor_reached":24,"language":"KOR","playtime":534,"items_purged":["Defend_G","Strike_G"],"score":366,"play_id":"366b6347-25cc-4738-9b4b-a9392bedb7c4","local_time":"20210216041315","is_ascension_mode":true,"campfire_choices":[{"floor":7,"key":"REST"},{"data":"HandOfGreed","floor":10,"key":"SMITH"},{"data":"Neutralize","floor":15,"key":"SMITH"},{"floor":23,"key":"REST"}],"circlet_count":0,"master_deck":["AscendersBane","Strike_G","Strike_G","Strike_G","Defend_G","Defend_G","Defend_G","Survivor","Neutralize+1","HandOfGreed+1","Acrobatics","Blade Dance","Dagger Spray","Slice","Adrenaline","Escape Plan","Backflip","Deadly Poison","Eviscerate","After Image","Footwork","After Image","Decay"],"relics":["Ring of the Snake","Prayer Wheel","Mummified Hand","Runic Pyramid","TheAbacus"],"acts_visited":["Exordium","TheCity"],"potions_floor_usage":[6,16,24],"damage_taken":[{"damage":0.0,"enemies":"2 Louse","floor":1.0,"turns":4.0},{"damage":11.0,"enemies":"Cultist","floor":2.0,"turns":4.0},{"damage":2.0,"enemies":"Jaw Worm","floor":3.0,"turns":4.0},{"damage":10.0,"enemies":"Exordium Wildlife","floor":4.0,"turns":4.0},{"damage":19,"enemies":"3 Sentries","floor":6,"turns":8},{"damage":0,"enemies":"2 Fungi Beasts","floor":11,"turns":2},{"damage":7,"enemies":"Lots of Slimes","floor":14,"turns":7},{"damage":12,"enemies":"Hexaghost","floor":16,"turns":9},{"damage":0,"enemies":"3 Byrds","floor":18,"turns":7},{"damage":15,"enemies":"2 Thieves","floor":19,"turns":4},{"damage":18,"enemies":"Snake Plant","floor":21,"turns":6},{"damage":4,"enemies":"Masked Bandits","floor":24,"turns":2}],"seed_played":"-6599317519971885287","potions_obtained":[{"floor":1.0,"key":"Poison Potion"},{"floor":11,"key":"GamblersBrew"},{"floor":16,"key":"PowerPotion"}],"is_trial":false,"path_per_floor":["M","M","M","M","?","E","R","?","T","R","M","$","?","M","R","B",null,"M","M","$","M","?","R","?"],"character_chosen":"THE_SILENT","items_purchased":["CultistPotion","TheAbacus"],"campfire_rested":2,"item_purchase_floors":[12,20],"current_hp_per_floor":[59,48,46,36,36,17,35,35,35,35,35,35,28,21,21,9,47,47,32,32,14,14,32,28,28],"gold":144,"neow_bonus":"RANDOM_COLORLESS_2","is_daily":false,"chose_seed":false,"campfire_upgraded":2,"win_rate":0.0,"timestamp":1613416395,"path_taken":["M","M","M","M","?","E","R","?","T","R","?","$","?","M","R","BOSS","M","M","$","M","?","R","?"],"items_purchased_type":["Potion","Relic"],"build_version":"2020-12-22","purchased_purges":2,"victory":false,"max_hp_per_floor":[60,60,60,60,60,60,60,60,60,60,60,60,60,60,60,60,60,60,60,60,60,60,60,60,60],"card_choices":[{"not_picked":["Secret Technique","Metamorphosis"],"picked":"HandOfGreed","floor":0.0},{"not_picked":["Deadly Poison","PiercingWail"],"picked":"Acrobatics","floor":1.0},{"not_picked":["Poisoned Stab","Dagger Spray"],"picked":"Blade Dance","floor":2.0},{"not_picked":["Skewer","Bane"],"picked":"Dagger Spray","floor":3.0},{"not_picked":["Finisher","Catalyst"],"picked":"Slice","floor":4.0},{"not_picked":["Crippling Poison","Masterful Stab"],"picked":"Adrenaline","floor":6},{"not_picked":["Dagger Spray","Outmaneuver"],"picked":"Escape Plan","floor":11},{"not_picked":["PiercingWail","Underhanded Strike"],"picked":"Backflip","floor":11},{"not_picked":["Prepared","Choke"],"picked":"Deadly Poison","floor":14},{"not_picked":["Dodge and Roll","Dagger Spray"],"picked":"Eviscerate","floor":14},{"not_picked":["Grand Finale","Glass Knife"],"picked":"After Image","floor":16},{"not_picked":["Quick Slash","Poisoned Stab"],"picked":"Footwork","floor":18},{"not_picked":["Poisoned Stab","Riddle With Holes","Sucker Punch"],"picked":"SKIP","floor":18},{"not_picked":["Sucker Punch","Setup","Bane"],"picked":"SKIP","floor":19},{"not_picked":["Deflect","Cloak And Dagger","Dagger Throw"],"picked":"SKIP","floor":19},{"not_picked":["Heel Hook","Masterful Stab+1"],"picked":"After Image","floor":21},{"not_picked":["Setup+1","Dagger Throw+1","Dagger Spray"],"picked":"SKIP","floor":21}],"player_experience":3916419,"relics_obtained":[{"floor":6,"key":"Prayer Wheel"},{"floor":9,"key":"Mummified Hand"}],"event_choices":[{"cards_removed":["Strike_G"],"damage_healed":0,"gold_gain":0,"player_choice":"Forget","damage_taken":0,"max_hp_gain":0,"max_hp_loss":0,"event_name":"Living Wall","floor":5,"gold_loss":0},{"damage_healed":0,"gold_gain":0,"player_choice":"0 cards matched","damage_taken":0,"max_hp_gain":0,"max_hp_loss":0,"event_name":"Match and Keep!","floor":8,"gold_loss":0,"cards_obtained":[]},{"cards_removed":["Defend_G"],"damage_healed":0,"gold_gain":0,"player_choice":"Card Removal","damage_taken":7,"max_hp_gain":0,"max_hp_loss":0,"event_name":"Golden Wing","floor":13,"gold_loss":0},{"damage_healed":0,"gold_gain":0,"player_choice":"Smashed Altar","damage_taken":0,"max_hp_gain":0,"max_hp_loss":0,"event_name":"Forgotten Altar","floor":22,"gold_loss":0,"cards_obtained":["Decay"]},{"damage_healed":0,"gold_gain":0,"player_choice":"Fought Bandits","damage_taken":0,"max_hp_gain":0,"max_hp_loss":0,"event_name":"Masked Bandits","floor":24,"gold_loss":0}],"is_beta":false,"boss_relics":[{"not_picked":["Cursed Key","Empty Cage"],"picked":"Runic Pyramid"}],"items_purged_floors":[12,20],"is_endless":false,"potions_floor_spawned":[1,11,14,16,18,19],"killed_by":"Masked Bandits","ascension_level":17}}