{"host":"yn9ark2hagzvtzkg","time":1613400536,"event":{"mods":["AchievementEnabler","BaseMod","Minty Spire (QoL Compilation)","StSLib","The Runesmith"],"gold_per_floor":[115,115,139,139,152,190,190,225,251,251,269,290,303,193,193,312,312,332,161,76,76,1,40,40,40,63,78,78,114,134,147,147,267,267,280,613,613,638,658,689,689,702,702,58,73,73,73,87,87,87],"floor_reached":51,"language":"KOR","playtime":3615,"items_purged":["Runesmith:Strike_RS","Runesmith:Defend_RS","Runesmith:Strike_RS"],"score":775,"play_id":"07964835-c6d1-4d6f-bbc4-a4a8cac9558e","local_time":"20210215234856","is_ascension_mode":false,"campfire_choices":[{"floor":10.0,"key":"REST"},{"floor":15.0,"key":"REST"},{"data":"Runesmith:LithiumIon","floor":24,"key":"SMITH"},{"floor":28,"key":"REST"},{"floor":32,"key":"REST"},{"floor":41,"key":"REST"},{"floor":47,"key":"REST"},{"floor":49,"key":"REST"}],"circlet_count":0,"master_deck":["Runesmith:Strike_RS","Runesmith:Strike_RS","Runesmith:Defend_RS","Runesmith:Defend_RS","Runesmith:CraftFirestone","Runesmith:Fortify","Runesmith:HeatExchange","Runesmith:CraftProtectio","Runesmith:RuneHurl","Runesmith:FrozenChisel","Runesmith:CraftProtectio","Runesmith:EarthShield","Runesmith:CraftMagma","Runesmith:PerfectChisel","Runesmith:Reinforce","Runesmith:LightningRod","Runesmith:ChiselStab+1","Runesmith:CraftObretio","Runesmith:LithiumIon+1","Runesmith:LightningRod","Runesmith:CraftMagma+1","Runesmith:MetallurgicalResearch","Runesmith:UnstableHammer","Runesmith:Supernova","CurseOfTheBell","Runesmith:CraftMagma+1","Flash of Steel","Runesmith:Attraction","Runesmith:PerfectChisel+1","Runesmith:ChiselStab","Runesmith:EnergizedChisel+1","Runesmith:HeatedChisel+1","Runesmith:CraftMagma+1"],"relics":["Runesmith:BrokenRuby","NeowsBlessing","Orichalcum","Blood Vial","Bag of Preparation","Black Star","InkBottle","FossilizedHelix","Thread and Needle","Nilry\u0027s Codex","Runesmith:AutoHammer","Incense Burner","Lantern","Calling Bell","Ancient Tea Set","HornCleat","TungstenRod","Boot","Pantograph","Dream Catcher","Frozen Egg 2","Shuriken","Runesmith:Nanobots"],"acts_visited":["TheCity","TheBeyond"],"potions_floor_usage":[23,23,29,50,50],"damage_taken":[{"damage":0.0,"enemies":"Small Slimes","floor":1.0,"turns":2.0},{"damage":0.0,"enemies":"Cultist","floor":3.0,"turns":1.0},{"damage":0.0,"enemies":"2 Louse","floor":5.0,"turns":1.0},{"damage":24.0,"enemies":"3 Sentries","floor":6.0,"turns":8.0},{"damage":14.0,"enemies":"Lagavulin","floor":8.0,"turns":9.0},{"damage":3.0,"enemies":"Looter","floor":11.0,"turns":3.0},{"damage":0.0,"enemies":"2 Fungi Beasts","floor":12.0,"turns":4.0},{"damage":0.0,"enemies":"Large Slime","floor":13.0,"turns":5.0},{"damage":24.0,"enemies":"Slime Boss","floor":16.0,"turns":8.0},{"damage":15,"enemies":"3 Byrds","floor":18,"turns":8},{"damage":16,"enemies":"Book of Stabbing","floor":23,"turns":7},{"damage":0,"enemies":"Spheric Guardian","floor":27,"turns":5},{"damage":12,"enemies":"Slavers","floor":29,"turns":7},{"damage":0,"enemies":"Snecko","floor":30,"turns":7},{"damage":0,"enemies":"Centurion and Healer","floor":31,"turns":7},{"damage":7,"enemies":"Champ","floor":33,"turns":12},{"damage":0,"enemies":"Orb Walker","floor":35,"turns":5},{"damage":0,"enemies":"3 Darklings","floor":39,"turns":5},{"damage":44,"enemies":"Reptomancer","floor":40,"turns":6},{"damage":0,"enemies":"Maw","floor":42,"turns":6},{"damage":0,"enemies":"Jaw Worm Horde","floor":45,"turns":4},{"damage":3,"enemies":"Writhing Mass","floor":48,"turns":5},{"damage":0,"enemies":"Donu and Deca","floor":50,"turns":10}],"seed_played":"-6575982832856704884","potions_obtained":[{"floor":3.0,"key":"FairyPotion"},{"floor":6.0,"key":"Weak Potion"},{"floor":12.0,"key":"Energy Potion"},{"floor":16.0,"key":"SneckoOil"},{"floor":23,"key":"CultistPotion"},{"floor":30,"key":"AttackPotion"},{"floor":31,"key":"FearPotion"}],"is_trial":false,"path_per_floor":["M","?","M","?","M","E","?","E","T","R","M","M","M","$","R","B",null,"M","$","?","?","$","E","R","?","T","M","R","E","M","M","R","B",null,"M","?","?","T","M","E","R","M","T","$","M","$","R","M","R","B",null],"character_chosen":"RUNESMITH_CLASS","items_purchased":["Runesmith:Reinforce","Runesmith:CraftObretio","Runesmith:LithiumIon","Shuriken","Runesmith:Nanobots"],"campfire_rested":7,"item_purchase_floors":[14,19,22,44,44],"current_hp_per_floor":[70,53,53,53,53,29,29,15,15,36,35,37,39,39,60,38,70,55,55,55,55,55,41,41,25,25,27,48,38,40,42,63,58,70,70,70,70,70,70,26,47,49,49,49,51,51,70,67,70,70],"gold":87,"neow_bonus":"THREE_ENEMY_KILL","is_daily":false,"chose_seed":false,"campfire_upgraded":1,"win_rate":0.0,"timestamp":1613400536,"path_taken":["M","?","M","?","M","E","?","E","T","R","M","M","M","$","R","BOSS","M","$","?","?","$","E","R","?","T","M","R","E","M","M","R","BOSS","M","?","?","?","M","E","R","M","T","$","M","?","R","M","R","BOSS"],"items_purchased_type":["Card","Card","Card","Relic","Relic"],"build_version":"2020-12-22","purchased_purges":3,"victory":true,"max_hp_per_floor":[70,70,70,70,70,70,70,70,70,70,70,70,70,70,70,70,70,70,70,70,70,70,70,70,70,70,70,70,70,70,70,70,70,70,70,70,70,70,70,70,70,70,70,70,70,70,70,70,70,70],"card_choices":[{"not_picked":["Runesmith:EnergizedChisel","Runesmith:ChiselStab"],"picked":"Runesmith:HeatExchange","floor":1.0},{"not_picked":["Runesmith:CraftMagma","Runesmith:ChargedHammer"],"picked":"Runesmith:CraftProtectio","floor":3.0},{"not_picked":["Runesmith:ChiselStab","Runesmith:ChaoticBlast"],"picked":"Runesmith:RuneHurl","floor":5.0},{"not_picked":["Runesmith:Electrocute","Runesmith:FissionHammer"],"picked":"Runesmith:FrozenChisel","floor":6.0},{"not_picked":["Runesmith:HeatExchange","Runesmith:StaticCage"],"picked":"Runesmith:CraftProtectio","floor":8.0},{"not_picked":["Runesmith:HammerThrow","Runesmith:StaticCage"],"picked":"Runesmith:EarthShield","floor":11.0},{"not_picked":["Runesmith:HammerThrow","Runesmith:EarthShield"],"picked":"Runesmith:CraftMagma","floor":12.0},{"not_picked":["Runesmith:HammerThrow","Runesmith:CraftProtectio"],"picked":"Runesmith:PerfectChisel","floor":13.0},{"not_picked":["Runesmith:GenerateForcefield","Runesmith:Duplicate"],"picked":"Runesmith:LightningRod","floor":16.0},{"not_picked":["Runesmith:Superposition","Runesmith:EnergizedChisel+1"],"picked":"Runesmith:ChiselStab+1","floor":18},{"not_picked":["Runesmith:RuneHurl","Runesmith:StaticCage"],"picked":"Runesmith:LightningRod","floor":23},{"not_picked":["Runesmith:StaticCage","Runesmith:ChiselStab","Runesmith:Accelerate"],"picked":"SKIP","floor":27},{"not_picked":["Runesmith:ChiselStab+1","Runesmith:Attraction"],"picked":"Runesmith:CraftMagma+1","floor":29},{"not_picked":["Runesmith:Repurpose","Runesmith:MakeshiftArmor"],"picked":"Runesmith:MetallurgicalResearch","floor":30},{"not_picked":["Runesmith:MakeshiftArmor","Runesmith:Repurpose"],"picked":"Runesmith:UnstableHammer","floor":31},{"not_picked":["Runesmith:GrandSlam","Runesmith:MetallurgicalResearch"],"picked":"Runesmith:Supernova","floor":33},{"not_picked":["Runesmith:CraftReservo","Runesmith:Superposition+1"],"picked":"Runesmith:CraftMagma+1","floor":35},{"not_picked":["Finesse","Madness"],"picked":"Flash of Steel","floor":37},{"not_picked":["Runesmith:DoubleUp","Runesmith:ChiselStab+1"],"picked":"Runesmith:Attraction","floor":39},{"not_picked":["Runesmith:Overpower+1","Runesmith:DoubleUp+1"],"picked":"Runesmith:PerfectChisel+1","floor":40},{"not_picked":["Runesmith:StaticCage+1","Runesmith:FieryHammer"],"picked":"Runesmith:ChiselStab","floor":41},{"not_picked":["Runesmith:ChiselStab+1","Runesmith:Repurpose"],"picked":"Runesmith:EnergizedChisel+1","floor":42},{"not_picked":["Runesmith:CraftSpiculum+1","Runesmith:CraftProtectio"],"picked":"Runesmith:HeatedChisel+1","floor":45},{"not_picked":["Runesmith:ChiselStab","Runesmith:BackupBattery+1"],"picked":"Runesmith:CraftMagma+1","floor":47},{"not_picked":["Runesmith:Malloc+1","Runesmith:NanitesCloud","Runesmith:DoubleUp"],"picked":"SKIP","floor":48}],"player_experience":44906,"relics_obtained":[{"floor":6.0,"key":"Orichalcum"},{"floor":8.0,"key":"Blood Vial"},{"floor":9.0,"key":"Bag of Preparation"},{"floor":23,"key":"FossilizedHelix"},{"floor":23,"key":"Thread and Needle"},{"floor":25,"key":"Nilry\u0027s Codex"},{"floor":26,"key":"Runesmith:AutoHammer"},{"floor":29,"key":"Incense Burner"},{"floor":29,"key":"Lantern"},{"floor":34,"key":"Ancient Tea Set"},{"floor":34,"key":"HornCleat"},{"floor":34,"key":"TungstenRod"},{"floor":38,"key":"Boot"},{"floor":40,"key":"Pantograph"},{"floor":40,"key":"Dream Catcher"},{"floor":43,"key":"Frozen Egg 2"}],"event_choices":[{"damage_healed":0.0,"max_hp_gain":0.0,"max_hp_loss":0.0,"gold_gain":0.0,"event_name":"Golden Idol","player_choice":"Take Damage","floor":2.0,"gold_loss":0.0,"damage_taken":17.0,"relics_obtained":["Golden Idol"]},{"cards_removed":["Runesmith:Defend_RS"],"damage_healed":0.0,"max_hp_gain":0.0,"max_hp_loss":0.0,"gold_gain":0.0,"event_name":"Living Wall","player_choice":"Forget","floor":4.0,"gold_loss":0.0,"damage_taken":0.0},{"damage_healed":0.0,"max_hp_gain":0.0,"max_hp_loss":0.0,"gold_gain":0.0,"event_name":"NoteForYourself","player_choice":"Ignored","floor":7.0,"gold_loss":0.0,"damage_taken":0.0},{"damage_healed":0,"gold_gain":0,"player_choice":"Obtained Relic","damage_taken":0,"relics_obtained":["InkBottle"],"max_hp_gain":0,"max_hp_loss":0,"event_name":"Addict","floor":20,"gold_loss":85},{"damage_healed":0,"gold_gain":0,"player_choice":"Ignored","damage_taken":0,"max_hp_gain":0,"max_hp_loss":0,"event_name":"Vampires","floor":21,"gold_loss":0},{"damage_healed":0,"gold_gain":0,"player_choice":"Obtained Book","damage_taken":16,"max_hp_gain":0,"max_hp_loss":0,"event_name":"Cursed Tome","floor":25,"gold_loss":0},{"damage_healed":0,"gold_gain":333,"player_choice":"Gave Idol","damage_taken":0,"max_hp_gain":0,"max_hp_loss":0,"event_name":"The Moai Head","floor":36,"relics_lost":["Golden Idol"],"gold_loss":0},{"damage_healed":0,"gold_gain":0,"player_choice":"Memory 1","damage_taken":0,"max_hp_gain":0,"max_hp_loss":0,"event_name":"SensoryStone","floor":37,"gold_loss":0}],"is_beta":false,"boss_relics":[{"not_picked":["Runic Dome","Velvet Choker"],"picked":"Black Star"},{"not_picked":["Snecko Eye","Fusion Hammer"],"picked":"Calling Bell"}],"items_purged_floors":[14,19,44],"is_endless":false,"potions_floor_spawned":[3,6,12,13,16,23,30,31,39],"ascension_level":0}}