{"host":"a0ctybskq5enlxnq","time":1613425411,"event":{"mods":["BaseMod","Beaked The Cultist","Better Altar","Better Skull","Clawfect","Colored Map","Colored Powertips","Hermit","Highlight Path","Hubris","Kratos Character Expansion","Minty Spire (QoL Compilation)","READ ME - Guardian Mod","Rare Cards Sparkle","Reliquary","Shade Mod","Shop Mod","Spicy Shops","StSLib","The Alterego","The Construct","The Cursed","The Death Knight","The Disciple","The Forsaken","The Kombatant","The Marked","The Runesmith","thorton"],"gold_per_floor":[111,286,286,300,32,32,66,66,93,124,136,175,202,244,256,368,380,405,13,13,33,33,33,66,66,66,14,31,60,70,87,87,185,235,252,252,252,271,282,310,28,40,40,65,65,94,114,114,114,114,114],"floor_reached":50,"language":"ENG","playtime":3221,"items_purged":[],"score":788,"play_id":"8eff35f0-e909-44e9-ad82-0d0f8ddbf3c2","local_time":"20210215214331","is_ascension_mode":false,"campfire_choices":[{"data":"theMarked:Abjuration","floor":6,"key":"SMITH"},{"data":"theMarked:ComboAttacks","floor":11,"key":"SMITH"},{"data":"Doubt","floor":15,"key":"PURGE"},{"data":"theMarked:Levitate","floor":23,"key":"SMITH"},{"data":"theMarked:BiggerThanFate","floor":25,"key":"SMITH"},{"data":"theMarked:Abjuration","floor":32,"key":"SMITH"},{"data":"1","floor":45,"key":"LIFT"},{"data":"2","floor":49,"key":"LIFT"}],"circlet_count":0,"master_deck":["theMarked:Strike","theMarked:Strike","theMarked:Strike","theMarked:Strike","theMarked:Defend","theMarked:Defend+1","theMarked:Defend+1","theMarked:SoldierOfQuellstein+1","theMarked:Parry","theMarked:Abjuration+1","theMarked:Parkour","theMarked:BanishingStrike+1","theMarked:Challenge+1","theMarked:ComboAttacks+1","theMarked:Overcharge","theMarked:Levitate+1","theMarked:Convert+1","theMarked:ResourceFulStrike+1","theMarked:BiggerThanFate+1","theMarked:Parkour+1","theMarked:Abjuration+1","theMarked:Toughness+1","theMarked:ContemptForTheProud+1","theMarked:Levitate+1","theMarked:MuscleMemory+1","theMarked:Panic+1"],"relics":["theMarked:ArtifactOfAir","NeowsBlessing","Runesmith:Nanobots","Peace Pipe","MawBank","hubris:Reverence","Ornamental Fan","thethorton:BottledFunds","Bag of Marbles","Mummified Hand","hubris:Towel","Enchiridion","reliquary:IridiumChain","Bag of Preparation","Bronze Scales","Tiny House","Girya","InkBottle","MerchantsRug","Mummified Hand","Frozen Egg 2","Toxic Egg 2"],"acts_visited":["Exordium","TheCity","TheBeyond"],"potions_floor_usage":[12,14,14,16,24,31,33,50,50,50],"damage_taken":[{"damage":0,"enemies":"Jaw Worm","floor":1,"turns":1},{"damage":0,"enemies":"Cultist","floor":4,"turns":1},{"damage":0,"enemies":"Gremlin Nob","floor":7,"turns":1},{"damage":0,"enemies":"2 Louse","floor":10,"turns":2},{"damage":5,"enemies":"3 Sentries","floor":12,"turns":6},{"damage":0,"enemies":"Looter","floor":13,"turns":3},{"damage":0,"enemies":"Gremlin Nob","floor":14,"turns":2},{"damage":31,"enemies":"Slime Boss","floor":16,"turns":11},{"damage":5,"enemies":"3 Byrds","floor":18,"turns":5},{"damage":0,"enemies":"2 Thieves","floor":21,"turns":4},{"damage":0,"enemies":"Gremlin Leader","floor":24,"turns":4},{"damage":0,"enemies":"Centurion and Healer","floor":28,"turns":2},{"damage":0,"enemies":"Book of Stabbing","floor":29,"turns":4},{"damage":1,"enemies":"Sentry and Sphere","floor":30,"turns":3},{"damage":0,"enemies":"Snake Plant","floor":31,"turns":2},{"damage":8,"enemies":"Collector","floor":33,"turns":5},{"damage":0,"enemies":"3 Shapes","floor":35,"turns":1},{"damage":0,"enemies":"Orb Walker","floor":38,"turns":1},{"damage":0,"enemies":"Sphere and 2 Shapes","floor":39,"turns":2},{"damage":10,"enemies":"Reptomancer","floor":40,"turns":2},{"damage":0,"enemies":"3 Darklings","floor":42,"turns":1},{"damage":0,"enemies":"Nemesis","floor":44,"turns":1},{"damage":0,"enemies":"Reptomancer","floor":46,"turns":3},{"damage":0,"enemies":"Jaw Worm Horde","floor":47,"turns":2},{"damage":62,"enemies":"Time Eater","floor":50,"turns":6}],"seed_played":"8106119972480832609","potions_obtained":[{"floor":4,"key":"Fire Potion"},{"floor":10,"key":"ColorlessPotion"},{"floor":12,"key":"DistilledChaos"},{"floor":13,"key":"SpeedPotion"},{"floor":16,"key":"CultistPotion"},{"floor":21,"key":"Strength Potion"},{"floor":28,"key":"EssenceOfSteel"},{"floor":29,"key":"SkillPotion"},{"floor":34,"key":"Fire Potion"},{"floor":35,"key":"theMarked:SummonPotion"}],"is_trial":false,"path_per_floor":["M","?","?","M","$","R","E","?","T","M","R","E","M","E","R","B",null,"M","$","?","M","?","R","E","R","T","$","M","E","M","M","R","B",null,"M","?","?","M","M","E","$","M","T","E","R","E","M","?","R","B"],"character_chosen":"THE_DEFAULT","items_purchased":["Runesmith:Nanobots","theMarked:BanishingStrike","Bag of Marbles","Mummified Hand","theMarked:ChargePotion","InkBottle","MerchantsRug"],"campfire_rested":0,"item_purchase_floors":[5,5,19,19,27,41,41],"current_hp_per_floor":[70,70,70,70,70,70,70,56,56,56,56,51,51,51,51,20,70,65,65,65,65,49,49,49,49,49,49,49,49,48,48,48,40,75,75,53,53,53,53,43,43,43,43,43,43,43,43,43,43,0,0],"gold":114,"neow_bonus":"THREE_ENEMY_KILL","is_daily":false,"chose_seed":false,"campfire_upgraded":5,"win_rate":0.0,"timestamp":1613425411,"path_taken":["M","?","?","?","$","R","E","?","T","M","R","E","M","E","R","BOSS","M","$","?","M","?","R","E","R","T","$","M","E","M","M","R","BOSS","M","?","?","M","?","E","$","M","T","E","R","E","M","?","R","BOSS"],"items_purchased_type":["Relic","Card","Relic","Relic","Potion","Relic","Relic"],"build_version":"2020-12-22","purchased_purges":0,"victory":false,"max_hp_per_floor":[70,70,70,70,70,70,70,70,70,70,70,70,70,70,70,70,70,70,70,70,70,70,70,70,70,70,70,70,70,70,70,70,70,75,75,75,75,75,75,75,75,75,75,75,75,75,75,75,75,75,75],"card_choices":[{"not_picked":["theMarked:WardOff","theMarked:Memento"],"picked":"theMarked:Parry","floor":1},{"not_picked":["theMarked:Overcharge","theMarked:RogueSparks"],"picked":"theMarked:Parkour","floor":4},{"not_picked":["theMarked:SwordAndMagic","theMarked:Generate"],"picked":"theMarked:Challenge","floor":7},{"not_picked":["theMarked:MuscleMemory","theMarked:BanishingStrike"],"picked":"theMarked:ComboAttacks","floor":10},{"not_picked":["theMarked:ElectricStrings","theMarked:BanishingStrike","theMarked:Snap"],"picked":"SKIP","floor":12},{"not_picked":["theMarked:Opportunist","theMarked:Static"],"picked":"theMarked:Overcharge","floor":13},{"not_picked":["theMarked:KeepCalmAndFight","theMarked:Polarize","theMarked:Parkour"],"picked":"SKIP","floor":14},{"not_picked":["theMarked:Challenge","theMarked:UnarmedFury"],"picked":"theMarked:Levitate","floor":16},{"not_picked":["theMarked:WardOff","theMarked:Seal+1"],"picked":"theMarked:Convert+1","floor":18},{"not_picked":["theMarked:ShockingTouch+1","theMarked:Overcharge"],"picked":"theMarked:ResourceFulStrike+1","floor":21},{"not_picked":["theMarked:WastefulAttack","theMarked:ChannelForce"],"picked":"theMarked:BiggerThanFate","floor":24},{"not_picked":["theMarked:ResourceFulStrike","theMarked:HeightenedSenses+1","theMarked:TwofoldDefense"],"picked":"SKIP","floor":28},{"not_picked":["theMarked:ShockingTouch","theMarked:Challenge"],"picked":"theMarked:Parkour+1","floor":29},{"not_picked":["theMarked:ResourceFulStrike","theMarked:TakeCover","theMarked:ChainLightning"],"picked":"SKIP","floor":30},{"not_picked":["theMarked:TwofoldDefense","theMarked:WastefulAttack"],"picked":"theMarked:Abjuration","floor":31},{"not_picked":["theMarked:Snap","theMarked:TurnInvisible"],"picked":"theMarked:Toughness","floor":33},{"not_picked":["theMarked:Improvise","theMarked:SwordAndMagic"],"picked":"theMarked:ContemptForTheProud+1","floor":35},{"not_picked":["theMarked:EnhanceMovement+1","theMarked:SwordAndMagic","theMarked:ElectricStrings"],"picked":"SKIP","floor":38},{"not_picked":["theMarked:Overcharge","theMarked:BanishingStrike","theMarked:Convert"],"picked":"SKIP","floor":39},{"not_picked":["theMarked:Determination","theMarked:CreepingChasm+1","theMarked:TakeCover"],"picked":"SKIP","floor":40},{"not_picked":["theMarked:WardOff","theMarked:TwofoldDefense+1","theMarked:BanishingStrike+1"],"picked":"SKIP","floor":42},{"not_picked":["theMarked:Challenge","theMarked:Parkour"],"picked":"theMarked:MuscleMemory+1","floor":44},{"not_picked":["theMarked:Polarize+1","theMarked:Abjuration"],"picked":"theMarked:Panic+1","floor":46},{"not_picked":["theMarked:MuscleMemory+1","theMarked:WastefulAttack+1","theMarked:TwofoldDefense+1"],"picked":"SKIP","floor":47}],"player_experience":434204,"relics_obtained":[{"floor":7,"key":"Peace Pipe"},{"floor":9,"key":"MawBank"},{"floor":12,"key":"hubris:Reverence"},{"floor":14,"key":"Ornamental Fan"},{"floor":22,"key":"Enchiridion"},{"floor":24,"key":"reliquary:IridiumChain"},{"floor":26,"key":"Bag of Preparation"},{"floor":29,"key":"Bronze Scales"},{"floor":40,"key":"Girya"},{"floor":43,"key":"reliquary:SculptingSteel"},{"floor":44,"key":"Frozen Egg 2"},{"floor":46,"key":"Toxic Egg 2"}],"event_choices":[{"damage_healed":0,"gold_gain":175,"player_choice":"AGREE","damage_taken":0,"max_hp_gain":0,"max_hp_loss":0,"event_name":"Liars Game","floor":2,"gold_loss":0,"cards_obtained":["Doubt"]},{"damage_healed":0,"gold_gain":0,"cards_transformed":["theMarked:Strike"],"player_choice":"Transformed","damage_taken":0,"max_hp_gain":0,"max_hp_loss":0,"event_name":"Transmorgrifier","floor":3,"gold_loss":0,"cards_obtained":["theMarked:Abjuration"]},{"damage_healed":0,"gold_gain":0,"player_choice":"Entered Light","damage_taken":14,"max_hp_gain":0,"max_hp_loss":0,"event_name":"Shining Light","floor":8,"gold_loss":0,"cards_upgraded":["theMarked:Defend","theMarked:Defend"]},{"damage_healed":0,"gold_gain":0,"player_choice":"Obtained Book","damage_taken":16,"max_hp_gain":0,"max_hp_loss":0,"event_name":"Cursed Tome","floor":22,"gold_loss":0},{"damage_healed":0,"gold_gain":0,"player_choice":"Copied","damage_taken":0,"max_hp_gain":0,"max_hp_loss":0,"event_name":"Duplicator","floor":37,"gold_loss":0,"cards_obtained":["theMarked:Levitate"]},{"cards_removed":["theMarked:Defend"],"damage_healed":0,"gold_gain":0,"player_choice":"Removed Skill","damage_taken":0,"max_hp_gain":0,"max_hp_loss":0,"event_name":"Falling","floor":48,"gold_loss":0}],"is_beta":false,"boss_relics":[{"not_picked":["Velvet Choker","reliquary:Craggleroot"],"picked":"thethorton:BottledFunds"},{"not_picked":["hubris:CrackedHourglass","Calling Bell"],"picked":"Tiny House"}],"items_purged_floors":[],"is_endless":false,"potions_floor_spawned":[4,10,12,13,16,21,28,29,30,35,40,42,46],"killed_by":"Time Eater","ascension_level":0}}