{"host":"5o041qry45dym2df","time":1613388621,"event":{"mods":["BaseMod","Downfall","Minty Spire (QoL Compilation)","StSLib"],"gold_per_floor":[99,109,9,9,25,45,45,45,45,120,137,137,170,185,199,303,303,303,314,125,125,136,150,203,303,314,314,314,314,314],"floor_reached":28,"language":"ENG","playtime":3059,"items_purged":["Regret"],"score":245,"play_id":"b02b40ca-247e-43a8-92b6-8789095e5902","local_time":"20210215063021","is_ascension_mode":false,"campfire_choices":[{"data":"Slimebound:Split","floor":1,"key":"SMITH"},{"floor":9,"key":"RECALL"},{"data":"Slimebound:SlimeSlap","floor":18,"key":"SMITH"},{"data":"Slimebound:RainOfGoop","floor":27,"key":"SMITH"}],"circlet_count":0,"master_deck":["Slimebound:Tackle","Slimebound:Split+1","Slimebound:CorrosiveSpit","Slimebound:AcidTongue","Slimebound:LeechingTouch","Slimebound:LevelUp","Slimebound:PressTheAttack","Slimebound:AcidTongue","Slimebound:RainOfGoop+1","Slimebound:GoopSpray","Slimebound:LivingWall","Slimebound:ComboTackle","Slimebound:MegaLick","Slimebound:SlimeSlap+1","Slimebound:MegaLick","Slimebound:Schlurp","Slimebound:SlimeTap","Slimebound:OozeBath","Slimebound:LeechingTouch","Slimebound:ForwardTackle","Slimebound:TongueLash","Slimebound:Grow","Slimebound:LeechingTouch","Slimebound:LeechEnergy","Bite","Bite","Bite","Bite","Bite","Slimebound:SplitMire","Slimebound:RainOfGoop+1","Slimebound:ViciousTackle"],"relics":["Slimebound:AbsorbEndCombat","Oddly Smooth Stone","Toy Ornithopter","Pandora\u0027s Box","Slimebound:AggressiveSlimeRelic"],"acts_visited":["Exordium","TheCity"],"potions_floor_usage":[14,20,22,23,26,28],"damage_taken":[{"damage":3,"enemies":"Cultist","floor":2,"turns":3},{"damage":8,"enemies":"downfall:FleeingMerchant","floor":3,"turns":4},{"damage":10,"enemies":"Small Slimes","floor":5,"turns":5},{"damage":17,"enemies":"2 Louse","floor":6,"turns":3},{"damage":13,"enemies":"downfall:LooterAlt","floor":11,"turns":2},{"damage":21,"enemies":"Lagavulin","floor":13,"turns":5},{"damage":10,"enemies":"Red Slaver","floor":14,"turns":2},{"damage":2,"enemies":"3 Louse","floor":15,"turns":3},{"damage":26,"enemies":"IC_STATUS_ARCHETYPE","floor":16,"turns":6},{"damage":17,"enemies":"Spheric Guardian","floor":19,"turns":4},{"damage":10,"enemies":"downfall:FleeingMerchant","floor":20,"turns":4},{"damage":13,"enemies":"3 Byrds","floor":22,"turns":7},{"damage":42,"enemies":"Sentry and Sphere","floor":23,"turns":6},{"damage":13,"enemies":"Centurion and Healer","floor":26,"turns":3},{"damage":4,"enemies":"Gremlin Leader","floor":28,"turns":2}],"seed_played":"8487216984005772863","potions_obtained":[{"floor":5,"key":"FairyPotion"},{"floor":13,"key":"champ:CounterPotion"},{"floor":14,"key":"GamblersBrew"},{"floor":16,"key":"Slimebound:SlimedPotion"},{"floor":22,"key":"GamblersBrew"},{"floor":23,"key":"Slimebound:ThreeZeroPotion"}],"is_trial":false,"path_per_floor":["R","M","$","?","M","M","T","?","R","?","M","?","E","M","M","B",null,"R","M","$","?","M","M","T","?","M","R","E"],"character_chosen":"SLIMEBOUND","items_purchased":["Slimebound:LevelUp","Slimebound:PressTheAttack","Slimebound:LeechEnergy","PowerPotion"],"campfire_rested":0,"item_purchase_floors":[3,3,20,20],"current_hp_per_floor":[71,70,66,66,56,41,41,41,41,41,32,32,13,10,14,24,71,71,56,55,49,49,24,24,24,28,28,33,33,33],"gold":314,"neow_bonus":"TEN_PERCENT_HP_BONUS","is_daily":false,"chose_seed":false,"campfire_upgraded":3,"win_rate":0.0,"timestamp":1613388621,"path_taken":["R","M","?","?","M","M","T","?","R","?","M","?","E","M","M","BOSS","R","M","$","?","M","M","T","?","?","R","E"],"items_purchased_type":["Card","Card","Card","Potion"],"build_version":"2020-12-22","purchased_purges":1,"victory":false,"max_hp_per_floor":[71,71,71,71,71,71,71,71,71,71,71,71,71,71,71,71,71,71,71,71,49,49,49,49,49,49,49,49,49,49],"card_choices":[{"not_picked":["Slimebound:ComboTackle","Slimebound:LivingWall"],"picked":"Slimebound:AcidTongue","floor":2},{"not_picked":["Slimebound:SplitMire","Slimebound:Schlurp"],"picked":"Slimebound:LeechingTouch","floor":3},{"not_picked":["Slimebound:LivingWall","Slimebound:LeechingTouch"],"picked":"Slimebound:AcidTongue","floor":5},{"not_picked":["Slimebound:ItLooksTasty","Slimebound:SelfFormingGoo"],"picked":"Slimebound:RainOfGoop","floor":6},{"not_picked":["Slimebound:SplitAcid","Slimebound:ProtectTheBoss"],"picked":"Slimebound:GoopSpray","floor":11},{"not_picked":["Slimebound:Prepare","Slimebound:FinishingTackle"],"picked":"Slimebound:LivingWall","floor":13},{"not_picked":["Slimebound:PressTheAttack","Slimebound:SplitLeeching"],"picked":"Slimebound:ComboTackle","floor":14},{"not_picked":["Slimebound:GoopSpray","Slimebound:RejuvenatingLick"],"picked":"Slimebound:MegaLick","floor":15},{"not_picked":["Slimebound:DuplicatedForm","Slimebound:MinionMaster"],"picked":"Slimebound:SlimeSlap","floor":16},{"not_picked":["Slimebound:SplitAcid","Slimebound:FlameTackle"],"picked":"Slimebound:Grow","floor":19},{"not_picked":["Slimebound:MassRepurpose","Slimebound:PressTheAttack"],"picked":"Slimebound:LeechingTouch","floor":20},{"not_picked":["Slimebound:ItLooksTasty+1","Slimebound:SlimeTap+1"],"picked":"Slimebound:SplitMire","floor":22},{"not_picked":["Slimebound:HauntingLick","Slimebound:Schlurp"],"picked":"Slimebound:RainOfGoop","floor":23},{"not_picked":["Slimebound:LeechEnergy","Slimebound:SplitAcid+1"],"picked":"Slimebound:ViciousTackle","floor":26}],"player_experience":169049,"relics_obtained":[{"floor":13,"key":"Toy Ornithopter"},{"floor":24,"key":"Slimebound:AggressiveSlimeRelic"}],"event_choices":[{"damage_healed":0,"gold_gain":0,"player_choice":"Box","damage_taken":0,"relics_obtained":["Oddly Smooth Stone"],"max_hp_gain":0,"max_hp_loss":0,"event_name":"Big Fish","floor":4,"gold_loss":0,"cards_obtained":["Regret"]},{"damage_healed":0,"gold_gain":0,"player_choice":"Grow","damage_taken":0,"max_hp_gain":0,"max_hp_loss":0,"event_name":"Living Wall","floor":8,"gold_loss":0,"cards_upgraded":["Slimebound:RainOfGoop"]},{"damage_healed":0,"gold_gain":0,"player_choice":"Became a vampire","damage_taken":0,"max_hp_gain":0,"max_hp_loss":22,"event_name":"Vampires","floor":21,"gold_loss":0,"cards_obtained":["Bite","Bite","Bite","Bite","Bite"]}],"is_beta":false,"boss_relics":[{"not_picked":["Tiny House","bronze:MakeshiftBattery"],"picked":"Pandora\u0027s Box"}],"items_purged_floors":[20],"is_endless":false,"potions_floor_spawned":[5,13,14,16,22,23],"killed_by":"Gremlin Leader","ascension_level":0}}