{"host":"3498uni0c31c9bdm","time":1613406694,"event":{"mods":["BaseMod","Better Match","Better Note","Better Sensory Stone","Better Skull","Better Third Choice","Colored Map","Minty Spire (QoL Compilation)","Quick Restart","RNG Fix","Random Character Button","Replay The Spire","Shop Mod","Smile Girya","StSLib","Unceasing Turn Reminder"],"gold_per_floor":[112,59,70,86,103,131,150,150,176,176,176,206,206,269,269,269,269],"floor_reached":16,"language":"ENG","playtime":501,"items_purged":[],"score":236,"play_id":"5d92965d-7323-4dc1-b6b5-29683a4b6f01","local_time":"20210216033134","is_ascension_mode":true,"campfire_choices":[{"floor":10,"key":"REST"},{"floor":13,"key":"RECALL"}],"circlet_count":0,"master_deck":["AscendersBane","Strike_P","Strike_P","Strike_P","Strike_P","Defend_P","Defend_P","Defend_P","Defend_P","Eruption","Vigilance","SignatureMove","CrushJoints+1","TalkToTheHand+1","EmptyFist","DeusExMachina","Weave","Spreading Infection","Nirvana","JustLucky"],"relics":["PureWater","NeowsBlessing","betterThird:SlimedRelic","Mercury Hourglass","Ring of Peace","Ring of Searing","Happy Flower","Replay:Towering Pillar of Hats","Pen Nib"],"acts_visited":["Exordium"],"potions_floor_usage":[6,12],"damage_taken":[{"damage":0,"enemies":"Cultist","floor":1,"turns":1},{"damage":0,"enemies":"2 Louse","floor":3,"turns":1},{"damage":0,"enemies":"Jaw Worm","floor":4,"turns":1},{"damage":0,"enemies":"Exordium Wildlife","floor":5,"turns":2},{"damage":31,"enemies":"3 Sentries","floor":6,"turns":11},{"damage":10,"enemies":"Large Slime","floor":7,"turns":4},{"damage":0,"enemies":"Lagavulin","floor":12,"turns":4},{"damage":0,"enemies":"Gremlin Nob","floor":14,"turns":3},{"damage":62,"enemies":"Slime Boss","floor":16,"turns":6}],"seed_played":"-9073347275713372909","potions_obtained":[{"floor":1,"key":"ColorlessPotion"},{"floor":5,"key":"AttackPotion"}],"is_trial":false,"path_per_floor":["M","?","M","M","M","E","M","?","T","R","?","E","R","?","R_BF","B"],"character_chosen":"WATCHER","items_purchased":[],"campfire_rested":1,"item_purchase_floors":[],"current_hp_per_floor":[61,50,50,50,50,19,9,9,9,29,29,29,29,29,49,0,0],"gold":269,"neow_bonus":"THREE_ENEMY_KILL","is_daily":false,"chose_seed":false,"campfire_upgraded":0,"win_rate":0.0,"timestamp":1613406694,"path_taken":["M","?","M","?","M","E","M","?","T","R","?","E","R","?","R_BF","BOSS"],"items_purchased_type":[],"build_version":"2020-12-22","purchased_purges":0,"victory":false,"max_hp_per_floor":[68,68,68,68,68,68,68,68,68,68,68,68,68,68,68,68,68],"card_choices":[{"not_picked":["ClearTheMind","Consecrate"],"picked":"SignatureMove","floor":1},{"not_picked":["SashWhip","Halt"],"picked":"CrushJoints","floor":3},{"not_picked":["ClearTheMind","ThirdEye"],"picked":"TalkToTheHand","floor":4},{"not_picked":["SandsOfTime","FlyingSleeves"],"picked":"EmptyFist","floor":5},{"not_picked":["ClearTheMind","Halt"],"picked":"DeusExMachina","floor":6},{"not_picked":["Replay:ManipulateFuture","Fasting2"],"picked":"Weave","floor":7},{"not_picked":["Weave","Replay:Battleflow"],"picked":"Nirvana","floor":12},{"not_picked":["Replay:BluntJabs","Protect"],"picked":"JustLucky","floor":14}],"player_experience":912701,"relics_obtained":[{"floor":6,"key":"Mercury Hourglass"},{"floor":8,"key":"Ring of Peace"},{"floor":8,"key":"Ring of Searing"},{"floor":9,"key":"Happy Flower"},{"floor":12,"key":"Replay:Towering Pillar of Hats"},{"floor":14,"key":"Pen Nib"}],"event_choices":[{"damage_healed":0,"gold_gain":0,"player_choice":"Slimed","damage_taken":11,"max_hp_gain":0,"max_hp_loss":0,"event_name":"betterThird:BetterGoop","floor":2,"gold_loss":53},{"damage_healed":0,"gold_gain":0,"player_choice":"Grow","damage_taken":0,"max_hp_gain":0,"max_hp_loss":0,"event_name":"Living Wall","floor":11,"gold_loss":0,"cards_upgraded":["TalkToTheHand"]},{"damage_healed":0,"gold_gain":0,"player_choice":"Searched \u00272\u0027 times","damage_taken":0,"max_hp_gain":0,"max_hp_loss":0,"event_name":"Dead Adventurer","floor":14,"gold_loss":0}],"is_beta":false,"boss_relics":[],"items_purged_floors":[],"is_endless":false,"potions_floor_spawned":[1,5],"killed_by":"Slime Boss","ascension_level":15}}