{"host":"z3qs3l37sjzyczji","time":1613408278,"event":{"mods":["AchievementEnabler","BaseMod","Colored Map","Colored Powertips","Keyboard Shortcuts","Minty Spire (QoL Compilation)","Relic Stats","SuperFastMode"],"gold_per_floor":[212,62,62,81,101,130,130,143,168,187,216,216,226,252,252,355,355,368,368,382,397,312,339,339,339,339],"floor_reached":25,"language":"ENG","playtime":2797,"items_purged":["Strike_B"],"score":292,"play_id":"97999e69-f3d0-4dab-ab52-e56223504db8","local_time":"20210215165758","is_ascension_mode":true,"campfire_choices":[{"data":"Sunder","floor":7.0,"key":"SMITH"},{"data":"Fission","floor":12,"key":"SMITH"},{"data":"Echo Form","floor":15,"key":"SMITH"},{"data":"Buffer","floor":24,"key":"SMITH"}],"circlet_count":0,"master_deck":["Strike_B","Strike_B","Defend_B","Defend_B","Defend_B","Defend_B","Zap","Dualcast","Cold Snap","Sunder+1","Echo Form+1","Coolheaded","Glacier","Fusion","Fission+1","Glacier","Buffer+1","Conserve Battery+1","Writhe","Beam Cell","Hologram"],"relics":["Cracked Core","Vajra","Happy Flower","Regal Pillow","Emotion Chip","Inserter","InkBottle","Orichalcum","Question Card"],"acts_visited":["Exordium","TheCity"],"potions_floor_usage":[16,20,23,25],"damage_taken":[{"damage":0.0,"enemies":"2 Louse","floor":1.0,"turns":2.0},{"damage":0.0,"enemies":"Cultist","floor":4.0,"turns":2.0},{"damage":0.0,"enemies":"Small Slimes","floor":5.0,"turns":2.0},{"damage":32.0,"enemies":"Gremlin Nob","floor":6.0,"turns":4.0},{"damage":3.0,"enemies":"Exordium Thugs","floor":8.0,"turns":3.0},{"damage":0.0,"enemies":"Looter","floor":10.0,"turns":5.0},{"damage":8,"enemies":"3 Sentries","floor":11,"turns":6},{"damage":0,"enemies":"Exordium Wildlife","floor":13,"turns":3},{"damage":18,"enemies":"Gremlin Nob","floor":14,"turns":5},{"damage":7,"enemies":"Hexaghost","floor":16,"turns":12},{"damage":6,"enemies":"Shell Parasite","floor":18,"turns":7},{"damage":5,"enemies":"2 Thieves","floor":20,"turns":5},{"damage":4,"enemies":"Snake Plant","floor":21,"turns":5},{"damage":41,"enemies":"Book of Stabbing","floor":23,"turns":8},{"damage":28,"enemies":"Gremlin Leader","floor":25,"turns":5}],"seed_played":"2421581061721327180","potions_obtained":[{"floor":4.0,"key":"Ancient Potion"},{"floor":5.0,"key":"PotionOfCapacity"},{"floor":8.0,"key":"AttackPotion"},{"floor":16,"key":"SkillPotion"},{"floor":20,"key":"Dexterity Potion"}],"is_trial":false,"path_per_floor":["M","$","?","M","M","E","R","M","T","M","E","R","M","E","R","B",null,"M","?","M","M","?","E","R","E"],"character_chosen":"DEFECT","items_purchased":["Sunder"],"campfire_rested":0,"item_purchase_floors":[2],"current_hp_per_floor":[75,75,75,75,75,43,43,40,40,40,32,32,32,14,14,7,75,69,69,64,60,60,19,19,0,0],"gold":339,"neow_bonus":"HUNDRED_GOLD","is_daily":false,"chose_seed":false,"campfire_upgraded":4,"win_rate":0.0,"timestamp":1613408278,"path_taken":["M","$","?","M","M","E","R","M","T","?","E","R","?","E","R","BOSS","M","?","M","M","?","E","R","E"],"items_purchased_type":["Card"],"build_version":"2020-12-22","purchased_purges":1,"victory":false,"max_hp_per_floor":[75,75,75,75,75,75,75,75,75,75,75,75,75,75,75,75,75,75,75,75,75,75,75,75,75,75],"relic_stats":{"Regal Pillow":0,"Emotion Chip":[31,5,25,0,1],"Inserter":[15],"Happy Flower":[20],"counters":[15,74],"Orichalcum":[18],"Question Card":0,"obtain_stats":[{"Regal Pillow":11,"Emotion Chip":14,"Inserter":17,"Happy Flower":9,"Vajra":6,"Orichalcum":22,"Cracked Core":0,"Question Card":23,"InkBottle":19},{"Regal Pillow":7,"Emotion Chip":9,"Inserter":10,"Happy Flower":5,"Vajra":4,"Orichalcum":13,"Cracked Core":0,"Question Card":14,"InkBottle":11},{"Regal Pillow":24,"Emotion Chip":32,"Inserter":44,"Happy Flower":13,"Vajra":10,"Orichalcum":61,"Cracked Core":0,"Question Card":69,"InkBottle":51}],"InkBottle":[8]},"card_choices":[{"not_picked":["Gash","Steam"],"picked":"Cold Snap","floor":1.0},{"not_picked":["Lockon","Hologram"],"picked":"Echo Form","floor":4.0},{"not_picked":["Stack","Go for the Eyes"],"picked":"Coolheaded","floor":5.0},{"not_picked":["Coolheaded","Compile Driver","Turbo"],"picked":"SKIP","floor":6.0},{"not_picked":["Ball Lightning","BootSequence"],"picked":"Glacier","floor":8.0},{"not_picked":["Aggregate","Chill"],"picked":"Fusion","floor":10.0},{"not_picked":["Rebound","Barrage"],"picked":"Fission","floor":11},{"not_picked":["Leap","Sunder","Static Discharge"],"picked":"SKIP","floor":13},{"not_picked":["Coolheaded","Ball Lightning"],"picked":"Glacier","floor":14},{"not_picked":["Amplify","Creative AI"],"picked":"Buffer","floor":16},{"not_picked":["Chaos","Tempest"],"picked":"Conserve Battery+1","floor":18},{"not_picked":["Streamline","Redo"],"picked":"Beam Cell","floor":20},{"not_picked":["Barrage","Cold Snap"],"picked":"Hologram","floor":21},{"not_picked":["Heatsinks","Hologram","Scrape"],"picked":"SKIP","floor":23}],"player_experience":103583,"relics_obtained":[{"floor":6.0,"key":"Vajra"},{"floor":9.0,"key":"Happy Flower"},{"floor":11,"key":"Regal Pillow"},{"floor":14,"key":"Emotion Chip"},{"floor":23,"key":"Question Card"}],"event_choices":[{"cards_removed":["Strike_B"],"damage_healed":0.0,"max_hp_gain":0.0,"max_hp_loss":0.0,"gold_gain":0.0,"event_name":"Wheel of Change","player_choice":"Card Removal","floor":3.0,"gold_loss":0.0,"damage_taken":0.0},{"damage_healed":0,"gold_gain":0,"player_choice":"Opened","damage_taken":0,"relics_obtained":["InkBottle"],"max_hp_gain":0,"max_hp_loss":0,"event_name":"The Mausoleum","floor":19,"gold_loss":0,"cards_obtained":["Writhe"]},{"damage_healed":0,"gold_gain":0,"player_choice":"Obtained Relic","damage_taken":0,"relics_obtained":["Orichalcum"],"max_hp_gain":0,"max_hp_loss":0,"event_name":"Addict","floor":22,"gold_loss":85}],"is_beta":false,"boss_relics":[{"not_picked":["Fusion Hammer","Tiny House"],"picked":"Inserter"}],"items_purged_floors":[2],"is_endless":false,"potions_floor_spawned":[4,5,8,13,16,20],"killed_by":"Gremlin Leader","ascension_level":4}}