{"host":"og21o26alpnbwmz8","time":1613425850,"event":{"mods":["Act Like it!","Aspiration","BaseMod","Conspire","Downfall","Gensokyo","Halation","Hubris","Jedi Mod","Mimic Mod","Minty Spire (QoL Compilation)","Pale of the Ancients","Reliquary","Replay The Spire","Shop Mod","Spikes Relics","StSLib","The Alterego","The Blue Laboratory","The Poker Player","The Problem Sleuth","Waifu the Spire","Yuri Mod"],"gold_per_floor":[110,127,127,97,109,109,109,34,59,59,85,115,153,153,153,279,279,320,320,376,438,488,544,544,611,611,654,702,315,315],"floor_reached":29,"language":"ENG","playtime":1016,"items_purged":["alterego_mod:Strike"],"score":281,"play_id":"9e879dd7-f73b-4dc6-98e9-04a95c87cf27","local_time":"20210215165050","is_ascension_mode":false,"campfire_choices":[{"data":"alterego_mod:BigMeatyClaws","floor":6,"key":"SMITH"},{"data":"alterego_mod:BrynhildrsRune","floor":10,"key":"SMITH"},{"data":"alterego_mod:Rip","floor":15,"key":"SMITH"},{"data":"alterego_mod:Venus","floor":24,"key":"SMITH"}],"circlet_count":0,"master_deck":["alterego_mod:Strike+1","alterego_mod:Strike+1","alterego_mod:Defend+1","alterego_mod:Defend+1","alterego_mod:Defend+1","alterego_mod:Defend+1","alterego_mod:Impale+1","alterego_mod:BigMeatyClaws+1","alterego_mod:BrynhildrsRune+1","alterego_mod:Rip+1","alterego_mod:Venus+1","alterego_mod:1TonWallop+1","alterego_mod:Belts+1","alterego_mod:PerceptionDisorder+1"],"relics":["alterego_mod:MasochisticConstitution","halation:PinkSoulGem","reliquary:SharkskinSheath","Blue Doll","Replay:Bandana","hubris:TerracottaHorce","jedi:kaleidoscope","reliquary:PurpleTingedLeaf","conspire:GiftBox","halation:LettersToHer","MerchantsRug"],"acts_visited":["Exordium","TheCity"],"potions_floor_usage":[18,21,28,29],"damage_taken":[{"damage":0,"enemies":"Cultist","floor":1,"turns":4},{"damage":0,"enemies":"2 Louse","floor":2,"turns":3},{"damage":2,"enemies":"Small Slimes","floor":5,"turns":4},{"damage":19,"enemies":"3 Sentries","floor":12,"turns":8},{"damage":12,"enemies":"Looter","floor":13,"turns":3},{"damage":3,"enemies":"Fading Forest","floor":16,"turns":11},{"damage":0,"enemies":"2 Thieves","floor":18,"turns":1},{"damage":8,"enemies":"conspire:FuzzyDice","floor":20,"turns":3},{"damage":12,"enemies":"Sentry and Sphere","floor":21,"turns":3},{"damage":10,"enemies":"Replay:Snechameleon","floor":23,"turns":5},{"damage":30,"enemies":"Slavers","floor":25,"turns":4},{"damage":0,"enemies":"Cultist and Chosen","floor":27,"turns":3},{"damage":4,"enemies":"conspire:Head Lice","floor":28,"turns":6},{"damage":77,"enemies":"hubris:Merchant","floor":29,"turns":5}],"seed_played":"-8839677557118303049","potions_obtained":[{"floor":1,"key":"jedi:StrikingPotion"},{"floor":4,"key":"jedi:holywater"},{"floor":4,"key":"Death Potion"},{"floor":20,"key":"SmokeBomb"},{"floor":27,"key":"Regen Potion"}],"is_trial":false,"path_per_floor":["M","M","?","?","M","R","?","$","T","R","T","E","M","?","R","B",null,"M","?","M","M","?","E","R","E","T","M","E","$"],"character_chosen":"The_Alterego","items_purchased":["halation:LettersToHer","alterego_mod:PerceptionDisorder+1","Regen Potion","MerchantsRug"],"campfire_rested":0,"item_purchase_floors":[29,29,29,29],"current_hp_per_floor":[70,70,70,70,69,69,62,62,62,62,62,51,47,47,47,55,69,69,69,62,51,51,42,42,13,13,14,64,0,0],"gold":315,"neow_bonus":"RANDOM_EVENT","is_daily":false,"chose_seed":false,"campfire_upgraded":4,"win_rate":0.0,"timestamp":1613425850,"path_taken":["M","?","?","?","?","R","?","$","T","R","?","E","?","?","R","BOSS","M","?","M","M","?","E","R","E","T","M","E","$"],"items_purchased_type":["Relic","Card","Potion","Relic"],"build_version":"2020-12-22","purchased_purges":1,"victory":false,"max_hp_per_floor":[70,70,70,70,71,71,71,71,71,71,71,72,73,73,73,74,74,74,74,75,76,76,77,77,78,78,78,79,79,79],"card_choices":[{"not_picked":["alterego_mod:PresenceConcealment","alterego_mod:Clap","alterego_mod:BoobPocket"],"picked":"SKIP","floor":1},{"not_picked":["alterego_mod:Jiggle","alterego_mod:SakuraLabyrinth","alterego_mod:Punishment"],"picked":"SKIP","floor":2},{"not_picked":["alterego_mod:Complex","alterego_mod:DiscoLights","alterego_mod:Jiggle"],"picked":"SKIP","floor":5},{"not_picked":["alterego_mod:BeGentle","alterego_mod:Valkyrie","alterego_mod:MagicResistance"],"picked":"SKIP","floor":12},{"not_picked":["alterego_mod:Cooking","alterego_mod:MaintainEyeContact"],"picked":"alterego_mod:Rip","floor":13},{"not_picked":["alterego_mod:Lift","alterego_mod:GIGAMILK"],"picked":"alterego_mod:Venus","floor":16},{"not_picked":["alterego_mod:Bunnysuit","alterego_mod:Complex+1","alterego_mod:DeftHands"],"picked":"SKIP","floor":18},{"not_picked":["alterego_mod:Mirror","alterego_mod:Table","alterego_mod:Cushion"],"picked":"SKIP","floor":20},{"not_picked":["alterego_mod:SuperDuperMasochism","alterego_mod:MagicResistance"],"picked":"alterego_mod:1TonWallop+1","floor":21},{"not_picked":["alterego_mod:GoddessCore","alterego_mod:DiscoLights","alterego_mod:Cooking"],"picked":"SKIP","floor":23},{"not_picked":["alterego_mod:1TonWallop","alterego_mod:Skirt","alterego_mod:Bunnysuit"],"picked":"SKIP","floor":25},{"not_picked":["alterego_mod:Stockings","alterego_mod:Skirt"],"picked":"alterego_mod:Belts+1","floor":27},{"not_picked":["alterego_mod:HighServant","alterego_mod:Mirror","alterego_mod:Skirt"],"picked":"SKIP","floor":28}],"player_experience":276099,"relics_obtained":[{"floor":9,"key":"reliquary:SharkskinSheath"},{"floor":11,"key":"Blue Doll"},{"floor":12,"key":"Replay:Bandana"},{"floor":23,"key":"jedi:kaleidoscope"},{"floor":25,"key":"reliquary:PurpleTingedLeaf"},{"floor":28,"key":"conspire:GiftBox"}],"event_choices":[{"damage_healed":0,"gold_gain":0,"player_choice":"Bought 2 Potions","damage_taken":0,"max_hp_gain":0,"max_hp_loss":0,"event_name":"The Woman in Blue","floor":4,"gold_loss":0},{"cards_removed":["alterego_mod:Strike"],"damage_healed":0,"gold_gain":0,"player_choice":"Card Removal","damage_taken":7,"max_hp_gain":0,"max_hp_loss":0,"event_name":"Golden Wing","floor":7,"gold_loss":0},{"damage_healed":0,"gold_gain":0,"player_choice":"Ignored","damage_taken":0,"max_hp_gain":0,"max_hp_loss":0,"event_name":"Liars Game","floor":14,"gold_loss":0},{"damage_healed":0,"gold_gain":0,"player_choice":"Simplicity","damage_taken":0,"max_hp_gain":0,"max_hp_loss":0,"event_name":"Back to Basics","floor":19,"gold_loss":0,"cards_upgraded":["alterego_mod:Strike","alterego_mod:Strike","alterego_mod:Defend","alterego_mod:Defend","alterego_mod:Defend","alterego_mod:Defend"]},{"damage_healed":0,"gold_gain":100,"player_choice":"Bet on Murderer","damage_taken":0,"max_hp_gain":0,"max_hp_loss":0,"event_name":"The Joust","floor":22,"gold_loss":50}],"is_beta":false,"boss_relics":[{"not_picked":["ChewingGum","halation:PlatinumPhoenix"],"picked":"hubris:TerracottaHorce"}],"items_purged_floors":[8],"is_endless":false,"potions_floor_spawned":[1,5,20,27],"killed_by":"hubris:Merchant","ascension_level":0}}