{"host":"8o45mh5p3pp1o2mi","time":1613348792,"event":{"mods":["BaseMod","Bestiary","Better Match","Better Third Choice","BetterRewards","Dark Map","Downfall","Fox Events","Minty Spire (QoL Compilation)","Rare Cards Sparkle","Relic Stats","Replay The Spire","Shop Mod","Spire Exporter","StSLib","everything is the same but u backflip on backflip"],"gold_per_floor":[111,125,125,139,139,139,173,51,51,83,144,144,199,239,239,374,374,412,447,478,520,84,84,153,153,176,218,218,277,423,45,45,204,204,237,319,363,210,210,287,287,341,367,418,498,498,568,618,618,690,690,690,374,437,505],"floor_reached":56,"language":"ENG","playtime":2814,"items_purged":["downfall:Malfunctioning","Strike_G","Defend_G"],"score":2105,"play_id":"700d0271-53e1-4df6-9c3f-109a9559820d","local_time":"20210215002632","is_ascension_mode":true,"campfire_choices":[{"data":"Blade Dance","floor":6,"key":"SMITH"},{"data":"Wraith Form v2","floor":6,"key":"SMITH"},{"data":"Finisher","floor":12,"key":"SMITH"},{"data":"Hidden Blade","floor":12,"key":"SMITH"},{"data":"Defend_G","floor":15,"key":"PURGE"},{"data":"Storm of Steel","floor":23,"key":"SMITH"},{"data":"Replay:Bag of Tricks","floor":23,"key":"SMITH"},{"data":"Blade Dance","floor":25,"key":"SMITH"},{"data":"Burst","floor":25,"key":"SMITH"},{"data":"Strike_G","floor":28,"key":"PURGE"},{"floor":32,"key":"REST"},{"data":"Defend_G","floor":41,"key":"PURGE"},{"data":"Finisher","floor":46,"key":"SMITH"},{"data":"Masterful Stab","floor":46,"key":"SMITH"},{"floor":49,"key":"RECALL"},{"data":"Strike_G","floor":52,"key":"PURGE"}],"circlet_count":0,"master_deck":["AscendersBane","Strike_G+1","Defend_G+1","Defend_G+1","Survivor","Neutralize","Noxious Fumes+1","Finisher+1","Blade Dance+1","Wraith Form v2+1","Finisher+1","Hidden Blade+1","Leg Sweep","Storm of Steel+1","Masterful Stab+1","Burst+1","Replay:Bag of Tricks+1","Cloak And Dagger","Blade Dance+1","Footwork","A Thousand Cuts+1","Blade Dance","Backstab+1","ReplayTheSpireMod:Scrap Shanks","Choke+1"],"relics":["Ring of the Snake","Replay:Arrowhead","ReplayTheSpireMod:Ninjato","TwistedFunnel","War Paint","Replay:Bandana","ReplayTheSpireMod:CursedCoin","Byrd Skull","Peace Pipe","Akabeko","WristBlade","Sling","Potion Belt","Shuriken","Replay:Baseball","Blue Doll","Thread and Needle","Ninja Scroll","Bottled Flame","Busted Crown","StoneCalendar","ReplayTheSpireMod:TigerMarble","Mirror","Toxic Egg 2","Gremlin Food","Pantograph","Bottled Tornado"],"acts_visited":["Exordium","TheCity","TheBeyond","TheEnding"],"potions_floor_usage":[11,11,16,16,21,30,30,33,40,40,40,54,55,55,55,55,55],"damage_taken":[{"damage":0,"enemies":"Jaw Worm","floor":1,"turns":3},{"damage":5,"enemies":"2 Louse","floor":2,"turns":2},{"damage":0,"enemies":"Cultist","floor":4,"turns":3},{"damage":5,"enemies":"Gremlin Nob","floor":7,"turns":3},{"damage":9,"enemies":"2 Fungi Beasts","floor":10,"turns":2},{"damage":0,"enemies":"Lagavulin","floor":11,"turns":2},{"damage":7,"enemies":"Gremlin Nob","floor":13,"turns":4},{"damage":0,"enemies":"Large Slime","floor":14,"turns":1},{"damage":1,"enemies":"Fading Forest","floor":16,"turns":11},{"damage":0,"enemies":"3 Byrds","floor":18,"turns":3},{"damage":11,"enemies":"Spheric Guardian","floor":19,"turns":3},{"damage":3,"enemies":"Snake Plant","floor":20,"turns":4},{"damage":0,"enemies":"Snecko","floor":21,"turns":3},{"damage":0,"enemies":"Gremlin Leader","floor":24,"turns":3},{"damage":12,"enemies":"Cultist and Chosen","floor":27,"turns":2},{"damage":0,"enemies":"Slavers","floor":29,"turns":1},{"damage":6,"enemies":"Colosseum Slavers","floor":30,"turns":3},{"damage":0,"enemies":"Colosseum Nobs","floor":30,"turns":2},{"damage":21,"enemies":"Pondfish","floor":33,"turns":5},{"damage":9,"enemies":"3 Shapes","floor":35,"turns":3},{"damage":0,"enemies":"Mind Bloom Boss Battle","floor":36,"turns":1},{"damage":0,"enemies":"3 Darklings","floor":37,"turns":2},{"damage":1,"enemies":"Giant Head","floor":40,"turns":3},{"damage":0,"enemies":"Jaw Worm Horde","floor":42,"turns":1},{"damage":0,"enemies":"Spire Growth","floor":44,"turns":1},{"damage":0,"enemies":"Reptomancer","floor":45,"turns":2},{"damage":0,"enemies":"Giant Head","floor":47,"turns":1},{"damage":0,"enemies":"3 Darklings","floor":48,"turns":2},{"damage":21,"enemies":"Replay:Hell Engine","floor":50,"turns":2},{"damage":0,"enemies":"Shield and Spear","floor":54,"turns":2},{"damage":35,"enemies":"The Heart","floor":55,"turns":5}],"seed_played":"5162520826510613797","potions_obtained":[{"floor":1,"key":"BlessingOfTheForge"},{"floor":7,"key":"Doom Potion"},{"floor":10,"key":"Adrenaline Potion"},{"floor":11,"key":"Explosive Potion"},{"floor":16,"key":"hexamod:SoulburnPotion"},{"floor":19,"key":"hexamod:SoulburnPotion"},{"floor":20,"key":"Block Potion"},{"floor":21,"key":"ColorlessPotion"},{"floor":27,"key":"Block Potion"},{"floor":29,"key":"Ancient Potion"},{"floor":30,"key":"Venom Potion"},{"floor":35,"key":"hexamod:SoulburnPotion"},{"floor":37,"key":"Fire Potion"},{"floor":42,"key":"Doom Potion"},{"floor":45,"key":"LiquidMemories"},{"floor":48,"key":"Adrenaline Potion"},{"floor":54,"key":"DistilledChaos"}],"is_trial":false,"path_per_floor":["M","M","?","M","?","R","E","$","T","M","E","R","E","M","R","B",null,"M","M","M","M","$","R","E","R","T","M","R","E","?","$","R","B",null,"M","?","M","$","?","E","R","M","T","M","E","R","E","M","R","B",null,"R","$","E","B",null],"character_chosen":"THE_SILENT","items_purchased":["Noxious Fumes+1","ReplayTheSpireMod:Ninjato","Finisher","TwistedFunnel","Replay:Bandana","ReplayTheSpireMod:CursedCoin","Hidden Blade","Sling","Cloak And Dagger","Potion Belt","Bottled Flame","ReplayTheSpireMod:TigerMarble","Pantograph","ReplayTheSpireMod:Scrap Shanks"],"campfire_rested":1,"item_purchase_floors":[0,0,0,0,8,8,8,22,22,22,31,38,53,53],"current_hp_per_floor":[63,58,58,58,58,58,53,53,53,44,44,44,37,37,37,42,63,63,52,49,49,49,49,49,49,49,37,37,37,31,31,52,31,60,51,51,51,51,51,50,50,50,50,50,50,50,50,50,50,29,60,60,60,60,35],"gold":505,"neow_bonus":"","is_daily":false,"chose_seed":false,"campfire_upgraded":10,"win_rate":0.0,"timestamp":1613348792,"path_taken":["M","M","?","M","?","R","E","$","T","M","E","R","E","M","R","BOSS","M","?","M","M","$","R","E","R","T","M","R","E","?","$","R","BOSS","M","?","M","$","?","E","R","M","T","M","E","R","E","M","R","BOSS","R","$","E","BOSS"],"items_purchased_type":["Card","Relic","Card","Relic","Relic","Relic","Card","Relic","Card","Relic","Relic","Relic","Relic","Card"],"build_version":"2020-12-22","purchased_purges":3,"victory":true,"max_hp_per_floor":[70,70,70,70,70,70,70,70,70,70,70,70,70,70,70,70,70,70,70,70,70,70,70,70,70,70,70,70,70,70,70,70,70,70,70,70,70,70,70,70,70,70,70,70,70,70,70,70,70,70,70,70,70,70,70],"relic_stats":{"Peace Pipe":4,"Busted Crown":20,"counters":[31,84],"Shuriken":[74],"Pantograph":10,"StoneCalendar":[0],"War Paint":["Defend_G","Defend_G"],"obtain_stats":[{"TwistedFunnel":0,"Blue Doll":29,"StoneCalendar":36,"Bottled Tornado":54,"Sling":22,"Replay:Bandana":8,"WristBlade":17,"Ninja Scroll":30,"Pantograph":53,"Toxic Egg 2":45,"Byrd Skull":9,"Ring of the Snake":0,"Potion Belt":22,"Gremlin Food":47,"ReplayTheSpireMod:Ninjato":0,"ReplayTheSpireMod:CursedCoin":8,"Thread and Needle":30,"War Paint":7,"Replay:Arrowhead":0,"Akabeko":13,"Peace Pipe":11,"Replay:Baseball":26,"Bottled Flame":31,"Busted Crown":34,"Shuriken":24,"ReplayTheSpireMod:TigerMarble":38,"Mirror":40},{"TwistedFunnel":0,"Blue Doll":16,"StoneCalendar":21,"Bottled Tornado":30,"Sling":13,"Replay:Bandana":4,"WristBlade":9,"Ninja Scroll":18,"Pantograph":29,"Toxic Egg 2":26,"Byrd Skull":4,"Ring of the Snake":0,"Potion Belt":13,"Gremlin Food":27,"ReplayTheSpireMod:Ninjato":0,"ReplayTheSpireMod:CursedCoin":4,"Thread and Needle":18,"War Paint":4,"Replay:Arrowhead":0,"Akabeko":7,"Peace Pipe":6,"Replay:Baseball":14,"Bottled Flame":18,"Busted Crown":19,"Shuriken":14,"ReplayTheSpireMod:TigerMarble":22,"Mirror":23},{"TwistedFunnel":0,"Blue Doll":49,"StoneCalendar":63,"Bottled Tornado":79,"Sling":43,"Replay:Bandana":11,"WristBlade":30,"Ninja Scroll":54,"Pantograph":77,"Toxic Egg 2":72,"Byrd Skull":11,"Ring of the Snake":0,"Potion Belt":43,"Gremlin Food":73,"ReplayTheSpireMod:Ninjato":0,"ReplayTheSpireMod:CursedCoin":11,"Thread and Needle":54,"War Paint":11,"Replay:Arrowhead":0,"Akabeko":19,"Peace Pipe":15,"Replay:Baseball":46,"Bottled Flame":54,"Busted Crown":59,"Shuriken":46,"ReplayTheSpireMod:TigerMarble":65,"Mirror":68}],"Ring of the Snake":[62]},"card_choices":[{"not_picked":["Quick Slash","PiercingWail","Bane"],"picked":"SKIP","floor":1},{"not_picked":["Deadly Poison","Flying Knee","Tactician"],"picked":"SKIP","floor":2},{"not_picked":["Fluid Movement","Riddle With Holes"],"picked":"Blade Dance","floor":4},{"not_picked":["Bullet Time","Skewer"],"picked":"Finisher","floor":7},{"not_picked":["Heel Hook","Deadly Poison"],"picked":"Leg Sweep","floor":10},{"not_picked":["ReplayTheSpireMod:Tripwire","Dagger Spray","Deadly Poison"],"picked":"SKIP","floor":11},{"not_picked":["Distraction","Sucker Punch"],"picked":"Storm of Steel","floor":13},{"not_picked":["Acrobatics","Crippling Poison"],"picked":"Masterful Stab","floor":14},{"not_picked":["Unload","A Thousand Cuts"],"picked":"Burst","floor":16},{"not_picked":["Dash+1","Setup","PiercingWail"],"picked":"SKIP","floor":18},{"not_picked":["Poisoned Stab+1","Outmaneuver","Underhanded Strike"],"picked":"SKIP","floor":19},{"not_picked":["Dagger Throw+1","Bouncing Flask","Quick Slash"],"picked":"SKIP","floor":20},{"not_picked":["Sucker Punch","Predator+1"],"picked":"Replay:Bag of Tricks","floor":21},{"not_picked":["PiercingWail+1","Acrobatics"],"picked":"Blade Dance","floor":24},{"not_picked":["Poisoned Stab","Skewer"],"picked":"Footwork","floor":27},{"not_picked":["Flying Knee","Corpse Explosion","Skewer"],"picked":"SKIP","floor":29},{"not_picked":["ReplayTheSpireMod:From All Sides","Glass Knife"],"picked":"A Thousand Cuts","floor":33},{"not_picked":["Deflect"],"picked":"SKIP","floor":35},{"not_picked":[],"picked":"Blade Dance","floor":36},{"not_picked":["Dodge and Roll"],"picked":"SKIP","floor":37},{"not_picked":["Replay:Poison Smokescreen+1"],"picked":"SKIP","floor":40},{"not_picked":["Setup"],"picked":"SKIP","floor":42},{"not_picked":["Riddle With Holes"],"picked":"SKIP","floor":44},{"not_picked":[],"picked":"Backstab+1","floor":45},{"not_picked":["Flying Knee+1"],"picked":"SKIP","floor":47},{"not_picked":["Blade Dance+1"],"picked":"SKIP","floor":48},{"not_picked":[],"picked":"Choke+1","floor":54}],"player_experience":209183,"relics_obtained":[{"floor":7,"key":"War Paint"},{"floor":9,"key":"Byrd Skull"},{"floor":11,"key":"Peace Pipe"},{"floor":13,"key":"Akabeko"},{"floor":24,"key":"Shuriken"},{"floor":26,"key":"Replay:Baseball"},{"floor":29,"key":"Blue Doll"},{"floor":30,"key":"Thread and Needle"},{"floor":30,"key":"Ninja Scroll"},{"floor":36,"key":"StoneCalendar"},{"floor":40,"key":"Mirror"},{"floor":45,"key":"Toxic Egg 2"},{"floor":47,"key":"Gremlin Food"},{"floor":54,"key":"Bottled Tornado"}],"event_choices":[{"damage_healed":0,"gold_gain":0,"cards_transformed":["Strike_G"],"player_choice":"Transformed","damage_taken":0,"max_hp_gain":0,"max_hp_loss":0,"event_name":"Transmorgrifier","floor":5,"gold_loss":0,"cards_obtained":["Wraith Form v2"]},{"damage_healed":0,"gold_gain":0,"player_choice":"Fight","damage_taken":0,"max_hp_gain":0,"max_hp_loss":0,"event_name":"Colosseum","floor":30,"gold_loss":0},{"damage_healed":0,"gold_gain":0,"player_choice":"Fought Nobs","damage_taken":0,"max_hp_gain":0,"max_hp_loss":0,"event_name":"Colosseum","floor":30,"gold_loss":0},{"damage_healed":0,"gold_gain":0,"player_choice":"Fight","damage_taken":0,"max_hp_gain":0,"max_hp_loss":0,"event_name":"MindBloom","floor":36,"gold_loss":0},{"damage_healed":0,"gold_gain":0,"player_choice":"Upgraded","damage_taken":0,"max_hp_gain":0,"max_hp_loss":0,"event_name":"Upgrade Shrine","floor":39,"gold_loss":0,"cards_upgraded":["A Thousand Cuts"]}],"is_beta":false,"boss_relics":[{"not_picked":["Replay:Ancient Bell","Painkiller Herb"],"picked":"WristBlade"},{"not_picked":["Astrolabe","Fusion Hammer"],"picked":"Busted Crown"}],"items_purged_floors":[8,22,31],"is_endless":false,"potions_floor_spawned":[1,7,10,11,16,19,20,21,27,29,30,35,37,42,45,48,54],"ascension_level":10}}