{"host":"sxnl403xm2xmiyj1","time":1613379619,"event":{"mods":["AchievementEnabler","BaseMod","Colored Map","Keyboard Shortcuts","Minty Spire (QoL Compilation)","Quick Restart","StSLib","SuperFastMode"],"gold_per_floor":[110,123,123,135,152,182,192,207,207,239,239,239,239,257,257,329,329,339,339,72,84,84,109,109,123,123,133,158,175,206,216,216,290,340,352,365,375,12,360,360,387,387,387,405,405,419,437,462,462,462,462,462],"floor_reached":51,"language":"KOR","playtime":1290,"items_purged":["Strike_B"],"score":1716,"play_id":"cc5fec48-9232-423e-93c0-6f1cef21e072","local_time":"20210215180019","is_ascension_mode":true,"campfire_choices":[{"floor":11.0,"key":"REST"},{"data":"Creative AI","floor":12.0,"key":"SMITH"},{"data":"Zap","floor":13.0,"key":"SMITH"},{"data":"Storm","floor":15.0,"key":"SMITH"},{"data":"Buffer","floor":24.0,"key":"SMITH"},{"data":"Storm","floor":32.0,"key":"SMITH"},{"data":"Amplify","floor":40.0,"key":"SMITH"},{"data":"Buffer","floor":42.0,"key":"SMITH"},{"floor":45.0,"key":"RECALL"},{"data":"Coolheaded","floor":49.0,"key":"SMITH"}],"circlet_count":0,"master_deck":["AscendersBane","Strike_B","Strike_B+1","Defend_B","Defend_B","Defend_B","Zap+1","Dualcast","Ball Lightning","Barrage","Leap","Genetic Algorithm","Creative AI+1","Storm+1","Ball Lightning","Buffer+1","Defragment","Buffer+1","Self Repair","Cold Snap","Coolheaded+1","Storm+1","Hologram+1","Coolheaded+1","Static Discharge","Amplify+1","Stack+1","Core Surge","Ball Lightning+1","Static Discharge","Conserve Battery","Hologram","Hello World","Sweeping Beam+1","Conserve Battery+1","Rebound+1","Barrage"],"relics":["Cracked Core","Bronze Scales","WingedGreaves","Nunchaku","Philosopher\u0027s Stone","Mummified Hand","White Beast Statue","DataDisk","Incense Burner","Cables","Tiny House","Toolbox","Old Coin","InkBottle","Torii"],"acts_visited":["Exordium","TheCity","TheBeyond"],"potions_floor_usage":[50,50],"damage_taken":[{"damage":7.0,"enemies":"Small Slimes","floor":1.0,"turns":3.0},{"damage":1.0,"enemies":"Cultist","floor":2.0,"turns":3.0},{"damage":9.0,"enemies":"2 Louse","floor":4.0,"turns":2.0},{"damage":0.0,"enemies":"Exordium Wildlife","floor":5.0,"turns":3.0},{"damage":8.0,"enemies":"Gremlin Nob","floor":6.0,"turns":3.0},{"damage":7.0,"enemies":"Large Slime","floor":7.0,"turns":5.0},{"damage":6.0,"enemies":"Looter","floor":8.0,"turns":3.0},{"damage":19.0,"enemies":"Lagavulin","floor":10.0,"turns":6.0},{"damage":9.0,"enemies":"Exordium Thugs","floor":14.0,"turns":4.0},{"damage":11.0,"enemies":"Hexaghost","floor":16.0,"turns":6.0},{"damage":7.0,"enemies":"3 Byrds","floor":18.0,"turns":3.0},{"damage":0.0,"enemies":"Spheric Guardian","floor":21.0,"turns":3.0},{"damage":16.0,"enemies":"Book of Stabbing","floor":23.0,"turns":5.0},{"damage":0.0,"enemies":"Chosen and Byrds","floor":25.0,"turns":3.0},{"damage":0.0,"enemies":"Snake Plant","floor":27.0,"turns":3.0},{"damage":0.0,"enemies":"Gremlin Leader","floor":28.0,"turns":4.0},{"damage":0.0,"enemies":"Shelled Parasite and Fungi","floor":29.0,"turns":2.0},{"damage":11.0,"enemies":"Book of Stabbing","floor":30.0,"turns":4.0},{"damage":0.0,"enemies":"Centurion and Healer","floor":31.0,"turns":4.0},{"damage":0.0,"enemies":"Champ","floor":33.0,"turns":8.0},{"damage":0.0,"enemies":"3 Shapes","floor":35.0,"turns":3.0},{"damage":0.0,"enemies":"Orb Walker","floor":36.0,"turns":2.0},{"damage":0.0,"enemies":"Writhing Mass","floor":37.0,"turns":4.0},{"damage":10.0,"enemies":"2 Orb Walkers","floor":39.0,"turns":3.0},{"damage":32.0,"enemies":"Nemesis","floor":41.0,"turns":7.0},{"damage":0.0,"enemies":"Maw","floor":44.0,"turns":5.0},{"damage":0.0,"enemies":"3 Darklings","floor":46.0,"turns":4.0},{"damage":0.0,"enemies":"Jaw Worm Horde","floor":47.0,"turns":2.0},{"damage":0.0,"enemies":"Reptomancer","floor":48.0,"turns":3.0},{"damage":36,"enemies":"Time Eater","floor":50,"turns":8},{"damage":46,"enemies":"Awakened One","floor":51,"turns":2}],"seed_played":"-3212001258154219498","potions_obtained":[{"floor":1.0,"key":"Fire Potion"},{"floor":4.0,"key":"FearPotion"},{"floor":14.0,"key":"FearPotion"},{"floor":16.0,"key":"SkillPotion"},{"floor":18.0,"key":"SkillPotion"},{"floor":21.0,"key":"Weak Potion"},{"floor":25.0,"key":"Weak Potion"},{"floor":27.0,"key":"DistilledChaos"},{"floor":28.0,"key":"AttackPotion"},{"floor":30.0,"key":"Fire Potion"},{"floor":31.0,"key":"Dexterity Potion"},{"floor":48.0,"key":"CultistPotion"}],"is_trial":false,"path_per_floor":["M","M","?","M","M","E","M","M","T","E","R","R","R","M","R","B",null,"M","?","$","M","?","E","R","M","T","M","E","M","E","M","R","B",null,"M","M","M","$","?","R","E","R","T","M","R","M","M","E","R","B","B"],"character_chosen":"DEFECT","items_purchased":["Mummified Hand","Static Discharge","Toolbox","Conserve Battery"],"campfire_rested":1,"item_purchase_floors":[20,38,38,38],"current_hp_per_floor":[57,56,56,47,47,39,32,26,26,7,26,26,26,17,17,6,50,43,43,43,43,43,34,34,41,41,48,55,62,58,64,64,64,69,69,69,69,69,66,66,41,41,41,55,55,55,55,65,65,36,0,0],"gold":462,"neow_bonus":"REMOVE_TWO","is_daily":false,"chose_seed":false,"campfire_upgraded":8,"win_rate":0.0,"timestamp":1613379619,"path_taken":["M","M","?","M","M","E","?","M","T","E","R","R","R","M","R","BOSS","M","?","$","M","?","E","R","M","T","?","E","M","E","M","R","BOSS","M","M","M","$","?","R","E","R","T","M","R","M","M","E","R","BOSS","BOSS"],"items_purchased_type":["Relic","Card","Relic","Card"],"build_version":"2020-12-22","purchased_purges":1,"victory":false,"max_hp_per_floor":[64,64,64,64,64,64,64,64,64,64,64,64,64,64,64,64,64,64,64,64,64,64,64,64,64,64,64,64,64,64,64,64,64,69,69,69,69,69,69,69,69,69,69,69,69,69,69,69,69,69,69,69],"card_choices":[{"not_picked":["Redo","Hologram"],"picked":"Ball Lightning","floor":1.0},{"not_picked":["Hologram","Darkness"],"picked":"Barrage","floor":2.0},{"not_picked":["Heatsinks","Compile Driver"],"picked":"Leap","floor":4.0},{"not_picked":["Hologram","Stack"],"picked":"Genetic Algorithm","floor":5.0},{"not_picked":["Steam","Compile Driver"],"picked":"Creative AI","floor":6.0},{"not_picked":["Scrape","Tempest"],"picked":"Storm","floor":7.0},{"not_picked":["Chaos","Leap"],"picked":"Ball Lightning","floor":8.0},{"not_picked":["Sweeping Beam","Steam Power"],"picked":"Buffer","floor":10.0},{"not_picked":["Chaos","Coolheaded"],"picked":"Defragment","floor":14.0},{"not_picked":["Fission","Multi-Cast"],"picked":"Buffer","floor":16.0},{"not_picked":["Static Discharge","Barrage"],"picked":"Self Repair","floor":18.0},{"not_picked":["Sweeping Beam","Aggregate"],"picked":"Cold Snap","floor":21.0},{"not_picked":["Recycle","Leap"],"picked":"Coolheaded+1","floor":23.0},{"not_picked":["Beam Cell","Doom and Gloom","Reprogram"],"picked":"SKIP","floor":25.0},{"not_picked":["Turbo","Aggregate","Beam Cell"],"picked":"SKIP","floor":27.0},{"not_picked":["Steam","Compile Driver"],"picked":"Storm","floor":28.0},{"not_picked":["Beam Cell","Cold Snap"],"picked":"Hologram+1","floor":29.0},{"not_picked":["Double Energy","Rip and Tear"],"picked":"Coolheaded","floor":30.0},{"not_picked":["Steam Power","All For One"],"picked":"Static Discharge","floor":31.0},{"not_picked":["Rainbow","Multi-Cast"],"picked":"Amplify","floor":33.0},{"not_picked":["Conserve Battery","Cold Snap"],"picked":"Stack+1","floor":35.0},{"not_picked":["Steam+1","Hologram"],"picked":"Core Surge","floor":36.0},{"not_picked":["Cold Snap","Conserve Battery"],"picked":"Ball Lightning+1","floor":37.0},{"not_picked":["Tempest","Double Energy"],"picked":"Hologram","floor":39.0},{"not_picked":["Stack","Hologram"],"picked":"Hello World","floor":41.0},{"not_picked":["Cold Snap","Aggregate"],"picked":"Sweeping Beam+1","floor":44.0},{"not_picked":["Go for the Eyes","Cold Snap"],"picked":"Conserve Battery+1","floor":46.0},{"not_picked":["Hyperbeam","Melter"],"picked":"Rebound+1","floor":47.0},{"not_picked":["Reinforced Body","All For One"],"picked":"Barrage","floor":48.0}],"player_experience":219463,"relics_obtained":[{"floor":6.0,"key":"Bronze Scales"},{"floor":9.0,"key":"WingedGreaves"},{"floor":10.0,"key":"Nunchaku"},{"floor":23.0,"key":"White Beast Statue"},{"floor":26.0,"key":"DataDisk"},{"floor":28.0,"key":"Incense Burner"},{"floor":30.0,"key":"Cables"},{"floor":39.0,"key":"Old Coin"},{"floor":41.0,"key":"InkBottle"},{"floor":48.0,"key":"Torii"}],"event_choices":[{"damage_healed":0.0,"max_hp_gain":0.0,"max_hp_loss":0.0,"gold_gain":0.0,"event_name":"Match and Keep!","player_choice":"0 cards matched","floor":3.0,"gold_loss":0.0,"damage_taken":0.0,"cards_obtained":[]},{"damage_healed":0.0,"max_hp_gain":0.0,"max_hp_loss":0.0,"gold_gain":0.0,"event_name":"Vampires","player_choice":"Ignored","floor":19.0,"gold_loss":0.0,"damage_taken":0.0},{"damage_healed":0.0,"max_hp_gain":0.0,"max_hp_loss":0.0,"gold_gain":0.0,"event_name":"Mysterious Sphere","player_choice":"Fight","floor":39.0,"gold_loss":0.0,"damage_taken":0.0}],"is_beta":false,"boss_relics":[{"not_picked":["Fusion Hammer","SacredBark"],"picked":"Philosopher\u0027s Stone"},{"not_picked":["Velvet Choker","Runic Pyramid"],"picked":"Tiny House"}],"items_purged_floors":[38],"is_endless":false,"potions_floor_spawned":[1,4,14,16,18,21,25,27,28,29,30,31,33,35,36,37,39,41,44,46,47,48],"killed_by":"Awakened One","ascension_level":20}}