{"host":"na09lpbrez4gbfiz","time":1613419860,"event":{"mods":["Act Like it!","BaseMod","BetterRewards","Colored Map","Colored Powertips","DeckTracker","Googly Eyes","Highlight Path","Minty Spire (QoL Compilation)","Quick Restart","Spicy Shops","StSLib","SuperFastMode","Synergy Search"],"gold_per_floor":[119,137,87,87,87,87,120,120,143,68,78,98,98,130,130,201,201,220,135,60,60,70,101,101,81,81,94,94,94,107,107,107],"floor_reached":31,"language":"ENG","playtime":538,"items_purged":["Strike_R"],"score":486,"play_id":"62567cdc-93da-4084-bd2b-93bb97853160","local_time":"20210215211100","is_ascension_mode":true,"campfire_choices":[{"data":"Bash","floor":6.0,"key":"SMITH"},{"data":"Defend_R","floor":8.0,"key":"SMITH"},{"data":"Carnage","floor":13.0,"key":"SMITH"},{"data":"Inflame","floor":15.0,"key":"SMITH"},{"floor":24.0,"key":"REST"},{"data":"Ghostly Armor","floor":28.0,"key":"SMITH"}],"circlet_count":0,"master_deck":["AscendersBane","Strike_R","Defend_R+1","Defend_R","Defend_R","Defend_R","Bash+1","Inflame+1","Carnage+1","Ghostly Armor+1","Metallicize+1","True Grit"],"relics":["Burning Blood","NeowsBlessing","Ancient Tea Set","Red Skull","Bronze Scales","Nunchaku","Sozu","Pantograph","Mercury Hourglass","HornCleat"],"acts_visited":["Exordium","TheCity"],"potions_floor_usage":[],"damage_taken":[{"damage":0.0,"enemies":"Cultist","floor":1.0,"turns":1.0},{"damage":0.0,"enemies":"Small Slimes","floor":2.0,"turns":1.0},{"damage":0.0,"enemies":"3 Sentries","floor":7.0,"turns":1.0},{"damage":3.0,"enemies":"Jaw Worm","floor":11.0,"turns":4.0},{"damage":10.0,"enemies":"Red Slaver","floor":12.0,"turns":3.0},{"damage":2.0,"enemies":"Gremlin Nob","floor":14.0,"turns":3.0},{"damage":40.0,"enemies":"Hexaghost","floor":16.0,"turns":7.0},{"damage":4.0,"enemies":"Chosen","floor":18.0,"turns":3.0},{"damage":6.0,"enemies":"Spheric Guardian","floor":22.0,"turns":3.0},{"damage":66.0,"enemies":"Book of Stabbing","floor":23.0,"turns":7.0},{"damage":0.0,"enemies":"Centurion and Healer","floor":27.0,"turns":5.0},{"damage":1.0,"enemies":"Snake Plant","floor":30.0,"turns":3.0},{"damage":51,"enemies":"Gremlin Leader","floor":31,"turns":8}],"seed_played":"676302963317173417","potions_obtained":[{"floor":7.0,"key":"Swift Potion"},{"floor":11.0,"key":"HeartOfIron"},{"floor":12.0,"key":"Explosive Potion"},{"floor":14.0,"key":"Fire Potion"}],"is_trial":false,"path_per_floor":["M","M","?","?","T","R","E","R","T","$","M","M","R","E","R","B",null,"M","?","?","$","M","E","R","?","T","M","R","$","M","E"],"character_chosen":"IRONCLAD","items_purchased":[],"campfire_rested":1,"item_purchase_floors":[],"current_hp_per_floor":[74,75,75,68,68,68,74,74,74,74,75,71,71,75,75,41,67,69,69,69,69,69,9,31,31,31,37,37,37,42,0,0],"gold":107,"neow_bonus":"THREE_ENEMY_KILL","is_daily":false,"chose_seed":false,"campfire_upgraded":5,"win_rate":0.0,"timestamp":1613419860,"path_taken":["M","M","?","?","?","R","E","R","T","$","M","?","R","E","R","BOSS","M","?","?","$","M","E","R","?","T","M","R","$","M","E"],"items_purchased_type":[],"build_version":"2020-12-22","purchased_purges":1,"victory":false,"max_hp_per_floor":[75,75,75,75,75,75,75,75,75,75,75,75,75,75,75,75,75,75,75,75,75,75,75,75,75,75,75,75,75,75,75,75],"card_choices":[{"not_picked":["Clothesline","Power Through","Disarm"],"picked":"SKIP","floor":1.0},{"not_picked":["Rage","Sentinel","Dual Wield"],"picked":"SKIP","floor":2.0},{"not_picked":["Headbutt","Clothesline","Body Slam"],"picked":"SKIP","floor":7.0},{"not_picked":["Iron Wave","Metallicize"],"picked":"Inflame","floor":11.0},{"not_picked":["Flex","Anger"],"picked":"Carnage","floor":12.0},{"not_picked":["Fiend Fire","Clash","Pommel Strike"],"picked":"SKIP","floor":14.0},{"not_picked":["Perfected Strike","Twin Strike+1","Dual Wield+1"],"picked":"SKIP","floor":18.0},{"not_picked":["Headbutt+1","Second Wind"],"picked":"Ghostly Armor","floor":22.0},{"not_picked":["Warcry","Perfected Strike"],"picked":"Metallicize+1","floor":23.0},{"not_picked":["Clothesline","Seeing Red","Warcry"],"picked":"SKIP","floor":27.0},{"not_picked":["Headbutt","Whirlwind","True Grit"],"picked":"SKIP","floor":30.0},{"not_picked":["Headbutt","Whirlwind"],"picked":"True Grit","floor":30.0}],"player_experience":219205,"relics_obtained":[{"floor":5.0,"key":"Ancient Tea Set"},{"floor":7.0,"key":"Red Skull"},{"floor":9.0,"key":"Bronze Scales"},{"floor":14.0,"key":"Nunchaku"},{"floor":23.0,"key":"Mercury Hourglass"},{"floor":26.0,"key":"HornCleat"}],"event_choices":[{"cards_removed":["Strike_R"],"damage_healed":0.0,"max_hp_gain":0.0,"max_hp_loss":0.0,"gold_gain":0.0,"event_name":"The Cleric","player_choice":"Card Removal","floor":3.0,"gold_loss":50.0,"damage_taken":0.0},{"cards_removed":["Strike_R"],"damage_healed":0.0,"max_hp_gain":0.0,"max_hp_loss":0.0,"gold_gain":0.0,"event_name":"Golden Wing","player_choice":"Card Removal","floor":4.0,"gold_loss":0.0,"damage_taken":7.0},{"damage_healed":0.0,"max_hp_gain":0.0,"max_hp_loss":0.0,"gold_gain":0.0,"event_name":"Addict","player_choice":"Obtained Relic","floor":19.0,"gold_loss":85.0,"damage_taken":0.0,"relics_obtained":["Pantograph"]},{"cards_removed":["Strike_R"],"damage_healed":0.0,"max_hp_gain":0.0,"max_hp_loss":0.0,"gold_gain":0.0,"event_name":"Beggar","player_choice":"Gave Gold","floor":20.0,"gold_loss":75.0,"damage_taken":0.0},{"damage_healed":0.0,"max_hp_gain":0.0,"max_hp_loss":0.0,"gold_gain":0.0,"event_name":"The Woman in Blue","player_choice":"Bought 1 Potion","floor":25.0,"gold_loss":0.0,"damage_taken":0.0}],"is_beta":false,"boss_relics":[{"not_picked":["Pandora\u0027s Box","Ectoplasm"],"picked":"Sozu"}],"items_purged_floors":[10],"is_endless":false,"potions_floor_spawned":[7,11,12,14,22],"killed_by":"Gremlin Leader","ascension_level":14}}