{"host":"or8fr2mp0k3eluj8","time":1613382947,"event":{"mods":["AchievementEnabler","BaseMod","Colored Map","DeckTracker","Minty Spire (QoL Compilation)","SuperFastMode"],"gold_per_floor":[109,59,59,59,69,103,103,103,103,123,123,123,164,89,89,218,218,242,142,160,160,160,160,360,154,230,270,283,299,299,299,299,428,428,441,441,465,488,232,275,338,404,404,416,446,494,531,566,578,590,590],"floor_reached":50,"language":"KOR","playtime":2165,"items_purged":["Regret","Study","CarveReality","Wallop"],"score":699,"play_id":"8e9a63df-2d42-4544-bd93-a2f48ca33655","local_time":"20210215185547","is_ascension_mode":false,"campfire_choices":[{"data":"Eruption","floor":7.0,"key":"SMITH"},{"data":"MentalFortress","floor":11.0,"key":"SMITH"},{"floor":15.0,"key":"REST"},{"data":"Vault","floor":23.0,"key":"SMITH"},{"data":"Adaptation","floor":30.0,"key":"SMITH"},{"data":"WheelKick","floor":32.0,"key":"SMITH"},{"floor":44.0,"key":"RECALL"},{"data":"Halt","floor":49.0,"key":"SMITH"}],"circlet_count":0,"master_deck":["Eruption+1","Vigilance","BowlingBash","MentalFortress+1","WheelKick+1","Halt+1","Indignation","Vault+1","Swivel","FlurryOfBlows","Adaptation+1","Bandage Up","Master of Strategy"],"relics":["PureWater","NeowsBlessing","Tiny Chest","Happy Flower","Golden Idol","Singing Bowl","Meat on the Bone","Pandora\u0027s Box","Orichalcum","The Courier","Dead Branch","Bottled Lightning","Sozu","Torii","Thread and Needle","TungstenRod","MawBank","Anchor","Strawberry"],"acts_visited":["Exordium","TheCity","TheBeyond"],"potions_floor_usage":[],"damage_taken":[{"damage":0.0,"enemies":"Small Slimes","floor":1.0,"turns":1.0},{"damage":0.0,"enemies":"2 Louse","floor":5.0,"turns":1.0},{"damage":0.0,"enemies":"Lagavulin","floor":6.0,"turns":1.0},{"damage":4.0,"enemies":"Jaw Worm","floor":10.0,"turns":4.0},{"damage":4.0,"enemies":"Gremlin Nob","floor":13.0,"turns":2.0},{"damage":37.0,"enemies":"Hexaghost","floor":16.0,"turns":13.0},{"damage":2.0,"enemies":"Spheric Guardian","floor":18.0,"turns":5.0},{"damage":8.0,"enemies":"2 Thieves","floor":20.0,"turns":2.0},{"damage":38.0,"enemies":"Gremlin Leader","floor":27.0,"turns":5.0},{"damage":4.0,"enemies":"Snake Plant","floor":28.0,"turns":6.0},{"damage":0.0,"enemies":"Centurion and Healer","floor":29.0,"turns":4.0},{"damage":39.0,"enemies":"Collector","floor":33.0,"turns":9.0},{"damage":4.0,"enemies":"Orb Walker","floor":35.0,"turns":4.0},{"damage":12.0,"enemies":"3 Shapes","floor":37.0,"turns":2.0},{"damage":0.0,"enemies":"Jaw Worm Horde","floor":38.0,"turns":2.0},{"damage":0.0,"enemies":"Reptomancer","floor":40.0,"turns":4.0},{"damage":0.0,"enemies":"Mind Bloom Boss Battle","floor":41.0,"turns":3.0},{"damage":6.0,"enemies":"2 Orb Walkers","floor":42.0,"turns":5.0},{"damage":0.0,"enemies":"3 Darklings","floor":45.0,"turns":4.0},{"damage":17.0,"enemies":"Nemesis","floor":46.0,"turns":8.0},{"damage":0.0,"enemies":"Sphere and 2 Shapes","floor":48.0,"turns":3.0},{"damage":110,"enemies":"Awakened One","floor":50,"turns":8}],"seed_played":"7017270474108981151","potions_obtained":[{"floor":1.0,"key":"SmokeBomb"},{"floor":10.0,"key":"Swift Potion"},{"floor":27.0,"key":"GamblersBrew"},{"floor":28.0,"key":"SpeedPotion"},{"floor":33.0,"key":"Ambrosia"}],"is_trial":false,"path_per_floor":["M","?","?","?","M","E","R","?","T","M","R","T","E","$","R","B",null,"M","$","M","?","?","R","?","$","T","E","M","M","R","T","R","B",null,"M","?","M","M","$","E","?","?","T","R","M","E","T","M","R","B"],"character_chosen":"WATCHER","items_purchased":["Adaptation","Master of Strategy"],"campfire_rested":1,"item_purchase_floors":[25,39],"current_hp_per_floor":[72,72,72,54,54,54,54,36,36,32,32,32,28,28,49,26,74,74,74,68,68,68,68,68,68,68,44,54,56,56,56,56,31,86,84,84,78,84,84,90,96,96,96,96,100,89,96,102,102,0,0],"gold":590,"neow_bonus":"THREE_ENEMY_KILL","is_daily":false,"chose_seed":false,"campfire_upgraded":6,"win_rate":0.0,"timestamp":1613382947,"path_taken":["M","?","?","?","M","E","R","?","T","?","R","?","E","$","R","BOSS","M","$","M","?","?","R","?","$","T","E","M","M","R","?","R","BOSS","M","?","M","M","$","E","?","?","T","R","M","E","?","?","R","BOSS"],"items_purchased_type":["Card","Card"],"build_version":"2020-12-22","purchased_purges":4,"victory":false,"max_hp_per_floor":[72,72,72,72,72,72,72,72,72,72,72,72,72,72,72,74,74,76,76,78,78,78,78,78,78,78,80,82,84,84,84,84,86,86,88,88,90,92,92,94,96,98,98,98,100,102,109,111,111,111,111],"card_choices":[{"not_picked":["Collect","FlyingSleeves"],"picked":"BowlingBash","floor":1.0},{"not_picked":["CrushJoints","DeceiveReality"],"picked":"MentalFortress","floor":5.0},{"not_picked":["Prostrate","Nirvana","EmptyBody"],"picked":"SKIP","floor":6.0},{"not_picked":["SashWhip","ThirdEye"],"picked":"WheelKick","floor":10.0},{"not_picked":["CarveReality","EmptyMind"],"picked":"Halt","floor":13.0},{"not_picked":["MasterReality","LessonLearned","Establishment"],"picked":"Singing Bowl","floor":16.0},{"not_picked":["DeceiveReality+1","Pray","SashWhip+1"],"picked":"Singing Bowl","floor":18.0},{"not_picked":["ClearTheMind","Evaluate","Worship"],"picked":"Singing Bowl","floor":20.0},{"not_picked":["ReachHeaven","ClearTheMind","Wallop+1"],"picked":"Singing Bowl","floor":27.0},{"not_picked":["Protect","FollowUp","Collect"],"picked":"Singing Bowl","floor":28.0},{"not_picked":["FlurryOfBlows","Prostrate","JustLucky"],"picked":"Singing Bowl","floor":29.0},{"not_picked":["Judgement","ConjureBlade","SpiritShield"],"picked":"Singing Bowl","floor":33.0},{"not_picked":["CutThroughFate","FlurryOfBlows","ForeignInfluence+1"],"picked":"Singing Bowl","floor":35.0},{"not_picked":["Violence","HandOfGreed"],"picked":"Bandage Up","floor":36.0},{"not_picked":["CarveReality+1","Consecrate+1","Halt+1"],"picked":"Singing Bowl","floor":37.0},{"not_picked":["JustLucky+1","Meditate","Crescendo"],"picked":"Singing Bowl","floor":38.0},{"not_picked":["ClearTheMind","Perseverance+1","FlyingSleeves+1"],"picked":"Singing Bowl","floor":40.0},{"not_picked":["Weave","ReachHeaven","WreathOfFlame+1"],"picked":"Singing Bowl","floor":41.0},{"not_picked":["SandsOfTime","Collect","SignatureMove"],"picked":"Singing Bowl","floor":42.0},{"not_picked":["ThirdEye","CutThroughFate","EmptyBody+1"],"picked":"Singing Bowl","floor":45.0},{"not_picked":["MasterReality","JustLucky+1","CutThroughFate+1"],"picked":"Singing Bowl","floor":46.0},{"not_picked":["Halt+1","PathToVictory+1","BowlingBash+1"],"picked":"Singing Bowl","floor":48.0}],"player_experience":327863,"relics_obtained":[{"floor":12.0,"key":"Singing Bowl"},{"floor":13.0,"key":"Meat on the Bone"},{"floor":26.0,"key":"The Courier"},{"floor":27.0,"key":"Dead Branch"},{"floor":31.0,"key":"Bottled Lightning"},{"floor":40.0,"key":"Torii"},{"floor":41.0,"key":"Thread and Needle"},{"floor":42.0,"key":"TungstenRod"},{"floor":43.0,"key":"MawBank"},{"floor":46.0,"key":"Anchor"},{"floor":47.0,"key":"Strawberry"}],"event_choices":[{"cards_removed":["Strike_P"],"damage_healed":0.0,"max_hp_gain":0.0,"max_hp_loss":0.0,"gold_gain":0.0,"event_name":"The Cleric","player_choice":"Card Removal","floor":2.0,"gold_loss":50.0,"damage_taken":0.0},{"damage_healed":0.0,"max_hp_gain":0.0,"max_hp_loss":0.0,"gold_gain":0.0,"event_name":"Big Fish","player_choice":"Box","floor":3.0,"gold_loss":0.0,"damage_taken":0.0,"relics_obtained":["Tiny Chest"],"cards_obtained":["Regret"]},{"damage_healed":0.0,"max_hp_gain":0.0,"max_hp_loss":0.0,"gold_gain":0.0,"event_name":"Scrap Ooze","player_choice":"Success","floor":4.0,"gold_loss":0.0,"damage_taken":18.0,"relics_obtained":["Happy Flower"]},{"damage_healed":0.0,"max_hp_gain":0.0,"max_hp_loss":0.0,"gold_gain":0.0,"event_name":"Golden Idol","player_choice":"Take Damage","floor":8.0,"gold_loss":0.0,"damage_taken":18.0,"relics_obtained":["Golden Idol"]},{"damage_healed":0.0,"max_hp_gain":0.0,"max_hp_loss":0.0,"gold_gain":0.0,"cards_transformed":["ThirdEye","Weave"],"event_name":"Drug Dealer","player_choice":"Became Test Subject","floor":21.0,"gold_loss":0.0,"damage_taken":0.0,"cards_obtained":["Swivel","FlurryOfBlows"]},{"damage_healed":0.0,"max_hp_gain":0.0,"max_hp_loss":0.0,"gold_gain":0.0,"event_name":"The Mausoleum","player_choice":"Opened","floor":22.0,"gold_loss":0.0,"damage_taken":0.0,"relics_obtained":["Orichalcum"]},{"damage_healed":0.0,"max_hp_gain":0.0,"max_hp_loss":0.0,"gold_gain":200.0,"event_name":"Wheel of Change","player_choice":"Gold","floor":24.0,"gold_loss":0.0,"damage_taken":0.0},{"damage_healed":0.0,"max_hp_gain":0.0,"max_hp_loss":0.0,"gold_gain":0.0,"event_name":"SensoryStone","player_choice":"Memory 1","floor":36.0,"gold_loss":0.0,"damage_taken":0.0},{"damage_healed":0.0,"max_hp_gain":0.0,"max_hp_loss":0.0,"gold_gain":0.0,"event_name":"MindBloom","player_choice":"Fight","floor":41.0,"gold_loss":0.0,"damage_taken":0.0},{"damage_healed":0.0,"max_hp_gain":0.0,"max_hp_loss":0.0,"gold_gain":0.0,"event_name":"Mysterious Sphere","player_choice":"Fight","floor":42.0,"gold_loss":0.0,"damage_taken":0.0}],"is_beta":false,"boss_relics":[{"not_picked":["Tiny House","Calling Bell"],"picked":"Pandora\u0027s Box"},{"not_picked":["SacredBark","Black Star"],"picked":"Sozu"}],"items_purged_floors":[14,19,25,39],"is_endless":false,"potions_floor_spawned":[1,10,27,28,29,33,37,40,41,46,48],"killed_by":"Awakened One","ascension_level":0}}