{"host":"a3gu5zu37ht99mpa","time":1613354055,"event":{"mods":["100% Spire Juice","Act Like it!","Arknights","BaseMod","Better Silent Start","BetterRewards","Conspire","Downfall","Energized Spire","GifTheSpireLib","Gold Saver","Halation","Minty Spire (QoL Compilation)","Prisma Mod","Robot Space Explorer","Shop Mod","StSLib","Stuff the Spire","The Animator","The Servant 0.9.4","Virulent Crown","Wandering Minibosses","yUi"],"gold_per_floor":[529,529,529,550,550,590,590,633,660,760,787,806,91,124,124,267,267,285,304,344,344,344,344],"floor_reached":22,"language":"ENG","playtime":1671,"items_purged":[],"score":219,"play_id":"fcfcacd6-a074-4508-b355-5660432282c4","local_time":"20210214205415","is_ascension_mode":false,"campfire_choices":[{"floor":7,"key":"RECALL"},{"data":"animator:Saber","floor":15,"key":"SMITH"}],"circlet_count":0,"master_deck":["animator:Strike_MadokaMagica","animator:Defend_MadokaMagica","animator:Strike","animator:Strike","animator:Strike","animator:Defend","animator:Defend","animator:Defend","animator:IrohaTamaki","animator:YuiTsuruno","animator:Azekura","animator:Strike","animator:MisakiNakahara","animator:Guy","StuffTheSpire:Innocence","animator:AcuraTooru","animator:Viivi","animator:ElricEdward","animator:Fredrika","animator:Mikaela","animator:Saber+1","animator:SakuraMatou","animator:NagisaMomoe","animator:Guren","animator:MamiTomoe","animator:Hitei","animator:Togame+1"],"relics":["animator:LivingPicture","animator:TheMissingPiece","animator:PurgingStone","NeowsBlessing","Golden Idol","Boot","halation:LettersToHer","halation:AfternoonTea","halation:Thesaurus","Blood Vial","SlaversCollar","Red Mask"],"acts_visited":["Exordium","TheCity"],"potions_floor_usage":[16,18,18,20,20],"damage_taken":[{"damage":0,"enemies":"Small Slimes","floor":1,"turns":1},{"damage":0,"enemies":"Jaw Worm","floor":4,"turns":1},{"damage":0,"enemies":"Gremlin Nob","floor":6,"turns":1},{"damage":16,"enemies":"3 Sentries","floor":8,"turns":9},{"damage":0,"enemies":"conspire:RoseBush","floor":11,"turns":2},{"damage":0,"enemies":"Blue Slaver","floor":12,"turns":3},{"damage":1,"enemies":"2 Fungi Beasts","floor":14,"turns":4},{"damage":19,"enemies":"Hexaghost","floor":16,"turns":11},{"damage":37,"enemies":"2 Thieves","floor":18,"turns":4},{"damage":3,"enemies":"3 Byrds","floor":19,"turns":4},{"damage":27,"enemies":"Masked Bandits","floor":20,"turns":4},{"damage":15,"enemies":"Snake Plant","floor":22,"turns":2}],"seed_played":"6274103179846157186","potions_obtained":[{"floor":1,"key":"Energy Potion"},{"floor":8,"key":"Fruit Juice"},{"floor":14,"key":"Fire Potion"},{"floor":16,"key":"ColorlessPotion"},{"floor":18,"key":"champ:CounterPotion"}],"is_trial":false,"path_per_floor":["M","?","?","M","?","E","R","E","T","?","M","M","$","M","R","B",null,"M","M","?","?","M"],"character_chosen":"THE_ANIMATOR","items_purchased":["halation:LettersToHer","animator:Mikaela","animator:Saber","animator:SakuraMatou","halation:AfternoonTea","halation:Thesaurus"],"campfire_rested":0,"item_purchase_floors":[13,13,13,13,13,13],"current_hp_per_floor":[66,50,50,50,43,43,43,27,27,27,27,27,27,28,28,11,66,35,34,9,9,0,0],"gold":344,"neow_bonus":"THREE_ENEMY_KILL","is_daily":false,"chose_seed":false,"campfire_upgraded":1,"win_rate":0.0,"timestamp":1613354055,"path_taken":["M","?","?","?","?","E","R","E","T","?","M","M","$","M","R","BOSS","M","?","?","?","M"],"items_purchased_type":["Relic","Card","Card","Card","Relic","Relic"],"build_version":"2020-12-22","purchased_purges":0,"victory":false,"max_hp_per_floor":[66,66,66,66,66,66,66,66,66,66,66,66,66,66,66,66,66,72,72,72,72,72,72],"card_choices":[{"not_picked":["animator:Kazuma","animator:IrohaTamaki"],"picked":"animator:Azekura","floor":1},{"not_picked":["animator:ShinjiMatou","animator:Benimaru"],"picked":"animator:Guy","floor":4},{"not_picked":["animator:Assassin","animator:MetalKnight"],"picked":"animator:AcuraTooru","floor":6},{"not_picked":["animator:Layla","animator:AcuraAkari"],"picked":"animator:Viivi","floor":8},{"not_picked":["animator:Mitsurugi","animator:SilverFang"],"picked":"animator:ElricEdward","floor":11},{"not_picked":["animator:Lancer","animator:RinTohsaka"],"picked":"animator:Fredrika","floor":12},{"not_picked":["animator:ZankiKiguchi","animator:CrowleyEusford"],"picked":"animator:NagisaMomoe","floor":14},{"not_picked":["animator:AcuraShin","animator:Biyorigo"],"picked":"animator:Guren","floor":16},{"not_picked":["animator:OrikoMikuni","animator:KyokoSakura"],"picked":"animator:MamiTomoe","floor":18},{"not_picked":["animator:IrohaTamaki+1","animator:ChaikaBohdan"],"picked":"animator:Hitei","floor":19},{"not_picked":["animator:Aqua","animator:KrulTepes"],"picked":"animator:Togame+1","floor":20}],"player_experience":79243,"relics_obtained":[{"floor":6,"key":"Boot"},{"floor":8,"key":"Orichalcum"},{"floor":20,"key":"Red Mask"}],"event_choices":[{"damage_healed":0,"gold_gain":0,"player_choice":"Take Damage","damage_taken":16,"relics_obtained":["Golden Idol"],"max_hp_gain":0,"max_hp_loss":0,"event_name":"Golden Idol","floor":2,"gold_loss":0},{"damage_healed":0,"gold_gain":0,"player_choice":"2 cards matched","damage_taken":0,"max_hp_gain":0,"max_hp_loss":0,"event_name":"Match and Keep!","floor":3,"gold_loss":0,"cards_obtained":["animator:Strike","animator:MisakiNakahara"]},{"damage_healed":0,"gold_gain":100,"player_choice":"Pray","damage_taken":0,"max_hp_gain":0,"max_hp_loss":0,"event_name":"Golden Shrine","floor":10,"gold_loss":0},{"damage_healed":0,"gold_gain":0,"player_choice":"Fought Bandits","damage_taken":0,"max_hp_gain":0,"max_hp_loss":0,"event_name":"Masked Bandits","floor":20,"gold_loss":0},{"cards_removed":["PrismaMod:MiyuUberAOEAttack"],"damage_healed":0,"gold_gain":0,"player_choice":"Took Card","damage_taken":0,"max_hp_gain":0,"max_hp_loss":0,"event_name":"NoteForYourself","floor":21,"gold_loss":0,"cards_obtained":["PrismaMod:MiyuUberAOEAttack"]}],"is_beta":false,"boss_relics":[{"not_picked":["Runic Dome","SacredBark"],"picked":"SlaversCollar"}],"items_purged_floors":[],"is_endless":false,"potions_floor_spawned":[1,8,14,16,18],"killed_by":"Snake Plant","ascension_level":0}}