{"host":"91blwi3hgehj6ch9","time":1613410094,"event":{"mods":["2.2 Compatiblity","AchievementEnabler","BaseMod","Colored Map","DeckTracker","Keyboard Shortcuts","Minty Spire (QoL Compilation)","Permanent Neow","StSLib","SuperFastMode","everything is the same but u backflip on backflip"],"gold_per_floor":[119,44,54,74,101,127,127,147,147,147,147,164,178,209,209,283,283,299,72,72,84,2,2,16,16,16,43,43,71,71,83,83,159,159,176,176,76,86,101,130,146,159,159,173,173,200,200,200,200,200,200,200,75,104,104],"floor_reached":56,"language":"KOR","playtime":2289,"items_purged":["Defend_P","EmptyFist+1","Vigilance+1"],"score":2237,"play_id":"be656877-5357-4da2-8e14-434e87cfd71f","local_time":"20210216022814","is_ascension_mode":true,"campfire_choices":[{"data":"Eruption","floor":7.0,"key":"SMITH"},{"data":"Vault","floor":11.0,"key":"SMITH"},{"data":"SashWhip","floor":15.0,"key":"SMITH"},{"data":"Tantrum","floor":23.0,"key":"SMITH"},{"floor":28.0,"key":"RECALL"},{"data":"Adaptation","floor":30.0,"key":"SMITH"},{"data":"FearNoEvil","floor":32.0,"key":"SMITH"},{"floor":45.0,"key":"REST"},{"floor":47.0,"key":"REST"},{"floor":49.0,"key":"REST"},{"floor":52,"key":"REST"}],"circlet_count":0,"master_deck":["AscendersBane","Eruption+1","Vault+1","Tantrum+1","Ragnarok+1","Halt+1","FearNoEvil+1","Adaptation+1","Adaptation+1"],"relics":["PureWater","War Paint","Centennial Puzzle","Mango","Vajra","Oddly Smooth Stone","Astrolabe","Medical Kit","Pantograph","Pocketwatch","GoldenEye","Empty Cage","Boot","Pen Nib","HornCleat"],"acts_visited":["Exordium","TheCity","TheBeyond","TheEnding"],"potions_floor_usage":[],"damage_taken":[{"damage":2.0,"enemies":"Jaw Worm","floor":1.0,"turns":3.0},{"damage":2.0,"enemies":"Small Slimes","floor":3.0,"turns":2.0},{"damage":0.0,"enemies":"Cultist","floor":4.0,"turns":2.0},{"damage":28.0,"enemies":"Gremlin Nob","floor":6.0,"turns":4.0},{"damage":1.0,"enemies":"2 Fungi Beasts","floor":8.0,"turns":2.0},{"damage":0.0,"enemies":"Exordium Thugs","floor":12.0,"turns":2.0},{"damage":0.0,"enemies":"Gremlin Gang","floor":13.0,"turns":3.0},{"damage":5.0,"enemies":"3 Sentries","floor":14.0,"turns":6.0},{"damage":11.0,"enemies":"The Guardian","floor":16.0,"turns":12.0},{"damage":0.0,"enemies":"Spheric Guardian","floor":18.0,"turns":2.0},{"damage":7.0,"enemies":"3 Byrds","floor":21.0,"turns":3.0},{"damage":0.0,"enemies":"Centurion and Healer","floor":24.0,"turns":4.0},{"damage":0.0,"enemies":"Gremlin Leader","floor":27.0,"turns":3.0},{"damage":0.0,"enemies":"Book of Stabbing","floor":29.0,"turns":3.0},{"damage":0.0,"enemies":"Snake Plant","floor":31.0,"turns":3.0},{"damage":36.0,"enemies":"Champ","floor":33.0,"turns":5.0},{"damage":0.0,"enemies":"3 Darklings","floor":35.0,"turns":3.0},{"damage":1.0,"enemies":"3 Shapes","floor":38.0,"turns":4.0},{"damage":0.0,"enemies":"Writhing Mass","floor":39.0,"turns":2.0},{"damage":0.0,"enemies":"Nemesis","floor":40.0,"turns":1.0},{"damage":0.0,"enemies":"4 Shapes","floor":41.0,"turns":2.0},{"damage":0.0,"enemies":"Sphere and 2 Shapes","floor":42.0,"turns":2.0},{"damage":0.0,"enemies":"Maw","floor":44.0,"turns":2.0},{"damage":0.0,"enemies":"Reptomancer","floor":46.0,"turns":4.0},{"damage":0.0,"enemies":"Awakened One","floor":50.0,"turns":3.0},{"damage":28,"enemies":"Shield and Spear","floor":54,"turns":3},{"damage":5,"enemies":"The Heart","floor":55,"turns":6}],"seed_played":"-3573797271435590876","potions_obtained":[{"floor":1.0,"key":"StancePotion"},{"floor":3.0,"key":"SpeedPotion"},{"floor":14.0,"key":"Swift Potion"},{"floor":18.0,"key":"Fire Potion"},{"floor":29.0,"key":"Explosive Potion"}],"is_trial":false,"path_per_floor":["M","?","M","M","T","E","R","M","T","?","R","M","M","E","R","B",null,"M","$","?","M","$","R","M","?","T","E","R","E","R","M","R","B",null,"M","?","$","M","M","E","M","M","T","M","R","E","R","?","R","B",null,"R","$","E","B",null],"character_chosen":"WATCHER","items_purchased":["Medical Kit","FearNoEvil"],"campfire_rested":4,"item_purchase_floors":[19,22],"current_hp_per_floor":[59,59,57,57,57,29,29,28,42,42,42,42,42,37,37,26,64,64,64,64,57,57,57,57,76,76,76,76,76,76,76,76,40,67,67,67,67,66,66,66,66,66,66,66,76,76,76,66,76,76,76,76,76,48,68],"gold":104,"neow_bonus":"REMOVE_TWO","is_daily":false,"chose_seed":false,"campfire_upgraded":6,"win_rate":0.0,"timestamp":1613410094,"path_taken":["M","?","M","M","?","E","R","M","T","?","R","M","?","E","R","BOSS","M","$","?","M","$","R","M","?","T","E","R","E","R","M","R","BOSS","M","?","$","?","M","E","M","M","T","M","R","E","R","?","R","BOSS","R","$","E","BOSS"],"items_purchased_type":["Relic","Card"],"build_version":"2020-12-22","purchased_purges":3,"victory":true,"max_hp_per_floor":[62,62,62,62,62,62,62,62,76,76,76,76,76,76,76,76,76,76,76,76,76,76,76,76,76,76,76,76,76,76,76,76,76,76,76,76,76,76,76,76,76,76,76,76,76,76,76,76,76,76,76,76,76,76,76],"card_choices":[{"not_picked":["WaveOfTheHand","WindmillStrike","Meditate"],"picked":"SKIP","floor":1.0},{"not_picked":["Halt","Consecrate"],"picked":"CrushJoints","floor":3.0},{"not_picked":["Sanctity","Evaluate"],"picked":"SashWhip","floor":4.0},{"not_picked":["FlurryOfBlows","Consecrate"],"picked":"Vault","floor":6.0},{"not_picked":["SashWhip","Indignation","BattleHymn"],"picked":"SKIP","floor":8.0},{"not_picked":["TalkToTheHand","EmptyBody"],"picked":"Tantrum","floor":12.0},{"not_picked":["EmptyFist","DevaForm","ClearTheMind"],"picked":"SKIP","floor":13.0},{"not_picked":["EmptyFist","Crescendo","ClearTheMind"],"picked":"SKIP","floor":14.0},{"not_picked":["ClearTheMind","FlyingSleeves+1","CrushJoints"],"picked":"SKIP","floor":18.0},{"not_picked":["WreathOfFlame+1","Fasting2","Halt"],"picked":"SKIP","floor":21.0},{"not_picked":["WreathOfFlame+1","Fasting2","Halt"],"picked":"SKIP","floor":21.0},{"not_picked":["JustLucky","WindmillStrike"],"picked":"Adaptation","floor":24.0},{"not_picked":["Protect","BattleHymn+1","Judgement"],"picked":"SKIP","floor":27.0},{"not_picked":["WreathOfFlame","Crescendo","SashWhip"],"picked":"SKIP","floor":29.0},{"not_picked":["EmptyBody","ClearTheMind"],"picked":"EmptyFist+1","floor":31.0},{"not_picked":["ThirdEye+1","EmptyFist","Perseverance"],"picked":"SKIP","floor":35.0},{"not_picked":["Adaptation","BattleHymn","LikeWater+1"],"picked":"SKIP","floor":38.0},{"not_picked":["CutThroughFate","ClearTheMind+1","Crescendo"],"picked":"SKIP","floor":39.0},{"not_picked":["Worship","JustLucky","Tantrum"],"picked":"SKIP","floor":40.0},{"not_picked":["Indignation","Crescendo","PathToVictory"],"picked":"SKIP","floor":41.0},{"not_picked":["Indignation","Crescendo","PathToVictory"],"picked":"SKIP","floor":41.0},{"not_picked":["CutThroughFate","ThirdEye+1","ClearTheMind"],"picked":"SKIP","floor":42.0},{"not_picked":["Protect","ConjureBlade","Perseverance"],"picked":"SKIP","floor":44.0},{"not_picked":["EmptyFist","Wireheading","FollowUp"],"picked":"SKIP","floor":46.0},{"not_picked":["DeceiveReality","CarveReality+1","SashWhip"],"picked":"SKIP","floor":54}],"player_experience":259474,"relics_obtained":[{"floor":5.0,"key":"War Paint"},{"floor":6.0,"key":"Centennial Puzzle"},{"floor":9.0,"key":"Mango"},{"floor":14.0,"key":"Oddly Smooth Stone"},{"floor":26.0,"key":"Pantograph"},{"floor":27.0,"key":"Pocketwatch"},{"floor":29.0,"key":"GoldenEye"},{"floor":40.0,"key":"Boot"},{"floor":46.0,"key":"Pen Nib"},{"floor":54,"key":"HornCleat"}],"event_choices":[{"cards_removed":["Strike_P"],"damage_healed":0.0,"max_hp_gain":0.0,"max_hp_loss":0.0,"gold_gain":0.0,"event_name":"The Cleric","player_choice":"Card Removal","floor":2.0,"gold_loss":75.0,"damage_taken":0.0},{"damage_healed":0.0,"max_hp_gain":0.0,"max_hp_loss":0.0,"gold_gain":0.0,"event_name":"WeMeetAgain","player_choice":"Gave Potion","floor":10.0,"gold_loss":0.0,"damage_taken":0.0,"relics_obtained":["Vajra"]},{"cards_removed":["CrushJoints"],"damage_healed":0.0,"max_hp_gain":0.0,"max_hp_loss":0.0,"gold_gain":0.0,"event_name":"Back to Basics","player_choice":"Elegance","floor":20.0,"gold_loss":0.0,"damage_taken":0.0},{"cards_removed":["ReachHeaven"],"damage_healed":19.0,"max_hp_gain":0.0,"max_hp_loss":0.0,"gold_gain":0.0,"event_name":"Bonfire Elementals","player_choice":"Offered Uncommon","floor":25.0,"gold_loss":0.0,"damage_taken":0.0},{"damage_healed":0.0,"max_hp_gain":0.0,"max_hp_loss":0.0,"gold_gain":0.0,"event_name":"Duplicator","player_choice":"Copied","floor":36.0,"gold_loss":0.0,"damage_taken":0.0,"cards_obtained":["Adaptation"]},{"damage_healed":0.0,"max_hp_gain":0.0,"max_hp_loss":0.0,"gold_gain":0.0,"event_name":"SensoryStone","player_choice":"Memory 3","floor":48.0,"gold_loss":0.0,"damage_taken":10.0}],"is_beta":false,"boss_relics":[{"not_picked":["Ectoplasm","Runic Pyramid"],"picked":"Astrolabe"},{"not_picked":["Calling Bell","Fusion Hammer"],"picked":"Empty Cage"}],"items_purged_floors":[19,37,53],"is_endless":false,"potions_floor_spawned":[1,3,14,18,29,33,39,42,44,46],"ascension_level":15}}