{"host":"skqrv63k0gjilndt","time":1613359095,"event":{"mods":["AchievementEnabler","BaseMod","Bestiary","Colored Powertips","Highlight Path","Minty Spire (QoL Compilation)","Quick Restart"],"gold_per_floor":[111,36,46,56,67,67,67,67,67,100,116,116,116,136,136,233,233,250,268,21,41,41,41,66,66,66,92,108,33,68,33,33,132,132,142,155,165,16,26,26,26],"floor_reached":40,"language":"ENG","playtime":3846,"items_purged":["Strike_P","Strike_P"],"score":497,"play_id":"92647599-90ec-4c56-a596-d832e48aaf90","local_time":"20210214191815","is_ascension_mode":true,"campfire_choices":[{"data":"LessonLearned","floor":6.0,"key":"SMITH"},{"data":"Crescendo","floor":8.0,"key":"SMITH"},{"data":"BattleHymn","floor":12.0,"key":"SMITH"},{"floor":15.0,"key":"REST"},{"data":"Establishment","floor":23.0,"key":"SMITH"},{"data":"DeusExMachina","floor":25.0,"key":"SMITH"},{"data":"Devotion","floor":32.0,"key":"SMITH"}],"circlet_count":0,"master_deck":["Strike_P+1","Defend_P+1","Defend_P+1","Defend_P+1","Defend_P+1","Eruption+1","Vigilance+1","LessonLearned+1","WindmillStrike+1","Protect+1","SashWhip+1","Crescendo+1","EmptyMind","BattleHymn+1","Consecrate","DeusExMachina+1","EmptyBody+1","Establishment+1","Study+1","EmptyBody+1","CrushJoints+1","Conclude","Devotion+1","FearNoEvil","ConjureBlade+1","FlurryOfBlows+1","Perseverance+1","FlurryOfBlows","CrushJoints+1"],"relics":["HolyWater","Question Card","MealTicket","Orichalcum","SlaversCollar","Strawberry","Toy Ornithopter","Dream Catcher","Ancient Tea Set","Toolbox"],"acts_visited":["Exordium","TheCity","TheBeyond"],"potions_floor_usage":[],"damage_taken":[{"damage":0.0,"enemies":"Small Slimes","floor":1.0,"turns":6.0},{"damage":3.0,"enemies":"2 Louse","floor":3.0,"turns":3.0},{"damage":0.0,"enemies":"Jaw Worm","floor":4.0,"turns":3.0},{"damage":9.0,"enemies":"Lots of Slimes","floor":5.0,"turns":3.0},{"damage":15.0,"enemies":"3 Sentries","floor":10.0,"turns":15.0},{"damage":0.0,"enemies":"Looter","floor":11.0,"turns":1.0},{"damage":5.0,"enemies":"Exordium Thugs","floor":14.0,"turns":3.0},{"damage":20.0,"enemies":"Hexaghost","floor":16.0,"turns":14.0},{"damage":12.0,"enemies":"2 Thieves","floor":18.0,"turns":3.0},{"damage":0.0,"enemies":"Chosen","floor":19.0,"turns":4.0},{"damage":5.0,"enemies":"3 Cultists","floor":21.0,"turns":4.0},{"damage":31.0,"enemies":"Book of Stabbing","floor":24.0,"turns":8.0},{"damage":3.0,"enemies":"Gremlin Leader","floor":27.0,"turns":6.0},{"damage":1.0,"enemies":"Snecko","floor":28.0,"turns":6.0},{"damage":8.0,"enemies":"Slavers","floor":30.0,"turns":4.0},{"damage":6.0,"enemies":"Champ","floor":33.0,"turns":7.0},{"damage":3.0,"enemies":"Orb Walker","floor":35.0,"turns":3.0},{"damage":15.0,"enemies":"3 Shapes","floor":36.0,"turns":3.0},{"damage":21.0,"enemies":"Maw","floor":37.0,"turns":7.0},{"damage":23.0,"enemies":"Spire Growth","floor":39.0,"turns":5.0},{"damage":37,"enemies":"Reptomancer","floor":40,"turns":4}],"seed_played":"-5770504854103312832","potions_obtained":[{"floor":10.0,"key":"PowerPotion"},{"floor":14.0,"key":"ColorlessPotion"},{"floor":16.0,"key":"DuplicationPotion"},{"floor":18.0,"key":"AttackPotion"},{"floor":24.0,"key":"CultistPotion"},{"floor":27.0,"key":"ColorlessPotion"},{"floor":39.0,"key":"FearPotion"}],"is_trial":false,"path_per_floor":["M","$","M","M","M","R","?","R","T","E","M","R","?","M","R","B",null,"M","M","$","M","$","R","E","R","T","E","M","?","E","$","R","B",null,"M","M","M","$","M","E"],"character_chosen":"WATCHER","items_purchased":["Strawberry","FearNoEvil","Toolbox"],"campfire_rested":1,"item_purchase_floors":[20,31,38],"current_hp_per_floor":[51,51,48,48,39,39,44,44,44,29,29,29,22,17,40,20,77,65,65,84,79,84,84,53,53,53,55,54,54,51,66,66,65,84,81,66,45,60,37,0,0],"gold":26,"neow_bonus":"THREE_RARE_CARDS","is_daily":false,"chose_seed":false,"campfire_upgraded":6,"win_rate":0.0,"timestamp":1613359095,"path_taken":["M","$","M","M","M","R","?","R","T","E","M","R","?","M","R","BOSS","M","M","$","M","$","R","E","R","T","E","M","?","E","$","R","BOSS","M","M","M","$","M","E"],"items_purchased_type":["Relic","Card","Relic"],"build_version":"2020-12-22","purchased_purges":2,"victory":false,"max_hp_per_floor":[72,72,72,72,72,72,77,77,77,77,77,77,77,77,77,77,77,77,77,84,84,84,84,84,84,84,84,84,84,84,84,84,84,84,84,84,84,84,84,84,84],"card_choices":[{"not_picked":["Blasphemy","Scrawl"],"picked":"LessonLearned","floor":0.0},{"not_picked":["SashWhip","Halt"],"picked":"WindmillStrike","floor":1.0},{"not_picked":["Worship","Sanctity"],"picked":"Protect","floor":3.0},{"not_picked":["FollowUp","Evaluate"],"picked":"SashWhip","floor":4.0},{"not_picked":["Fasting2","Vengeance"],"picked":"Crescendo","floor":5.0},{"not_picked":["Protect","Wallop","Brilliance"],"picked":"EmptyMind","floor":10.0},{"not_picked":["EmptyFist","CutThroughFate","Evaluate"],"picked":"BattleHymn","floor":11.0},{"not_picked":["Swivel","Pray","WreathOfFlame"],"picked":"Consecrate","floor":14.0},{"not_picked":["Brilliance","Ragnarok","ConjureBlade"],"picked":"DeusExMachina","floor":16.0},{"not_picked":["WreathOfFlame","Crescendo","Prostrate"],"picked":"EmptyBody+1","floor":18.0},{"not_picked":["EmptyFist","WreathOfFlame","Halt+1"],"picked":"Establishment","floor":19.0},{"not_picked":["EmptyFist","FollowUp","Prostrate"],"picked":"Study+1","floor":21.0},{"not_picked":["Judgement","ClearTheMind","FlyingSleeves"],"picked":"EmptyBody","floor":24.0},{"not_picked":["PathToVictory","Crescendo","Brilliance"],"picked":"CrushJoints","floor":27.0},{"not_picked":["BowlingBash","WreathOfFlame","FlyingSleeves"],"picked":"Conclude","floor":28.0},{"not_picked":["FlurryOfBlows","Meditate","PathToVictory"],"picked":"Devotion","floor":30.0},{"not_picked":["DevaForm","DeusExMachina","LessonLearned"],"picked":"ConjureBlade","floor":33.0},{"not_picked":["SashWhip","Worship","BowlingBash"],"picked":"FlurryOfBlows+1","floor":35.0},{"not_picked":["ReachHeaven+1","Consecrate+1","Blasphemy"],"picked":"Perseverance+1","floor":36.0},{"not_picked":["Conclude+1","SashWhip","JustLucky+1"],"picked":"FlurryOfBlows","floor":37.0},{"not_picked":["Study","EmptyBody+1","SandsOfTime"],"picked":"CrushJoints+1","floor":39.0}],"player_experience":81394,"relics_obtained":[{"floor":9.0,"key":"Question Card"},{"floor":10.0,"key":"MealTicket"},{"floor":24.0,"key":"Toy Ornithopter"},{"floor":27.0,"key":"Dream Catcher"},{"floor":30.0,"key":"Ancient Tea Set"}],"event_choices":[{"damage_healed":0.0,"max_hp_gain":5.0,"max_hp_loss":0.0,"gold_gain":0.0,"event_name":"Big Fish","player_choice":"Donut","floor":7.0,"gold_loss":0.0,"damage_taken":0.0},{"damage_healed":0.0,"max_hp_gain":0.0,"max_hp_loss":0.0,"gold_gain":0.0,"event_name":"Scrap Ooze","player_choice":"Success","floor":13.0,"gold_loss":0.0,"damage_taken":7.0,"relics_obtained":["Orichalcum"]},{"cards_removed":["Strike_P"],"damage_healed":0.0,"max_hp_gain":0.0,"max_hp_loss":0.0,"gold_gain":0.0,"event_name":"Beggar","player_choice":"Gave Gold","floor":29.0,"gold_loss":75.0,"damage_taken":0.0}],"is_beta":false,"boss_relics":[{"not_picked":["Runic Dome","Snecko Eye"],"picked":"SlaversCollar"},{"not_picked":["SacredBark","Astrolabe"],"picked":"HolyWater"}],"items_purged_floors":[2,20],"is_endless":false,"potions_floor_spawned":[10,14,16,18,24,27,39],"killed_by":"Reptomancer","ascension_level":1}}