{"host":"vm8b3ptwl81uq21f","time":1613353474,"event":{"mods":["Act Like it!","Aspiration","BaseMod","BetterRewards","Colored Map","Colored Powertips","Conspire","Gensokyo","GifTheSpireLib","Googly Eyes","GungeonMod","Halation","Hubris","Infinite Spire","Minty Spire (QoL Compilation)","Quick Restart","Rare Cards Sparkle","Reliquary","Replay The Spire","Shop Mod","Spicy Shops","Spire Arcade","StSLib","Stuff the Spire","The IronCluck","The Jungle","[IsaacMod]????"],"gold_per_floor":[114,114,129,139,139,173,173,185,185,218,89,89,89,119,119,196,196,212,212,230,247,247,277,277,310,310,322,322,335,347,447,447,524,524,534,544,562,562,575,603,603,603,603,478,513,240,259,277,277,277,277],"floor_reached":50,"language":"ENG","playtime":2201,"items_purged":["Strike_G","Strike_G","Strike_G","Defend_G","Writhe"],"score":2106,"play_id":"e40250ba-b6e5-406e-88f6-202c72c18372","local_time":"20210214204434","is_ascension_mode":true,"campfire_choices":[{"data":"Calculated Gamble","floor":7.0,"key":"SMITH"},{"floor":13.0,"key":"REST"},{"data":"Necronomicurse","floor":15.0,"key":"SMITH"},{"data":"Calculated Gamble","floor":24.0,"key":"SMITH"},{"data":"Necronomicurse","floor":32.0,"key":"SMITH"},{"data":"StuffTheSpire:CuriosityCurse","floor":42.0,"key":"SMITH"},{"data":"Amnesia","floor":49.0,"key":"SMITH"}],"circlet_count":0,"master_deck":["AscendersBane","Defend_G+1","Survivor","Neutralize","Discovery+1","Deflect+1","Infinite Blades","Dash","StuffTheSpire:DoubleShiv+1","Underhanded Strike","Calculated Gamble+1","Calculated Gamble+1","Backflip","Underhanded Strike","ReplayTheSpireMod:The Works","StuffTheSpire:Innocence","Burst","Blade Dance","Calculated Gamble+1","Acrobatics+1","Necronomicurse","StuffTheSpire:Innocence","Adrenaline","StuffTheSpire:Harmony","StuffTheSpire:Brawn","ReplayTheSpireMod:Black Plague","StuffTheSpire:Brawn","ReplayTheSpireMod:The Works","Concentrate+1"],"relics":["aspiration:RitualStick","Necronomicon","MerchantsRug","StuffTheSpire:Saxophone","Void","StuffTheSpire:Gunfinga","halation:PrussianBluePaint","Philosopher\u0027s Stone","Replay:Wanted Poster","Kintsugi","reliquary:BoilingFlask","hubris:ToyBattleship","Torii","reliquary:PurpleTingedLeaf","Bottled Lightning"],"acts_visited":["Exordium","Exordium","theJungle:Jungle"],"potions_floor_usage":[],"damage_taken":[{"damage":0.0,"enemies":"Small Slimes","floor":1.0,"turns":1.0},{"damage":0.0,"enemies":"Cultist","floor":3.0,"turns":1.0},{"damage":0.0,"enemies":"conspire:RoseBush","floor":4.0,"turns":1.0},{"damage":23.0,"enemies":"Replay:BlueRogue","floor":6.0,"turns":7.0},{"damage":0.0,"enemies":"Red Slaver","floor":8.0,"turns":1.0},{"damage":0.0,"enemies":"Lagavulin","floor":10.0,"turns":1.0},{"damage":0.0,"enemies":"Replay:BlueRogue","floor":14.0,"turns":3.0},{"damage":8.0,"enemies":"Hexaghost","floor":16.0,"turns":9.0},{"damage":0.0,"enemies":"theJungle:5_Spyders","floor":18.0,"turns":1.0},{"damage":0.0,"enemies":"theJungle:GiantWrat","floor":20.0,"turns":5.0},{"damage":3.0,"enemies":"theJungle:Snecko_Cultist_And_Trap","floor":21.0,"turns":4.0},{"damage":7.0,"enemies":"theJungle:2_Phrogs","floor":23.0,"turns":7.0},{"damage":0.0,"enemies":"theJungle:Cassacara","floor":25.0,"turns":1.0},{"damage":0.0,"enemies":"theJungle:SlimyTreeVines","floor":27.0,"turns":1.0},{"damage":6.0,"enemies":"theJungle:2_Snecko_Cultists","floor":29.0,"turns":4.0},{"damage":0.0,"enemies":"theJungle:Snecko_Cultist_And_Trap","floor":30.0,"turns":1.0},{"damage":43.0,"enemies":"theJungle:TotemBoss","floor":33.0,"turns":8.0},{"damage":0.0,"enemies":"Gensokyo:3_Bats","floor":35.0,"turns":4.0},{"damage":0.0,"enemies":"Gensokyo:AncientGuardian","floor":36.0,"turns":1.0},{"damage":0.0,"enemies":"Gensokyo:Sharpion","floor":37.0,"turns":1.0},{"damage":0.0,"enemies":"Gensokyo:4_Bats","floor":39.0,"turns":1.0},{"damage":0.0,"enemies":"Gensokyo:Doremy","floor":40.0,"turns":6.0},{"damage":0.0,"enemies":"Gensokyo:Marisa","floor":45.0,"turns":3.0},{"damage":2.0,"enemies":"Gensokyo:AtlasGolem","floor":47.0,"turns":3.0},{"damage":2.0,"enemies":"Gensokyo:3_Boulders","floor":48.0,"turns":4.0},{"damage":0,"enemies":"Gensokyo:Scarlet_Devils","floor":50,"turns":1}],"seed_played":"7163841371897887941","potions_obtained":[{"floor":10.0,"key":"GamblersBrew"},{"floor":21.0,"key":"DuplicationPotion"},{"floor":27.0,"key":"Block Potion"},{"floor":33.0,"key":"Explosive Potion"},{"floor":48.0,"key":"Adrenaline Potion"}],"is_trial":false,"path_per_floor":["M","?","M","M","?","E","R","M","T","E","$","?","R","E","R","B",null,"M","AVR","M","M","?","E","R","E","T","M","?","M","M","HB","R","B",null,"M","M","M","AVR","M","E","?","R","T","$","E","$","M","M","R","B"],"character_chosen":"THE_SILENT","items_purchased":["MerchantsRug","BargainBundle","Explosive Potion","Swift Potion","CunningPotion","Discovery","Deflect+1","ReplayTheSpireMod:Shiv Toss","reliquary:TuningFork","infinitespire:Chaos","Infinite Blades","MerchantsRug","Dash","War Paint","DemoMod:MeatBun","StuffTheSpire:Saxophone","StuffTheSpire:DoubleShiv","Void","Underhanded Strike","Bottled Lightning"],"campfire_rested":1,"item_purchase_floors":[0,0,0,0,0,0,0,0,0,0,0,0,0,0,0,0,0,0,11,46],"current_hp_per_floor":[32,32,32,32,32,9,9,9,9,9,9,9,66,66,66,58,64,64,64,64,61,61,54,54,54,54,54,68,62,62,62,62,19,65,74,74,74,74,74,80,80,80,80,80,80,80,78,80,80,80,80],"gold":277,"neow_bonus":"","is_daily":false,"chose_seed":false,"campfire_upgraded":6,"win_rate":0.0,"timestamp":1613353474,"path_taken":["M","?","?","M","?","E","R","M","T","E","$","?","R","E","R","BOSS","M","AVR","M","M","?","E","R","E","T","M","?","M","?","HB","R","BOSS","M","M","M","AVR","M","E","?","R","T","$","E","?","M","M","R","BOSS"],"items_purchased_type":["Relic","Relic","Potion","Potion","Potion","Card","Card","Card","Relic","Relic","Card","Relic","Card","Relic","Relic","Relic","Card","Card","Card","Relic"],"build_version":"2020-12-22","purchased_purges":5,"victory":false,"max_hp_per_floor":[66,66,66,66,66,66,66,66,66,66,66,66,66,66,66,66,66,66,66,66,66,66,66,66,66,66,66,80,80,80,80,80,80,80,80,80,80,80,80,80,80,80,80,80,80,80,80,80,80,80,80],"card_choices":[{"not_picked":["Dagger Throw","Limit Break"],"picked":"Underhanded Strike","floor":1.0},{"not_picked":["Blade Dance","Outmaneuver"],"picked":"Calculated Gamble","floor":3.0},{"not_picked":["Sucker Punch","Dagger Spray"],"picked":"Calculated Gamble","floor":4.0},{"not_picked":["WeaponsOverheat","ReplayTheSpireMod:From All Sides"],"picked":"Backflip","floor":6.0},{"not_picked":["Hidden Blade","Dagger Throw","Cloak And Dagger"],"picked":"SKIP","floor":8.0},{"not_picked":["Cloak And Dagger","Iron Wave","ReplayTheSpireMod:Muscle Training"],"picked":"SKIP","floor":10.0},{"not_picked":["Blade Dance","Flex"],"picked":"ReplayTheSpireMod:The Works","floor":14.0},{"not_picked":["Firewall","Glass Knife"],"picked":"Burst","floor":16.0},{"not_picked":["Cloak And Dagger","Toxin Wave"],"picked":"ReplayTheSpireMod:Speed Training","floor":18.0},{"not_picked":["Footwork","Outmaneuver","Dodge and Roll"],"picked":"SKIP","floor":20.0},{"not_picked":["Skewer","Escape Plan","StuffTheSpire:Python"],"picked":"SKIP","floor":21.0},{"not_picked":["Poison Darts","Underhanded Strike"],"picked":"Blade Dance","floor":23.0},{"not_picked":["StuffTheSpire:BumpUp","Dagger Throw","Cloak And Dagger"],"picked":"SKIP","floor":25.0},{"not_picked":["Cloak And Dagger","StuffTheSpire:Python+1","Atom Bomb"],"picked":"SKIP","floor":27.0},{"not_picked":["StuffTheSpire:ClusterCrunch","conspire:PoisonWeapons"],"picked":"Calculated Gamble+1","floor":29.0},{"not_picked":["Masterful Stab","hubris:SlightOfHand"],"picked":"Acrobatics+1","floor":30.0},{"not_picked":["A Thousand Cuts","Atom Bomb"],"picked":"Adrenaline","floor":33.0},{"not_picked":["Quick Slash","Leg Sweep","Deflect"],"picked":"SKIP","floor":35.0},{"not_picked":["Backstab","Bane","StuffTheSpire:Injection"],"picked":"SKIP","floor":36.0},{"not_picked":["PiercingWail","Slice","Sucker Punch"],"picked":"SKIP","floor":37.0},{"not_picked":["Quick Slash","Bane","Hidden Blade"],"picked":"SKIP","floor":39.0},{"not_picked":["StuffTheSpire:ReptileScales+1","StuffTheSpire:Python","ReplayTheSpireMod:Exploit Weakness"],"picked":"SKIP","floor":40.0},{"not_picked":["ReplayTheSpireMod:Shiv Toss+1","Quick Slash","Doppelganger"],"picked":"SKIP","floor":45.0},{"not_picked":["All Out Attack","Poisoned Stab","ReplayTheSpireMod:The Works"],"picked":"SKIP","floor":47.0},{"not_picked":["All Out Attack","Poisoned Stab"],"picked":"ReplayTheSpireMod:The Works","floor":47.0},{"not_picked":["Quick Slash","Accuracy+1"],"picked":"Concentrate+1","floor":48.0}],"player_experience":410367,"relics_obtained":[{"floor":6.0,"key":"StuffTheSpire:Gunfinga"},{"floor":9.0,"key":"DoctorsRemote"},{"floor":10.0,"key":"halation:PrussianBluePaint"},{"floor":14.0,"key":"halation:OrihimeAndHikoboshiSamaAndTears"},{"floor":23.0,"key":"halation:TwoAmDonut"},{"floor":25.0,"key":"hubris:AncientText"},{"floor":26.0,"key":"PillsDrop"},{"floor":40.0,"key":"reliquary:BoilingFlask"},{"floor":43.0,"key":"Torii"},{"floor":45.0,"key":"reliquary:PurpleTingedLeaf"}],"event_choices":[{"damage_healed":0.0,"max_hp_gain":0.0,"max_hp_loss":0.0,"gold_gain":0.0,"cards_transformed":["Strike_G"],"event_name":"Transmorgrifier","player_choice":"Transformed","floor":2.0,"gold_loss":0.0,"damage_taken":0.0,"cards_obtained":["Deadly Poison"]},{"cards_removed":["Strike_G"],"damage_healed":0.0,"max_hp_gain":0.0,"max_hp_loss":0.0,"gold_gain":0.0,"event_name":"Purifier","player_choice":"Purged","floor":12.0,"gold_loss":0.0,"damage_taken":0.0}],"is_beta":false,"boss_relics":[{"not_picked":["Ectoplasm","hubris:BlackHole"],"picked":"Philosopher\u0027s Stone"},{"not_picked":["Coffee Dripper","Astrolabe"],"picked":"Kintsugi"}],"items_purged_floors":[0,11,19,38,44],"is_endless":false,"potions_floor_spawned":[1,3,10,21,27,33,35,36,48],"killed_by":"Gensokyo:Scarlet_Devils","ascension_level":18}}