{"host":"fbdlh90rovbiajun","time":1613367380,"event":{"mods":["AchievementEnabler","BaseMod","Colored Map","Keyboard Shortcuts","Minty Spire (QoL Compilation)","SuperFastMode"],"gold_per_floor":[116,116,191,191,191,191,212,245,268,284,300,250,271,197,197,197,197],"floor_reached":16,"language":"KOR","playtime":368,"items_purged":["Strike_B","Strike_B"],"score":125,"play_id":"12c1e84c-5809-4d36-adfb-258f9703505d","local_time":"20210215143620","is_ascension_mode":false,"campfire_choices":[{"data":"Dualcast","floor":6,"key":"SMITH"},{"data":"Streamline","floor":15,"key":"SMITH"}],"circlet_count":0,"master_deck":["Strike_B","Defend_B","Defend_B","Defend_B","Defend_B","Zap+1","Dualcast+1","Beam Cell","Stack","Streamline+1"],"relics":["Cracked Core","NeowsBlessing","Golden Idol","Thread and Needle","Smiling Mask"],"acts_visited":["Exordium"],"potions_floor_usage":[],"damage_taken":[{"damage":0,"enemies":"2 Louse","floor":1,"turns":1},{"damage":0,"enemies":"Small Slimes","floor":7,"turns":1},{"damage":0,"enemies":"Lagavulin","floor":8,"turns":1},{"damage":0,"enemies":"Cultist","floor":10,"turns":3},{"damage":5,"enemies":"Exordium Thugs","floor":11,"turns":4},{"damage":9,"enemies":"Exordium Wildlife","floor":13,"turns":5},{"damage":35,"enemies":"Hexaghost","floor":16,"turns":9}],"seed_played":"-1699052010514975451","potions_obtained":[{"floor":7,"key":"SpeedPotion"},{"floor":8,"key":"CultistPotion"}],"is_trial":false,"path_per_floor":["M","?","?","?","?","R","M","E","T","M","M","$","M","$","R","B"],"character_chosen":"DEFECT","items_purchased":["Streamline"],"campfire_rested":0,"item_purchase_floors":[14],"current_hp_per_floor":[75,57,46,46,46,46,46,46,46,46,41,41,32,32,32,0,0],"gold":197,"neow_bonus":"THREE_ENEMY_KILL","is_daily":false,"chose_seed":false,"campfire_upgraded":2,"win_rate":0.0,"timestamp":1613367380,"path_taken":["M","?","?","?","?","R","M","E","T","?","M","$","M","?","R","BOSS"],"items_purchased_type":["Card"],"build_version":"2020-12-22","purchased_purges":2,"victory":false,"max_hp_per_floor":[75,75,75,75,75,75,75,75,75,75,75,75,75,75,75,75,75],"card_choices":[{"not_picked":["Leap","Barrage","Darkness"],"picked":"SKIP","floor":1},{"not_picked":["Undo","Scrape","Steam"],"picked":"SKIP","floor":7},{"not_picked":["Coolheaded","Rebound"],"picked":"Beam Cell","floor":8},{"not_picked":["Chill","Hologram"],"picked":"Stack","floor":10},{"not_picked":["Undo","Static Discharge","Biased Cognition"],"picked":"SKIP","floor":11},{"not_picked":["Ball Lightning","Cold Snap","Rebound"],"picked":"SKIP","floor":13}],"player_experience":57693,"relics_obtained":[{"floor":8,"key":"Thread and Needle"},{"floor":9,"key":"Smiling Mask"}],"event_choices":[{"damage_healed":0,"gold_gain":0,"player_choice":"Take Damage","damage_taken":18,"relics_obtained":["Golden Idol"],"max_hp_gain":0,"max_hp_loss":0,"event_name":"Golden Idol","floor":2,"gold_loss":0},{"damage_healed":0,"gold_gain":75,"player_choice":"Gather Gold","damage_taken":11,"max_hp_gain":0,"max_hp_loss":0,"event_name":"World of Goop","floor":3,"gold_loss":0},{"cards_removed":["Strike_B"],"damage_healed":0,"gold_gain":0,"player_choice":"Forget","damage_taken":0,"max_hp_gain":0,"max_hp_loss":0,"event_name":"Living Wall","floor":4,"gold_loss":0},{"damage_healed":0,"gold_gain":0,"player_choice":"Forge","damage_taken":0,"max_hp_gain":0,"max_hp_loss":0,"event_name":"Accursed Blacksmith","floor":5,"gold_loss":0,"cards_upgraded":["Zap"]}],"is_beta":false,"boss_relics":[],"items_purged_floors":[12,14],"is_endless":false,"potions_floor_spawned":[7,8],"killed_by":"Hexaghost","ascension_level":0}}