{"host":"kdt6w7ix8lwe69i9","time":1613361947,"event":{"mods":["100% Spire Juice","BaseMod","ChefMod","Evolution","Koishi","Minty Spire (QoL Compilation)","Poor People Problems","Reimu（博丽灵梦）","Robot Space Explorer","Shade Mod","StSLib","The Druid","The Gatherer","The Poker Player","The Servant 0.9.4","TheSurvivalist"],"gold_per_floor":[15,15,15,31,31,31,60,71,71,88,18,18,51,63,63,63,63],"floor_reached":16,"language":"ENG","playtime":1341,"items_purged":[],"score":135,"play_id":"fbbda5b2-dcaf-4720-91c9-85c8875e7a46","local_time":"20210214230547","is_ascension_mode":false,"campfire_choices":[{"data":"theDruid:BristlingDefense","floor":6,"key":"SMITH"},{"floor":15,"key":"REST"}],"circlet_count":0,"master_deck":["theDruid:Strike_O","theDruid:Strike_O","theDruid:Strike_O","theDruid:Strike_O","theDruid:Defend_O","theDruid:Defend_O","theDruid:Defend_O","theDruid:Defend_O","theDruid:BriarArmor","theDruid:WildSlash","theDruid:Recoil","theDruid:BristlingDefense+1","Parasite","theDruid:MysticBarrier","theDruid:SurvivalCache","theDruid:TakeShelter","theDruid:BlessedStrike","theDruid:FuriousSlash","theDruid:BristlingDefense","Regret","theDruid:Swipe","theDruid:TakeShelter"],"relics":["theDruid:CrownOfTheWilds","EVO:Axolotl","theDruid:BoarsTusk","Centennial Puzzle","Bottled Lightning","Eternal Feather","Tea:ReiMu"],"acts_visited":["Exordium"],"potions_floor_usage":[7,10,13,14],"damage_taken":[{"damage":0,"enemies":"Jaw Worm","floor":1,"turns":5},{"damage":7,"enemies":"2 Louse","floor":4,"turns":3},{"damage":21,"enemies":"Lagavulin","floor":7,"turns":7},{"damage":0,"enemies":"Cultist","floor":8,"turns":4},{"damage":2,"enemies":"Exordium Thugs","floor":10,"turns":6},{"damage":76,"enemies":"Gremlin Nob","floor":13,"turns":6},{"damage":1,"enemies":"Blue Slaver","floor":14,"turns":4},{"damage":48,"enemies":"The Guardian","floor":16,"turns":7}],"seed_played":"3800876190074307366","potions_obtained":[{"floor":4,"key":"Weak Potion"},{"floor":7,"key":"ColorlessPotion"},{"floor":10,"key":"Regen Potion"},{"floor":13,"key":"Dexterity Potion"}],"is_trial":false,"path_per_floor":["M","?","?","M","?","R","E","M","T","M","$","?","E","M","R","B"],"character_chosen":"DRUID","items_purchased":["theDruid:BristlingDefense"],"campfire_rested":1,"item_purchase_floors":[11],"current_hp_per_floor":[99,99,92,85,85,85,64,64,64,62,62,62,1,3,44,0,0],"gold":63,"neow_bonus":"TWENTY_PERCENT_HP_BONUS","is_daily":false,"chose_seed":false,"campfire_upgraded":1,"win_rate":0.0,"timestamp":1613361947,"path_taken":["M","?","?","M","?","R","E","M","T","?","$","?","E","M","R","BOSS"],"items_purchased_type":["Card"],"build_version":"2020-12-22","purchased_purges":0,"victory":false,"max_hp_per_floor":[99,99,99,99,99,99,99,99,99,99,99,99,99,99,99,99,99],"card_choices":[{"not_picked":["theDruid:FelineGrace","theDruid:TwilightsCall"],"picked":"theDruid:Recoil","floor":1},{"not_picked":["theDruid:BlessedStrike","theDruid:Stampede"],"picked":"theDruid:BristlingDefense","floor":4},{"not_picked":["theDruid:Earthquake","theDruid:IronClaw"],"picked":"theDruid:TakeShelter","floor":7},{"not_picked":["theDruid:ForestGuard","theDruid:Starburst"],"picked":"theDruid:BlessedStrike","floor":8},{"not_picked":["theDruid:FelineGrace","theDruid:WildArmor"],"picked":"theDruid:FuriousSlash","floor":10},{"not_picked":["theDruid:Adaptation","theDruid:RockSlide"],"picked":"theDruid:Swipe","floor":13},{"not_picked":["theDruid:ForestGuard","theDruid:Impale"],"picked":"theDruid:TakeShelter","floor":14}],"player_experience":1608730,"relics_obtained":[{"floor":7,"key":"Centennial Puzzle"},{"floor":9,"key":"Bottled Lightning"},{"floor":13,"key":"Tea:ReiMu"}],"event_choices":[{"damage_healed":0,"gold_gain":0,"player_choice":"Ignored","damage_taken":0,"max_hp_gain":0,"max_hp_loss":0,"event_name":"Golden Wing","floor":2,"gold_loss":0},{"damage_healed":0,"gold_gain":0,"player_choice":"Success","damage_taken":7,"relics_obtained":["theDruid:BoarsTusk"],"max_hp_gain":0,"max_hp_loss":0,"event_name":"Scrap Ooze","floor":3,"gold_loss":0},{"damage_healed":0,"gold_gain":0,"player_choice":"3 cards matched","damage_taken":0,"max_hp_gain":0,"max_hp_loss":0,"event_name":"Match and Keep!","floor":5,"gold_loss":0,"cards_obtained":["Parasite","theDruid:MysticBarrier","theDruid:SurvivalCache"]},{"damage_healed":0,"gold_gain":0,"player_choice":"Box","damage_taken":0,"relics_obtained":["Eternal Feather"],"max_hp_gain":0,"max_hp_loss":0,"event_name":"Big Fish","floor":12,"gold_loss":0,"cards_obtained":["Regret"]}],"is_beta":false,"boss_relics":[],"items_purged_floors":[],"is_endless":false,"potions_floor_spawned":[4,7,10,13],"killed_by":"The Guardian","ascension_level":0}}