{"host":"pdq28s6637cpsst2","time":1613363676,"event":{"mods":["BaseMod","Colored Map","Colored Powertips","Highlight Path","Minty Spire (QoL Compilation)","Permanent Neow","Quick Restart","StSLib","The Senshi","The Servant 0.9.4"],"gold_per_floor":[112,124,124,124,136,136,61,77,103,118,118,118,118,132,132,132,132],"floor_reached":16,"language":"ENG","playtime":1178,"items_purged":["Strike_G"],"score":120,"play_id":"6c267dda-24af-4d83-b7ff-6f62f6e50c7d","local_time":"20210214233436","is_ascension_mode":true,"campfire_choices":[{"floor":6.0,"key":"REST"},{"data":"Backflip","floor":11.0,"key":"SMITH"},{"data":"Neutralize","floor":13.0,"key":"SMITH"},{"data":"Noxious Fumes","floor":15,"key":"SMITH"}],"circlet_count":0,"master_deck":["Strike_G","Strike_G","Strike_G","Defend_G","Defend_G","Defend_G","Defend_G","Defend_G","Survivor","Neutralize+1","Noxious Fumes+1","Cloak And Dagger","PiercingWail","Catalyst","Backflip+1","Escape Plan"],"relics":["Ring of the Snake","Centennial Puzzle","Boot"],"acts_visited":["Exordium"],"potions_floor_usage":[],"damage_taken":[{"damage":0.0,"enemies":"Cultist","floor":1.0,"turns":4.0},{"damage":5.0,"enemies":"Jaw Worm","floor":2.0,"turns":5.0},{"damage":0.0,"enemies":"Small Slimes","floor":5.0,"turns":4.0},{"damage":6.0,"enemies":"3 Louse","floor":8.0,"turns":4.0},{"damage":0.0,"enemies":"Exordium Wildlife","floor":10.0,"turns":4.0},{"damage":1,"enemies":"Gremlin Gang","floor":14,"turns":7},{"damage":57,"enemies":"Slime Boss","floor":16,"turns":11}],"seed_played":"-7851625767911001201","potions_obtained":[{"floor":10.0,"key":"Fruit Juice"}],"is_trial":false,"path_per_floor":["M","M","?","?","M","R","$","M","T","M","R","?","R","M","R","B"],"character_chosen":"THE_SILENT","items_purchased":[],"campfire_rested":1,"item_purchase_floors":[],"current_hp_per_floor":[63,58,33,33,33,54,54,48,48,53,53,53,53,52,52,0,0],"gold":132,"neow_bonus":"THREE_CARDS","is_daily":false,"chose_seed":false,"campfire_upgraded":3,"win_rate":0.0,"timestamp":1613363676,"path_taken":["M","?","?","?","M","R","$","M","T","M","R","?","R","M","R","BOSS"],"items_purchased_type":[],"build_version":"2020-12-22","purchased_purges":1,"victory":false,"max_hp_per_floor":[70,70,70,70,70,70,70,70,70,75,75,75,75,75,75,75,75],"card_choices":[{"not_picked":["Distraction","Prepared"],"picked":"Noxious Fumes","floor":0.0},{"not_picked":["Flying Knee","Finisher"],"picked":"Cloak And Dagger","floor":1.0},{"not_picked":["Deflect","Quick Slash"],"picked":"PiercingWail","floor":2.0},{"not_picked":["Well Laid Plans","Finisher"],"picked":"Catalyst","floor":5.0},{"not_picked":["Blade Dance","Acrobatics"],"picked":"Backflip","floor":8.0},{"not_picked":["Acrobatics","Expertise"],"picked":"Escape Plan","floor":10.0},{"not_picked":["Flying Knee","Distraction","Sucker Punch"],"picked":"SKIP","floor":14}],"player_experience":218170,"relics_obtained":[{"floor":9.0,"key":"Boot"}],"event_choices":[{"damage_healed":0.0,"max_hp_gain":0.0,"max_hp_loss":0.0,"gold_gain":0.0,"event_name":"Scrap Ooze","player_choice":"Success","floor":3.0,"gold_loss":0.0,"damage_taken":25.0,"relics_obtained":["Centennial Puzzle"]},{"damage_healed":0.0,"max_hp_gain":0.0,"max_hp_loss":0.0,"gold_gain":0.0,"event_name":"Liars Game","player_choice":"Ignored","floor":4.0,"gold_loss":0.0,"damage_taken":0.0},{"cards_removed":["Strike_G"],"damage_healed":0.0,"max_hp_gain":0.0,"max_hp_loss":0.0,"gold_gain":0.0,"event_name":"Living Wall","player_choice":"Forget","floor":12.0,"gold_loss":0.0,"damage_taken":0.0}],"is_beta":false,"boss_relics":[],"items_purged_floors":[7],"is_endless":false,"potions_floor_spawned":[10],"killed_by":"Slime Boss","ascension_level":6}}