{"host":"l9d4bclu8pwa3q15","time":1613360713,"event":{"mods":["Act Like it!","Arknights","BaseMod","Better Altar","Better Match","Better Note","Better Sensory Stone","Better Skull","BetterRewards","Colored Map","Colored Powertips","Downfall","Emptier Cage","Gensokyo","GifTheSpireLib","Keyboard Shortcuts","Koishi","KomeijiMod","Lobotomy","LobotomyExtend","Minty Spire (QoL Compilation)","Quick Restart","Rare Cards Sparkle","Relic Sorter","Remilia_Scarlet Moed（蕾米莉亚・斯卡雷特）3.3.5","Replay The Spire","Spicy Shops","StSLib","UnlockEverythingMod","Waifu the Spire","WarShipGirlsR/战舰少女R mod","Yakumo Yukari mod","Youmu（魂魄妖梦）","Yuyuko"],"gold_per_floor":[119,119,119,194,37,37,50,80,80,94,112,123,123,123,123,226,226,236,511,522,293,329,329,348,362,362,362,396,396,415,435,435,538],"floor_reached":17,"language":"ZHS","playtime":3992,"items_purged":["Parasite"],"score":368,"play_id":"edc49532-527b-4858-b1ce-8fc92916cc42","local_time":"20210215114513","is_ascension_mode":true,"campfire_choices":[],"circlet_count":0,"master_deck":["QueenOfHatred","SpecialBullet","SpecialBullet","InformationCode","CentralCode","WelfareCode","Koishi:BasicDefend","bronze:Defend","Galaxy","VoidDream","DreamingCurrent","Hornet","Harvest","UniverseFragment","Pinks","MHz","Hornet","NothingThere","BlackSwan","TheSmile","GalaxyChild","BearPaw","Regret","CherryBlossom","BigBird","Regret_ego","Ecstasy","CherryBlossoms","MagicBullet","Rudolta","Moonlight","BeautyBeast","Twilight","SecurityCode","PunishingBird"],"relics":["CogitoBucket","RabbitCall","HellTrain","Nunchaku","InkBottle","ReplayTheSpireMod:TigerMarble","Mercury Hourglass","Fusion Hammer","LaetitiaHeart","ShedSkin_r","LetterFromLob","Sling","BackwardClock","Chameleon Ring","Lantern","InTheNameOfLoveAndHate_r"],"acts_visited":["Exordium","TheCity"],"potions_floor_usage":[11,12,7,7,13,17],"damage_taken":[{"damage":0,"enemies":"Small Slimes","floor":1,"turns":3},{"damage":8,"enemies":"2 Louse","floor":7,"turns":3},{"damage":56,"enemies":"Replay:BlueRogue","floor":8,"turns":7},{"damage":9,"enemies":"Jaw Worm","floor":10,"turns":5},{"damage":50,"enemies":"Exordium Thugs","floor":11,"turns":9},{"damage":156,"enemies":"Large Slime","floor":12,"turns":12},{"damage":59,"enemies":"The Guardian","floor":16,"turns":8},{"damage":0,"enemies":"Shell Parasite","floor":18,"turns":1},{"damage":4,"enemies":"Shell Parasite","floor":18,"turns":2},{"damage":0,"enemies":"Small Slimes","floor":1,"turns":1},{"damage":6,"enemies":"Jaw Worm","floor":3,"turns":2},{"damage":0,"enemies":"2 Louse","floor":5,"turns":1},{"damage":103,"enemies":"Blue Slaver","floor":7,"turns":6},{"damage":0,"enemies":"2 Fungi Beasts","floor":8,"turns":2},{"damage":0,"enemies":"Lagavulin","floor":11,"turns":2},{"damage":29,"enemies":"Lots of Slimes","floor":13,"turns":3},{"damage":0,"enemies":"Large Slime","floor":14,"turns":2},{"damage":1,"enemies":"Slime Boss","floor":16,"turns":2},{"damage":58,"enemies":"Malkuth","floor":17,"turns":3},{"damage":72,"enemies":"Netzach","floor":17,"turns":7},{"damage":266,"enemies":"Geburah","floor":17,"turns":8},{"damage":174,"enemies":"Hokma","floor":17,"turns":11}],"seed_played":"7786102613812643278","potions_obtained":[{"floor":8,"key":"SkillPotion"},{"floor":11,"key":"Strength Potion"},{"floor":1,"key":"AttackPotion"},{"floor":5,"key":"AttackPotion"},{"floor":7,"key":"Dexterity Potion"},{"floor":16,"key":"SkillPotion"}],"is_trial":false,"path_per_floor":["M","?","$","?","$","R","M","E","T","M","M","M","R","T","R","B",null,"M","M","?","M","$","M","R","M","M","T","R","E","R","M","M","R","B",null],"character_chosen":"Angela","items_purchased":["Nunchaku","Sling"],"campfire_rested":0,"item_purchase_floors":[5,4],"current_hp_per_floor":[84,84,84,73,73,73,65,51,51,72,70,78,78,78,78,78,92,96,96,100,97,101,101,42,69,69,69,104,104,98,121,121,125],"gold":538,"neow_bonus":"TWENTY_PERCENT_HP_BONUS","is_daily":false,"chose_seed":false,"campfire_upgraded":0,"win_rate":0.0,"timestamp":1613360713,"path_taken":["M","?","$","?","$","R","M","E","T","M","M","M","R","?","R","BOSS","M","M","?","M","?","M","R","?","M","T","R","E","R","M","M","R","BOSS"],"items_purchased_type":["Relic","Relic"],"build_version":"2020-12-22","purchased_purges":1,"victory":true,"max_hp_per_floor":[84,84,84,84,84,84,84,84,84,84,84,88,88,88,88,92,92,96,96,100,97,101,101,105,109,109,109,113,113,117,121,121,125],"card_choices":[{"not_picked":["Noise"],"picked":"Galaxy","floor":1},{"not_picked":["Murderer","ShyLook"],"picked":"VoidDream","floor":1},{"not_picked":["FairyFestival","WhitesApple"],"picked":"DreamingCurrent","floor":7},{"not_picked":["Soda"],"picked":"Hornet","floor":7},{"not_picked":["RedEyes"],"picked":"Harvest","floor":8},{"not_picked":["Murderer","ShyLook"],"picked":"UniverseFragment","floor":8},{"not_picked":["Wingbeat"],"picked":"Pinks","floor":10},{"not_picked":["PunishingBird","Scorched"],"picked":"MHz","floor":10},{"not_picked":["RapturousDream"],"picked":"Hornet","floor":11},{"not_picked":["LittleHelper","SingingMachine"],"picked":"NothingThere","floor":11},{"not_picked":["Amita"],"picked":"LifeForTheDareDevil","floor":12},{"not_picked":["Mercenary","Wellcheers"],"picked":"BlackSwan","floor":12},{"not_picked":["Twilight"],"picked":"TheSmile","floor":16},{"not_picked":["Scorched","MeatLantern"],"picked":"GalaxyChild","floor":16},{"not_picked":["Horn"],"picked":"BearPaw","floor":1},{"not_picked":["MeatLantern","ShyLook"],"picked":"OSAHOGD","floor":1},{"not_picked":["RapturousDream"],"picked":"CherryBlossom","floor":3},{"not_picked":["ShyLook","Murderer"],"picked":"BigBird","floor":3},{"not_picked":["InTheNameOfLoveAndHate"],"picked":"GoldRush","floor":5},{"not_picked":["BeautyBeast","Murderer"],"picked":"QueenOfHatred","floor":5},{"not_picked":["TodaysExpression"],"picked":"Regret_ego","floor":7},{"not_picked":["LaLuna","SpiderBud"],"picked":"LongBird","floor":7},{"not_picked":["CherryBlossom"],"picked":"Ecstasy","floor":8},{"not_picked":["BeautyBeast","Bloodbath"],"picked":"CherryBlossoms","floor":8},{"not_picked":["Loneliness"],"picked":"MagicBullet","floor":11},{"not_picked":["PunishingBird","BeautyBeast"],"picked":"Rudolta","floor":11},{"not_picked":["InTheNameOfLoveAndHate"],"picked":"Moonlight","floor":13},{"not_picked":["MeatLantern","WallGazer"],"picked":"BeautyBeast","floor":13},{"not_picked":["RedEyes"],"picked":"Twilight","floor":14},{"not_picked":["Yin","ShyLook"],"picked":"Funeral","floor":14},{"not_picked":["ParadiseLost"],"picked":"GoldRush","floor":16},{"not_picked":["ShyLook","Scorched"],"picked":"PunishingBird","floor":16}],"player_experience":135301,"relics_obtained":[{"floor":1,"key":"LetterFromLob"},{"floor":8,"key":"InkBottle"},{"floor":9,"key":"ReplayTheSpireMod:TigerMarble"},{"floor":14,"key":"Mercury Hourglass"},{"floor":1,"key":"LetterFromLob"},{"floor":9,"key":"Chameleon Ring"},{"floor":11,"key":"Lantern"}],"event_choices":[{"damage_healed":0,"gold_gain":75,"player_choice":"Gather Gold","damage_taken":11,"max_hp_gain":0,"max_hp_loss":0,"event_name":"World of Goop","floor":4,"gold_loss":0},{"damage_healed":0,"gold_gain":275,"player_choice":"Desecrate","damage_taken":0,"max_hp_gain":0,"max_hp_loss":0,"event_name":"Golden Shrine","floor":2,"gold_loss":0,"cards_obtained":["Regret"]}],"is_beta":false,"boss_relics":[{"not_picked":["Velvet Choker","Replay:Wanted Poster"],"picked":"Fusion Hammer"}],"items_purged_floors":[4],"is_endless":false,"potions_floor_spawned":[8,11,18,1,5,7,16],"ascension_level":1}}