{"host":"06h77atpgiec8kbk","time":1613377721,"event":{"mods":["Act Like it!","Arknights","Aspiration","Bard","BaseMod","Bossed Relics","Colored Powertips","Downfall","Energized Spire","Hermit","Marisa£®ÏF”Í°°ƒß¿Ì…≥£©","Minty Spire (QoL Compilation)","Quick Restart","Reimu£®≤©¿ˆ¡È√Œ£©","Relic Stats","Reliquary","Replay The Spire","StSLib","The Construct","The Cursed","The Gatherer","The Hierophant","The Runesmith","[GremlinLeader]The Maniac"],"gold_per_floor":[99,111,128,38,58,83,107,137,37,37,68,68,80,97,116,216,216,116,127,12,12,112,112,136,147,158,158,50,82,82,99,118,118,118,118],"floor_reached":33,"language":"ZHS","playtime":1665,"items_purged":["bronze:Defend","bronze:Strike","downfall:Bewildered"],"score":316,"play_id":"efd0c922-fc1b-4472-b48c-ae897acaef0b","local_time":"20210215162841","is_ascension_mode":true,"campfire_choices":[{"floor":1.0,"key":"RECALL"},{"floor":9,"key":"REST"},{"floor":12,"key":"REST"},{"data":"bronze:Goto","floor":18,"key":"SMITH"},{"data":"bronze:MaxOutput","floor":27,"key":"SMITH"}],"circlet_count":0,"master_deck":["bronze:Strike","bronze:Strike","bronze:Strike","bronze:Defend","bronze:Defend+1","bronze:Defend","bronze:Replicate","bronze:Goto+1","bronze:Boost+1","bronze:OilSpill","bronze:Shield","bronze:Shield","bronze:InfiniteLoop","bronze:Invalidate","bronze:MaxOutput+1","bronze:InfiniteLoop","bronze:FineTuning+1","bronze:InfiniteLoop","bronze:FindAndReplace"],"relics":["bronze:BronzeCore","aspiration:HiddenCompartment","Odd Mushroom","downfall:HeartBlessingRed","War Paint","Lantern","energizedSpire:DeadBattery","downfall:HeartBlessingBlue","sneckomod:BabySnecko","Tiny Chest","DollysMirror","Bottled Lightning"],"acts_visited":["Exordium","TheCity"],"potions_floor_usage":[6,11,13,20,20],"damage_taken":[{"damage":1.0,"enemies":"Jaw Worm","floor":2.0,"turns":5.0},{"damage":5,"enemies":"Small Slimes","floor":3,"turns":3},{"damage":2,"enemies":"downfall:FleeingMerchant","floor":4,"turns":4},{"damage":7,"enemies":"2 Louse","floor":5,"turns":3},{"damage":13,"enemies":"Lagavulin","floor":6,"turns":5},{"damage":14,"enemies":"The Mushroom Lair","floor":8,"turns":5},{"damage":12,"enemies":"Gremlin Nob","floor":11,"turns":4},{"damage":0,"enemies":"2 Fungi Beasts","floor":13,"turns":2},{"damage":1,"enemies":"Blue Slaver","floor":14,"turns":3},{"damage":7,"enemies":"3 Louse","floor":15,"turns":3},{"damage":41,"enemies":"DF_ARCHETYPE_STREAMLINE","floor":16,"turns":9},{"damage":1,"enemies":"Shell Parasite","floor":19,"turns":3},{"damage":5,"enemies":"downfall:FleeingMerchant","floor":20,"turns":4},{"damage":0,"enemies":"downfall:LooterAlt2","floor":25,"turns":2},{"damage":0,"enemies":"Chosen and Byrds","floor":26,"turns":3},{"damage":9,"enemies":"downfall:FleeingMerchant","floor":28,"turns":4},{"damage":11,"enemies":"Replay:Snechameleon","floor":29,"turns":4},{"damage":0,"enemies":"Shelled Parasite and Fungi","floor":31,"turns":2},{"damage":2,"enemies":"Centurion and Healer","floor":32,"turns":4},{"damage":42,"enemies":"IC_MUSHROOM_ARCHETYPE","floor":33,"turns":6}],"seed_played":"8329593940318921901","potions_obtained":[{"floor":2.0,"key":"Swift Potion"},{"floor":3,"key":"Elixir"},{"floor":5,"key":"Energy Potion"},{"floor":8,"key":"Slimebound:ThreeZeroPotion"},{"floor":14,"key":"bronze:BurnAndBuffPotion"},{"floor":25,"key":"Swift Potion"},{"floor":29,"key":"LiquidBronze"},{"floor":31,"key":"Regen Potion"}],"is_trial":false,"path_per_floor":["R","M","M","$","M","E","T","?","R","?","E","R","M","M","M","B",null,"R","M","$","?","?","?","T","M","M","R","$","E","$","M","M","B"],"character_chosen":"THE_AUTOMATON","items_purchased":["DollysMirror","bronze:FindAndReplace"],"campfire_rested":2,"item_purchase_floors":[28,28],"current_hp_per_floor":[77,76,71,69,62,49,49,35,58,51,39,62,62,61,54,13,77,87,86,81,64,64,64,64,64,64,64,55,44,44,44,42,0,0,0],"gold":118,"neow_bonus":"TEN_PERCENT_HP_BONUS","is_daily":false,"chose_seed":false,"campfire_upgraded":2,"win_rate":0.0,"timestamp":1613377721,"path_taken":["R","M","M","$","M","E","T","?","R","?","E","R","M","M","M","BOSS","R","M","$","?","?","?","T","M","M","R","$","E","?","?","M","BOSS"],"items_purchased_type":["Relic","Card"],"build_version":"2020-12-22","purchased_purges":3,"victory":false,"max_hp_per_floor":[77,77,77,77,77,77,77,77,77,77,77,77,77,77,77,77,77,87,87,87,92,92,92,92,92,92,92,92,92,92,92,92,92,92,92],"relic_stats":{"counters":[20,78],"Tiny Chest":0,"War Paint":["bronze:Boost","bronze:Defend"],"obtain_stats":[{"sneckomod:BabySnecko":23,"Lantern":11,"bronze:BronzeCore":0,"downfall:HeartBlessingRed":9,"downfall:HeartBlessingBlue":18,"DollysMirror":28,"Tiny Chest":24,"Bottled Lightning":29,"Odd Mushroom":8,"War Paint":10,"aspiration:HiddenCompartment":6,"energizedSpire:DeadBattery":17},{"sneckomod:BabySnecko":13,"Lantern":7,"bronze:BronzeCore":0,"downfall:HeartBlessingRed":6,"downfall:HeartBlessingBlue":11,"DollysMirror":16,"Tiny Chest":13,"Bottled Lightning":17,"Odd Mushroom":6,"War Paint":6,"aspiration:HiddenCompartment":5,"energizedSpire:DeadBattery":11},{"sneckomod:BabySnecko":53,"Lantern":29,"bronze:BronzeCore":0,"downfall:HeartBlessingRed":25,"downfall:HeartBlessingBlue":46,"DollysMirror":62,"Tiny Chest":53,"Bottled Lightning":66,"Odd Mushroom":25,"War Paint":25,"aspiration:HiddenCompartment":20,"energizedSpire:DeadBattery":46}]},"card_choices":[{"not_picked":["bronze:Allocate","bronze:Shield"],"picked":"bronze:Boost","floor":2.0},{"not_picked":["bronze:DelayedSlice","bronze:Philosophize"],"picked":"bronze:OilSpill","floor":3},{"not_picked":["bronze:DelayedSlice","bronze:Turbo"],"picked":"bronze:Shield","floor":4},{"not_picked":["bronze:Verify","bronze:Frontload","bronze:WhirlingStrike"],"picked":"SKIP","floor":5},{"not_picked":["bronze:Invalidate","bronze:Deprecate","bronze:Allocate"],"picked":"SKIP","floor":6},{"not_picked":["bronze:FineTuning","bronze:Separator"],"picked":"bronze:Shield","floor":8},{"not_picked":["bronze:Separator","bronze:Return","bronze:Shield"],"picked":"SKIP","floor":11},{"not_picked":["bronze:Backtrace","bronze:Constructor","bronze:WhirlingStrike"],"picked":"SKIP","floor":13},{"not_picked":["bronze:WildBeam","bronze:Frontload","bronze:WhirlingStrike"],"picked":"SKIP","floor":14},{"not_picked":["bronze:BuggyMess","bronze:Return","bronze:CloningBeam"],"picked":"SKIP","floor":15},{"not_picked":["bronze:Virus","bronze:Break"],"picked":"bronze:InfiniteLoop","floor":16},{"not_picked":["bronze:ChosenStrike","bronze:Shield","bronze:Backtrace"],"picked":"SKIP","floor":19},{"not_picked":["bronze:BurnOut","bronze:HyperBeam"],"picked":"bronze:Invalidate","floor":20},{"not_picked":["bronze:BugBarrage","bronze:DelayedSlice"],"picked":"bronze:MaxOutput","floor":25},{"not_picked":["bronze:BitShift","bronze:Frontload+1"],"picked":"bronze:InfiniteLoop","floor":26},{"not_picked":["bronze:WhirlingStrike","bronze:DelayedSlice+1"],"picked":"bronze:FineTuning+1","floor":28},{"not_picked":["bronze:Separator","bronze:Deprecate","bronze:DelayedGuard"],"picked":"SKIP","floor":29},{"not_picked":["bronze:FineTuning","bronze:Return","bronze:Separator"],"picked":"SKIP","floor":31},{"not_picked":["bronze:Turbo","bronze:BitShift","bronze:NullPointer"],"picked":"SKIP","floor":32}],"player_experience":861327,"relics_obtained":[{"floor":6,"key":"aspiration:HiddenCompartment"},{"floor":8,"key":"Odd Mushroom"},{"floor":11,"key":"Lantern"},{"floor":24,"key":"Tiny Chest"},{"floor":29,"key":"Bottled Lightning"}],"event_choices":[{"damage_healed":0,"gold_gain":0,"player_choice":"Fought Mushrooms","damage_taken":0,"max_hp_gain":0,"max_hp_loss":0,"event_name":"Mushrooms","floor":8,"gold_loss":0},{"damage_healed":0,"gold_gain":0,"player_choice":"Success","damage_taken":7,"relics_obtained":["War Paint"],"max_hp_gain":0,"max_hp_loss":0,"event_name":"Scrap Ooze","floor":10,"gold_loss":0}],"is_beta":false,"boss_relics":[{"not_picked":["Painkiller Herb","Snecko Eye"],"picked":"energizedSpire:DeadBattery"}],"items_purged_floors":[4,20,28],"is_endless":false,"potions_floor_spawned":[2,3,5,8,14,25,29,31],"killed_by":"IC_MUSHROOM_ARCHETYPE","ascension_level":1}}