{"host":"pj05r22d3fegil3v","time":1613427630,"event":{"mods":["BaseMod","Better Altar","Better Match","Better Note","Better Sensory Stone","Better Skull","Better Third Choice","BetterRewards","Card Filter","Colored Powertips","Curses Come First","Custom Start","DeckTracker","Displayed Cursed Tome","Evolution","Minty Spire (QoL Compilation)","Quick Restart","Rare Cards Sparkle","Relic Filter Mod","Smile Girya","StSLib","Weighted Paths","everything is the same but u backflip on backflip","slay the spire mod where everything is the same but ironclad has a cowboy hat"],"gold_per_floor":[112,127,202,212,222,251,251,251,251,280,280,306,318,172,172,270,270,280,292,302,318,71,71,99,99,99,131,150,150,165,165,165,264,314,328,328,351,365,365,365,365],"floor_reached":40,"language":"ENG","playtime":3450,"items_purged":["Strike_P","Defend_P"],"score":572,"play_id":"3a544997-fbdd-419e-8661-fda94257f9a2","local_time":"20210215172030","is_ascension_mode":true,"campfire_choices":[{"data":"Evaluate","floor":7,"key":"SMITH"},{"data":"Worship","floor":11,"key":"SMITH"},{"data":"Wireheading","floor":15,"key":"SMITH"},{"data":"Devotion","floor":23,"key":"SMITH"},{"data":"DevaForm","floor":25,"key":"SMITH"},{"data":"Study","floor":29,"key":"SMITH"},{"data":"WindmillStrike","floor":32,"key":"SMITH"}],"circlet_count":0,"master_deck":["Strike_P+1","Strike_P","Strike_P","Defend_P","Eruption","Vigilance","Worship+1","DeceiveReality","CarveReality","ClearTheMind","Evaluate+1","DeusExMachina","Wireheading+1","Devotion+1","InnerPeace","DevaForm+1","Study+1","EmptyFist","WindmillStrike+1"],"relics":["HolyWater","EVO:Axolotl","Bronze Scales","Pear","Pocketwatch","Damaru","Oddly Smooth Stone","Ancient Tea Set","Ginger","MealTicket","Tiny House","Regal Pillow"],"acts_visited":["Exordium","TheCity","TheBeyond"],"potions_floor_usage":[10,16,19,27,27,33,35],"damage_taken":[{"damage":0,"enemies":"2 Louse","floor":1,"turns":4},{"damage":5,"enemies":"Small Slimes","floor":2,"turns":4},{"damage":0,"enemies":"Jaw Worm","floor":4,"turns":4},{"damage":4,"enemies":"Exordium Thugs","floor":5,"turns":6},{"damage":0,"enemies":"Lagavulin","floor":6,"turns":4},{"damage":0,"enemies":"3 Sentries","floor":10,"turns":8},{"damage":0,"enemies":"Lagavulin","floor":12,"turns":4},{"damage":0,"enemies":"3 Louse","floor":13,"turns":4},{"damage":19,"enemies":"Slime Boss","floor":16,"turns":12},{"damage":1,"enemies":"Chosen","floor":18,"turns":6},{"damage":4,"enemies":"2 Thieves","floor":19,"turns":5},{"damage":5,"enemies":"Cultist and Chosen","floor":20,"turns":7},{"damage":5,"enemies":"Snecko","floor":21,"turns":5},{"damage":12,"enemies":"Book of Stabbing","floor":24,"turns":6},{"damage":18,"enemies":"Slavers","floor":27,"turns":6},{"damage":8,"enemies":"Centurion and Healer","floor":28,"turns":5},{"damage":7,"enemies":"Chosen and Byrds","floor":30,"turns":5},{"damage":24,"enemies":"Collector","floor":33,"turns":7},{"damage":16,"enemies":"3 Darklings","floor":35,"turns":5},{"damage":0,"enemies":"3 Shapes","floor":38,"turns":6},{"damage":92,"enemies":"Reptomancer","floor":40,"turns":5}],"seed_played":"-7264423562988448223","potions_obtained":[{"floor":4,"key":"AttackPotion"},{"floor":5,"key":"SmokeBomb"},{"floor":10,"key":"Fire Potion"},{"floor":12,"key":"Swift Potion"},{"floor":13,"key":"EssenceOfSteel"},{"floor":19,"key":"Explosive Potion"},{"floor":20,"key":"StancePotion"},{"floor":21,"key":"LiquidMemories"},{"floor":28,"key":"LiquidMemories"},{"floor":34,"key":"DistilledChaos"},{"floor":35,"key":"StancePotion"}],"is_trial":false,"path_per_floor":["M","M","?","M","M","E","R","?","T","E","R","E","M","$","R","B",null,"M","M","M","M","$","R","E","R","T","E","M","R","M","?","R","B",null,"M","?","T","M","?","E"],"character_chosen":"WATCHER","items_purchased":["Wireheading","Oddly Smooth Stone"],"campfire_rested":0,"item_purchase_floors":[14,22],"current_hp_per_floor":[79,74,63,63,59,59,59,64,74,74,74,74,74,74,74,55,94,93,89,84,79,79,79,67,67,67,49,41,41,34,34,34,10,99,83,83,83,83,83,0,0],"gold":365,"neow_bonus":"TEN_PERCENT_HP_BONUS","is_daily":false,"chose_seed":false,"campfire_upgraded":7,"win_rate":0.0,"timestamp":1613427630,"path_taken":["M","M","?","M","M","E","R","?","T","E","R","E","M","$","R","BOSS","M","M","M","M","$","R","E","R","T","E","M","R","M","?","R","BOSS","M","?","?","M","?","E"],"items_purchased_type":["Card","Relic"],"build_version":"2020-12-22","purchased_purges":2,"victory":false,"max_hp_per_floor":[79,79,79,79,79,79,79,84,94,94,94,94,94,94,94,94,94,94,94,94,94,94,94,94,94,94,94,94,94,94,94,94,94,99,99,99,99,99,94,94,94],"card_choices":[{"not_picked":["Protect","SandsOfTime"],"picked":"Worship","floor":1},{"not_picked":["Indignation","ThirdEye"],"picked":"DeceiveReality","floor":2},{"not_picked":["WheelKick","Conclude"],"picked":"CarveReality","floor":4},{"not_picked":["Swivel","JustLucky"],"picked":"ClearTheMind","floor":5},{"not_picked":["Halt","SashWhip"],"picked":"Evaluate","floor":6},{"not_picked":["CrushJoints","EmptyFist","PathToVictory"],"picked":"SKIP","floor":10},{"not_picked":["Evaluate","ThirdEye","SashWhip"],"picked":"SKIP","floor":12},{"not_picked":["FollowUp","Indignation"],"picked":"DeusExMachina","floor":13},{"not_picked":["DeusExMachina","Alpha"],"picked":"Devotion","floor":16},{"not_picked":["BowlingBash","DeceiveReality","ForeignInfluence"],"picked":"SKIP","floor":18},{"not_picked":["Wireheading","FlyingSleeves","Prostrate"],"picked":"SKIP","floor":19},{"not_picked":["SashWhip","MentalFortress"],"picked":"InnerPeace","floor":20},{"not_picked":["TalkToTheHand","Protect","FollowUp"],"picked":"SKIP","floor":21},{"not_picked":["FlyingSleeves","Wallop"],"picked":"DevaForm","floor":24},{"not_picked":["InnerPeace","SashWhip","Swivel"],"picked":"SKIP","floor":27},{"not_picked":["FlyingSleeves","JustLucky"],"picked":"Study","floor":28},{"not_picked":["FlyingSleeves+1","Protect+1","CutThroughFate"],"picked":"SKIP","floor":30},{"not_picked":["Nirvana+1","ClearTheMind+1","FollowUp"],"picked":"SKIP","floor":35},{"not_picked":["SashWhip","EmptyFist+1","FlyingSleeves"],"picked":"SKIP","floor":38}],"player_experience":99510,"relics_obtained":[{"floor":6,"key":"Bronze Scales"},{"floor":9,"key":"Pear"},{"floor":10,"key":"Pocketwatch"},{"floor":12,"key":"Damaru"},{"floor":24,"key":"Ancient Tea Set"},{"floor":26,"key":"Ginger"},{"floor":27,"key":"MealTicket"},{"floor":37,"key":"Regal Pillow"}],"event_choices":[{"damage_healed":0,"gold_gain":75,"player_choice":"Gold","damage_taken":11,"max_hp_gain":0,"max_hp_loss":0,"event_name":"betterThird:BetterGoop","floor":3,"gold_loss":0},{"damage_healed":0,"gold_gain":0,"player_choice":"Donut","damage_taken":0,"max_hp_gain":5,"max_hp_loss":0,"event_name":"Big Fish","floor":8,"gold_loss":0},{"damage_healed":0,"gold_gain":0,"cards_transformed":["Defend_P","Defend_P"],"player_choice":"Became Test Subject","damage_taken":0,"max_hp_gain":0,"max_hp_loss":0,"event_name":"Drug Dealer","floor":31,"gold_loss":0,"cards_obtained":["EmptyFist","WindmillStrike"]},{"damage_healed":0,"gold_gain":0,"player_choice":"Ignored","damage_taken":0,"max_hp_gain":0,"max_hp_loss":0,"event_name":"Tomb of Lord Red Mask","floor":36,"gold_loss":0},{"damage_healed":0,"gold_gain":0,"player_choice":"Max HP","damage_taken":0,"max_hp_gain":0,"max_hp_loss":5,"event_name":"Winding Halls","floor":39,"gold_loss":0}],"is_beta":false,"boss_relics":[{"not_picked":["Runic Pyramid","Black Star"],"picked":"HolyWater"},{"not_picked":["Snecko Eye","Fusion Hammer"],"picked":"Tiny House"}],"items_purged_floors":[14,22],"is_endless":false,"potions_floor_spawned":[4,5,10,12,13,19,20,21,28,35],"killed_by":"Reptomancer","ascension_level":1}}