{"host":"d5i1qeb9dejicw1z","time":1613347329,"event":{"mods":["AchievementEnabler","BaseMod","Better Note","BetterRewards","Evolution","Gold Saver","Minty Spire (QoL Compilation)","Permanent Neow","Relic Filter Mod","Reliquary","StSLib"],"gold_per_floor":[14,14,33,48,48,79,79,79,157,191,191,191,191,210,210,210,210],"floor_reached":16,"language":"ENG","playtime":485,"items_purged":[],"score":211,"play_id":"5021aa62-5f1a-4988-a3cf-bb76b18d9f19","local_time":"20210214160209","is_ascension_mode":true,"campfire_choices":[{"data":"Malaise","floor":7,"key":"SMITH"},{"floor":11,"key":"REST"},{"floor":13,"key":"REST"},{"data":"Dagger Spray","floor":15,"key":"SMITH"}],"circlet_count":0,"master_deck":["AscendersBane","Dagger Spray+1","Dagger Spray","Strike_G","Strike_G","Strike_G","Defend_G","Defend_G","Defend_G","Defend_G","Defend_G","Survivor","Neutralize+1","Backstab+1","Blur","Malaise+1","Blur","Escape Plan"],"relics":["Ring of the Snake","EVO:Axolotl","TungstenRod","Akabeko","Matryoshka","Prayer Wheel","reliquary:Buckler"],"acts_visited":["Exordium"],"potions_floor_usage":[6,6,16],"damage_taken":[{"damage":0,"enemies":"Cultist","floor":1,"turns":3},{"damage":3,"enemies":"2 Louse","floor":3,"turns":2},{"damage":0,"enemies":"Jaw Worm","floor":4,"turns":3},{"damage":8,"enemies":"3 Sentries","floor":6,"turns":6},{"damage":36,"enemies":"Gremlin Nob","floor":10,"turns":6},{"damage":0,"enemies":"Large Slime","floor":14,"turns":7},{"damage":58,"enemies":"Hexaghost","floor":16,"turns":17}],"seed_played":"6941793017073953260","potions_obtained":[{"floor":1,"key":"Regen Potion"},{"floor":4,"key":"SteroidPotion"},{"floor":14,"key":"Poison Potion"}],"is_trial":false,"path_per_floor":["M","$","M","M","?","E","R","$","T","E","R","?","R","M","R","B"],"character_chosen":"THE_SILENT","items_purchased":[],"campfire_rested":2,"item_purchase_floors":[],"current_hp_per_floor":[59,59,56,56,56,63,63,63,63,27,46,37,56,56,56,0,0],"gold":210,"neow_bonus":"ONE_RARE_RELIC","is_daily":false,"chose_seed":false,"campfire_upgraded":2,"win_rate":0.0,"timestamp":1613347329,"path_taken":["M","?","M","?","?","E","R","?","T","E","R","?","R","M","R","BOSS"],"items_purchased_type":[],"build_version":"2020-12-22","purchased_purges":0,"victory":false,"max_hp_per_floor":[66,66,66,66,66,66,66,66,66,66,66,66,66,66,66,66,66],"card_choices":[{"not_picked":["Poisoned Stab","Blade Dance"],"picked":"Backstab","floor":1},{"not_picked":["Riddle With Holes","Choke"],"picked":"Blur","floor":3},{"not_picked":["Catalyst","Acrobatics","Leg Sweep"],"picked":"SKIP","floor":4},{"not_picked":["Quick Slash","Blade Dance"],"picked":"Malaise","floor":6},{"not_picked":["PiercingWail","Expertise"],"picked":"Blur","floor":10},{"not_picked":["Acrobatics","Backflip"],"picked":"Escape Plan","floor":14},{"not_picked":["Outmaneuver","Cloak And Dagger","Calculated Gamble"],"picked":"SKIP","floor":14}],"player_experience":1258219,"relics_obtained":[{"floor":6,"key":"Akabeko"},{"floor":9,"key":"Matryoshka"},{"floor":10,"key":"Prayer Wheel"}],"event_choices":[{"damage_healed":0,"gold_gain":0,"player_choice":"Leave","damage_taken":0,"max_hp_gain":0,"max_hp_loss":0,"event_name":"The Cleric","floor":5,"gold_loss":0},{"damage_healed":0,"gold_gain":0,"player_choice":"Success","damage_taken":11,"relics_obtained":["reliquary:Buckler"],"max_hp_gain":0,"max_hp_loss":0,"event_name":"Scrap Ooze","floor":12,"gold_loss":0}],"is_beta":false,"boss_relics":[],"items_purged_floors":[],"is_endless":false,"potions_floor_spawned":[1,4,14],"killed_by":"Hexaghost","ascension_level":19}}