{"host":"a6ztjasp7lxlo10n","time":1613400909,"event":{"mods":["Act Like it!","BaseMod","Colored Map","Marisa£®ÏF”Í°°ƒß¿Ì…≥£©","Minty Spire (QoL Compilation)","Quick Restart","StSLib","SuperFastMode"],"gold_per_floor":[112,112,112,112,37,66,66,80,80,100,131,148,167,202,202,202,202],"floor_reached":16,"language":"ZHS","playtime":794,"items_purged":["Strike_R"],"score":196,"play_id":"d9cbaaea-71d1-4933-85b2-85eb79794575","local_time":"20210215225509","is_ascension_mode":true,"campfire_choices":[{"floor":7.0,"key":"REST"},{"floor":15.0,"key":"REST"}],"circlet_count":0,"master_deck":["Strike_R","Strike_R","Defend_R","Defend_R","Defend_R","Defend_R","Bash","Pommel Strike","Power Through","Shrug It Off","True Grit","Barricade"],"relics":["Burning Blood","NeowsBlessing","Dream Catcher","White Beast Statue","Singing Bowl","Lantern","Bottled Flame"],"acts_visited":["Exordium"],"potions_floor_usage":[16,16],"damage_taken":[{"damage":0.0,"enemies":"Small Slimes","floor":1.0,"turns":1.0},{"damage":0.0,"enemies":"Gremlin Nob","floor":6.0,"turns":1.0},{"damage":0.0,"enemies":"2 Louse","floor":8.0,"turns":1.0},{"damage":7.0,"enemies":"Jaw Worm","floor":10.0,"turns":4.0},{"damage":9.0,"enemies":"Lagavulin","floor":11.0,"turns":6.0},{"damage":8.0,"enemies":"2 Fungi Beasts","floor":12.0,"turns":5.0},{"damage":13.0,"enemies":"Blue Slaver","floor":13.0,"turns":4.0},{"damage":48.0,"enemies":"Gremlin Nob","floor":14.0,"turns":8.0},{"damage":70,"enemies":"Hexaghost","floor":16,"turns":16}],"seed_played":"8466059242585806981","potions_obtained":[{"floor":1.0,"key":"ColorlessPotion"},{"floor":8.0,"key":"SkillPotion"},{"floor":10.0,"key":"Weak Potion"},{"floor":11.0,"key":"BloodPotion"},{"floor":13.0,"key":"Block Potion"},{"floor":14.0,"key":"EssenceOfSteel"}],"is_trial":false,"path_per_floor":["M","?","?","?","$","E","R","M","T","M","E","M","M","E","R","B"],"character_chosen":"IRONCLAD","items_purchased":[],"campfire_rested":2,"item_purchase_floors":[],"current_hp_per_floor":[78,78,66,59,59,65,80,80,80,79,78,76,82,42,69,0,0],"gold":202,"neow_bonus":"THREE_ENEMY_KILL","is_daily":false,"chose_seed":false,"campfire_upgraded":0,"win_rate":0.0,"timestamp":1613400909,"path_taken":["M","?","?","?","$","E","R","M","T","M","E","M","M","E","R","BOSS"],"items_purchased_type":[],"build_version":"2020-12-22","purchased_purges":1,"victory":false,"max_hp_per_floor":[80,80,80,80,80,80,80,80,80,80,82,82,82,84,86,86,86],"card_choices":[{"not_picked":["Cleave","Armaments","Twin Strike"],"picked":"SKIP","floor":1.0},{"not_picked":["Infernal Blade","Flame Barrier"],"picked":"Pommel Strike","floor":6.0},{"not_picked":["Sword Boomerang","Twin Strike"],"picked":"Power Through","floor":8.0},{"not_picked":["Ghostly Armor","Headbutt"],"picked":"Shrug It Off","floor":10.0},{"not_picked":["Warcry","Whirlwind","Havoc"],"picked":"Singing Bowl","floor":11.0},{"not_picked":["Anger","Shrug It Off"],"picked":"True Grit","floor":12.0},{"not_picked":["Clothesline","Flex"],"picked":"Barricade","floor":13.0},{"not_picked":["Havoc","Whirlwind","Anger"],"picked":"Singing Bowl","floor":14.0},{"not_picked":["Dropkick","Pommel Strike","Rupture"],"picked":"Singing Bowl","floor":15.0}],"player_experience":324621,"relics_obtained":[{"floor":6.0,"key":"White Beast Statue"},{"floor":9.0,"key":"Singing Bowl"},{"floor":11.0,"key":"Lantern"},{"floor":14.0,"key":"Bottled Flame"}],"event_choices":[{"cards_removed":["Strike_R"],"damage_healed":0.0,"max_hp_gain":0.0,"max_hp_loss":0.0,"gold_gain":0.0,"event_name":"Living Wall","player_choice":"Forget","floor":2.0,"gold_loss":0.0,"damage_taken":0.0},{"damage_healed":0.0,"max_hp_gain":0.0,"max_hp_loss":0.0,"gold_gain":0.0,"event_name":"Scrap Ooze","player_choice":"Success","floor":3.0,"gold_loss":0.0,"damage_taken":12.0,"relics_obtained":["Dream Catcher"]},{"cards_removed":["Strike_R"],"damage_healed":0.0,"max_hp_gain":0.0,"max_hp_loss":0.0,"gold_gain":0.0,"event_name":"Golden Wing","player_choice":"Card Removal","floor":4.0,"gold_loss":0.0,"damage_taken":7.0}],"is_beta":false,"boss_relics":[],"items_purged_floors":[5],"is_endless":false,"potions_floor_spawned":[1,8,10,11,12,13,14],"killed_by":"Hexaghost","ascension_level":7}}