{"host":"m552uo5jodlktm3e","time":1613364992,"event":{"mods":["BaseMod","Colored Powertips","Downfall","Minty Spire (QoL Compilation)","Quick Restart","StSLib"],"gold_per_floor":[99,109,124,34,46,146,173,173,185,220,232,263,263,295,309,407,407,407,418,418,69,169,169,195,205,239,258,273,284,315,137,152,255,255,55,65,65,81,81,81,107,7,25,25,57,71,98,98,118,118,118,149,24,24,24,24],"floor_reached":57,"language":"ENG","playtime":3557,"items_purged":["bronze:Strike","bronze:Strike+1","bronze:Defend+1"],"score":1558,"play_id":"1d4d86ba-3e27-4b95-af23-06eaad1cfc1f","local_time":"20210214205632","is_ascension_mode":true,"campfire_choices":[{"data":"bronze:Goto","floor":1.0,"key":"SMITH"},{"data":"bronze:GetLatest","floor":8.0,"key":"SMITH"},{"data":"bronze:FollowUp","floor":13.0,"key":"SMITH"},{"data":"bronze:AlphaBuild","floor":18,"key":"SMITH"},{"floor":23,"key":"RECALL"},{"data":"1","floor":35,"key":"LIFT"},{"data":"2","floor":42,"key":"LIFT"},{"data":"3","floor":54,"key":"LIFT"}],"circlet_count":0,"master_deck":["bronze:Strike+1","bronze:Defend+1","bronze:Defend+1","bronze:Replicate","bronze:Goto+1","bronze:DigitalCarnage+1","bronze:FollowUp","bronze:FollowUp+1","bronze:Separator","bronze:GetLatest+1","bronze:DigitalCarnage","bronze:GetLatest","bronze:Repair","bronze:Verify","bronze:WhirlingStrike","bronze:Overload","bronze:Branch","bronze:AlphaBuild+1","bronze:DigitalCarnage+1","expansioncontent:QuickStudy","bronze:DonuBeam","bronze:DecaBeam","bronze:ForceShield","bronze:Shell+1","bronze:Boost","bronze:Mutator","bronze:Branch+1","expansioncontent:YouAreMine","expansioncontent:AwakenDeath","expansioncontent:AwakenDeath","bronze:Fortify+1","bronze:SpaghettiCode","bronze:Allocate+1","bronze:CleanCode","bronze:Virus"],"relics":["bronze:BronzeCore","Bag of Preparation","Anchor","Dream Catcher","Bottled Flame","Torii","Philosopher\u0027s Stone","Happy Flower","Girya","Mummified Hand","Matryoshka","Lee\u0027s Waffle","Coffee Dripper","downfall:HeartBlessingGreen","downfall:HeartBlessingRed","Blood Vial","Lantern","downfall:HeartBlessingBlue","bronze:BottledCode","Calipers","Kunai","Pen Nib"],"acts_visited":["Exordium","TheCity","TheBeyond","TheEnding"],"potions_floor_usage":[16,22,26,28,33,33,33,33,46,50,55,56,56,56,56,56],"damage_taken":[{"damage":7.0,"enemies":"Small Slimes","floor":2.0,"turns":4.0},{"damage":1.0,"enemies":"Jaw Worm","floor":3.0,"turns":2.0},{"damage":0.0,"enemies":"downfall:FleeingMerchant","floor":4.0,"turns":4.0},{"damage":0.0,"enemies":"2 Louse","floor":5.0,"turns":2.0},{"damage":23.0,"enemies":"downfall:Heads","floor":6.0,"turns":4.0},{"damage":0.0,"enemies":"Blue Slaver","floor":9.0,"turns":2.0},{"damage":6.0,"enemies":"3 Sentries","floor":10.0,"turns":5.0},{"damage":0.0,"enemies":"Exordium Wildlife","floor":11.0,"turns":1.0},{"damage":0.0,"enemies":"Gremlin Nob","floor":12.0,"turns":1.0},{"damage":0.0,"enemies":"3 Sentries","floor":14.0,"turns":2.0},{"damage":0.0,"enemies":"3 Louse","floor":15.0,"turns":2.0},{"damage":0,"enemies":"WA_ARCHETYPE_RETAIN","floor":16,"turns":4},{"damage":0,"enemies":"Spheric Guardian","floor":19,"turns":1},{"damage":0,"enemies":"downfall:FleeingMerchant","floor":21,"turns":4},{"damage":13,"enemies":"downfall:FleeingMerchant","floor":22,"turns":6},{"damage":0,"enemies":"Shell Parasite","floor":25,"turns":1},{"damage":1,"enemies":"Book of Stabbing","floor":26,"turns":2},{"damage":0,"enemies":"Snake Plant","floor":27,"turns":1},{"damage":1,"enemies":"Centurion and Healer","floor":28,"turns":3},{"damage":0,"enemies":"Snecko","floor":29,"turns":3},{"damage":0,"enemies":"Slavers","floor":30,"turns":4},{"damage":2,"enemies":"downfall:FleeingMerchant","floor":31,"turns":3},{"damage":0,"enemies":"Shelled Parasite and Fungi","floor":32,"turns":2},{"damage":45,"enemies":"DF_ARCHETYPE_CLAW","floor":33,"turns":7},{"damage":12,"enemies":"3 Darklings","floor":36,"turns":3},{"damage":0,"enemies":"Orb Walker","floor":38,"turns":1},{"damage":0,"enemies":"4 Shapes","floor":43,"turns":3},{"damage":0,"enemies":"Giant Head","floor":45,"turns":6},{"damage":0,"enemies":"Transient","floor":46,"turns":5},{"damage":0,"enemies":"Nemesis","floor":47,"turns":1},{"damage":0,"enemies":"Writhing Mass","floor":49,"turns":1},{"damage":0,"enemies":"IC_BLOCK_ARCHETYPE","floor":50,"turns":10},{"damage":1,"enemies":"downfall:CharBossMerchant","floor":52,"turns":3},{"damage":50,"enemies":"downfall:NeowBoss","floor":55,"turns":12},{"damage":10,"enemies":"downfall:NeowBossFinal","floor":56,"turns":9}],"seed_played":"-2850624461889462258","potions_obtained":[{"floor":2.0,"key":"DuplicationPotion"},{"floor":9.0,"key":"BlessingOfTheForge"},{"floor":11.0,"key":"Swift Potion"},{"floor":12.0,"key":"EntropicBrew"},{"floor":14.0,"key":"Slimebound:ThreeZeroPotion"},{"floor":16,"key":"SneckoOil"},{"floor":22,"key":"Fire Potion"},{"floor":27,"key":"PowerPotion"},{"floor":28,"key":"LiquidMemories"},{"floor":33,"key":"Strength Potion"},{"floor":36,"key":"EntropicBrew"},{"floor":46,"key":"Dexterity Potion"},{"floor":52,"key":"Dexterity Potion"}],"is_trial":false,"path_per_floor":["R","M","M","$","M","?","T","R","M","E","M","E","R","E","M","B",null,"R","M","?","$","?","R","T","M","E","M","M","M","E","$","M","B",null,"R","M","?","M","?","$","T","R","M","?","E","M","E","?","M","B",null,"E","$","R","B","B",null],"character_chosen":"THE_AUTOMATON","items_purchased":["Happy Flower","expansioncontent:QuickStudy","Matryoshka","Lee\u0027s Waffle"],"campfire_rested":0,"item_purchase_floors":[21,21,31,31],"current_hp_per_floor":[70,63,62,62,62,39,39,39,39,33,33,33,33,33,40,40,70,70,70,70,70,64,64,64,64,63,63,62,69,70,77,77,32,77,77,65,55,55,55,55,55,65,74,74,77,77,77,77,77,77,77,77,77,77,27,26],"gold":24,"neow_bonus":"RANDOM_COMMON_RELIC","is_daily":false,"chose_seed":false,"campfire_upgraded":4,"win_rate":0.0,"timestamp":1613364992,"path_taken":["R","M","M","$","M","?","T","R","M","E","M","E","R","E","M","BOSS","R","M","?","$","?","R","T","M","E","M","M","M","E","$","M","BOSS","R","M","?","M","?","$","T","R","M","?","E","M","E","?","M","BOSS","E","$","R","BOSS","BOSS"],"items_purchased_type":["Relic","Card","Relic","Relic"],"build_version":"2020-12-22","purchased_purges":3,"victory":true,"max_hp_per_floor":[70,70,70,70,70,70,70,70,70,70,70,70,70,70,70,70,70,70,70,70,70,70,70,70,70,70,70,70,70,70,77,77,77,77,77,77,77,77,77,77,77,87,87,77,77,77,77,77,77,77,77,77,77,77,77,77],"card_choices":[{"not_picked":["bronze:DelayedSlice","bronze:WhirlingStrike"],"picked":"bronze:DigitalCarnage","floor":2.0},{"not_picked":["bronze:FineTuning","bronze:Shield"],"picked":"bronze:FollowUp","floor":3.0},{"not_picked":["bronze:ForceShield","bronze:BitShift"],"picked":"bronze:FollowUp","floor":4.0},{"not_picked":["bronze:Safeguard","bronze:BugBarrage"],"picked":"bronze:Separator","floor":5.0},{"not_picked":["bronze:Constructor","bronze:MaxOutput"],"picked":"bronze:DigitalCarnage","floor":6.0},{"not_picked":["bronze:Frontload","bronze:ItsAFeature"],"picked":"bronze:GetLatest","floor":9.0},{"not_picked":["bronze:OilSpill","bronze:WildBeam"],"picked":"bronze:Repair","floor":10.0},{"not_picked":["bronze:Constructor","bronze:Iterate"],"picked":"bronze:Verify","floor":11.0},{"not_picked":["bronze:Terminator","bronze:BitShift"],"picked":"bronze:WhirlingStrike","floor":12.0},{"not_picked":["bronze:Terminator","bronze:BugBarrage"],"picked":"bronze:Overload","floor":14.0},{"not_picked":["bronze:CutThrough","bronze:Shield"],"picked":"bronze:Branch","floor":15},{"not_picked":["bronze:Mutator","bronze:CleanCode"],"picked":"bronze:AlphaBuild","floor":16},{"not_picked":["bronze:CloningBeam","bronze:CutThrough","bronze:DigitalCarnage"],"picked":"SKIP","floor":19},{"not_picked":["bronze:BitShift","bronze:Return"],"picked":"bronze:DigitalCarnage+1","floor":21},{"not_picked":[],"picked":"bronze:DonuBeam","floor":22},{"not_picked":[],"picked":"bronze:DecaBeam","floor":22},{"not_picked":["bronze:Constructor","bronze:FineTuning+1"],"picked":"bronze:ForceShield","floor":22},{"not_picked":["bronze:BuggyMess+1","bronze:ForLoop+1","bronze:HyperBeam"],"picked":"SKIP","floor":25},{"not_picked":["bronze:Overheat+1","bronze:Separator"],"picked":"bronze:Shell+1","floor":26},{"not_picked":["bronze:Optimize","bronze:ItsAFeature","bronze:Philosophize"],"picked":"SKIP","floor":27},{"not_picked":["bronze:CutThrough+1","bronze:Overheat","bronze:DelayedGuard+1"],"picked":"SKIP","floor":28},{"not_picked":["bronze:CutThrough","bronze:Iterate","bronze:Allocate"],"picked":"SKIP","floor":29},{"not_picked":["bronze:Terminator","bronze:HyperBeam","bronze:Constructor"],"picked":"SKIP","floor":30},{"not_picked":["bronze:Terminator","bronze:Branch+1"],"picked":"bronze:Boost","floor":31},{"not_picked":["bronze:NullPointer","bronze:Overload","bronze:FineTuning"],"picked":"SKIP","floor":32},{"not_picked":["bronze:RecursiveStrike","bronze:ShipIt"],"picked":"bronze:Mutator","floor":33},{"not_picked":["bronze:FollowUp+1","bronze:DelayedSlice+1"],"picked":"bronze:Branch+1","floor":36},{"not_picked":["expansioncontent:InvincibleStrength","expansioncontent:LastStand"],"picked":"expansioncontent:YouAreMine","floor":37},{"not_picked":["expansioncontent:PrepareCrush","expansioncontent:YouAreMine"],"picked":"expansioncontent:AwakenDeath","floor":37},{"not_picked":["expansioncontent:GuardianWhirl","expansioncontent:LastStand"],"picked":"expansioncontent:AwakenDeath","floor":37},{"not_picked":["bronze:Safeguard","bronze:Allocate+1"],"picked":"bronze:Fortify+1","floor":38},{"not_picked":["bronze:CutThrough","bronze:OilSpill","bronze:ChildClass+1"],"picked":"SKIP","floor":43},{"not_picked":["bronze:BugBarrage","bronze:WhirlingStrike+1"],"picked":"bronze:SpaghettiCode","floor":45},{"not_picked":["bronze:ForLoop+1","bronze:BronzeArmor"],"picked":"bronze:Allocate+1","floor":46},{"not_picked":["bronze:Invalidate+1","bronze:Philosophize+1"],"picked":"bronze:CleanCode","floor":47},{"not_picked":["bronze:Turbo+1","bronze:BronzeArmor","bronze:Separator"],"picked":"SKIP","floor":49},{"not_picked":["bronze:Turbo","bronze:CutThrough","bronze:Backtrace"],"picked":"SKIP","floor":52}],"player_experience":1081720,"relics_obtained":[{"floor":7.0,"key":"Anchor"},{"floor":10.0,"key":"Dream Catcher"},{"floor":12.0,"key":"Bottled Flame"},{"floor":14.0,"key":"Torii"},{"floor":26,"key":"Girya"},{"floor":30,"key":"Mummified Hand"},{"floor":41,"key":"Blood Vial"},{"floor":41,"key":"Lantern"},{"floor":45,"key":"Calipers"},{"floor":47,"key":"Kunai"},{"floor":52,"key":"Pen Nib"}],"event_choices":[],"is_beta":false,"boss_relics":[{"not_picked":["Empty Cage","Black Star"],"picked":"Philosopher\u0027s Stone"},{"not_picked":["SlaversCollar","Tiny House"],"picked":"Coffee Dripper"}],"items_purged_floors":[4,31,53],"is_endless":false,"potions_floor_spawned":[2,9,11,12,14,16,22,27,28,32,33,36,46,47,49,52],"ascension_level":1}}