{"host":"yy1cu9q9bsxhflzi","time":1613414554,"event":{"mods":["BaseMod","DeckTracker","Minty Spire (QoL Compilation)","Quick Restart","StSLib","SuperFastMode","everything is the same but u backflip on backflip"],"gold_per_floor":[366,366,129,146,146,174,174,174,197,197,215,234,234,262,262,337,337,350,362,362,382,164,164,179,179,179,191,191,191,206,87,87,164,164,179,179,224,1223,715,715,715],"floor_reached":40,"language":"KOR","playtime":1127,"items_purged":["Regret","Defend_G","Defend_G","Normality"],"score":796,"play_id":"a4f209c9-ee27-4b39-9aee-0642b8596001","local_time":"20210216034234","is_ascension_mode":true,"campfire_choices":[{"data":"Terror","floor":7.0,"key":"SMITH"},{"data":"Blade Dance","floor":10.0,"key":"SMITH"},{"data":"Footwork","floor":13.0,"key":"SMITH"},{"data":"Neutralize","floor":15.0,"key":"SMITH"},{"floor":23.0,"key":"REST"},{"floor":25.0,"key":"REST"},{"floor":29.0,"key":"REST"},{"floor":32.0,"key":"REST"}],"circlet_count":0,"master_deck":["AscendersBane","Strike_G+1","Strike_G+1","Defend_G","Survivor","Neutralize+1","Quick Slash","Terror+1","Blade Dance+1","Footwork+1","Leg Sweep","Envenom","Leg Sweep+1","Sucker Punch+1","Flying Knee+1","Slice","Infinite Blades","Prepared","Corpse Explosion","PiercingWail+1","Adrenaline","Dark Shackles","Normality","Wraith Form v2","Adrenaline","Night Terror"],"relics":["Ring of the Snake","Membership Card","Dead Branch","Anchor","Orichalcum","Astrolabe","Chemical X","Sundial","Busted Crown","Tingsha","Toy Ornithopter","Potion Belt","DollysMirror"],"acts_visited":["Exordium","TheCity","TheBeyond"],"potions_floor_usage":[40],"damage_taken":[{"damage":10.0,"enemies":"Small Slimes","floor":1.0,"turns":4.0},{"damage":0.0,"enemies":"Cultist","floor":4.0,"turns":4.0},{"damage":20.0,"enemies":"Lagavulin","floor":6.0,"turns":7.0},{"damage":0.0,"enemies":"Jaw Worm","floor":11.0,"turns":1.0},{"damage":7.0,"enemies":"Lots of Slimes","floor":12.0,"turns":4.0},{"damage":10.0,"enemies":"3 Sentries","floor":14.0,"turns":5.0},{"damage":38.0,"enemies":"Slime Boss","floor":16.0,"turns":13.0},{"damage":30.0,"enemies":"Chosen","floor":18.0,"turns":8.0},{"damage":1.0,"enemies":"Shell Parasite","floor":19.0,"turns":5.0},{"damage":20.0,"enemies":"Sentry and Sphere","floor":21.0,"turns":11.0},{"damage":27.0,"enemies":"Shelled Parasite and Fungi","floor":24.0,"turns":7.0},{"damage":4.0,"enemies":"Centurion and Healer","floor":27.0,"turns":5.0},{"damage":24.0,"enemies":"Snake Plant","floor":30.0,"turns":7.0},{"damage":48.0,"enemies":"Champ","floor":33.0,"turns":10.0},{"damage":0.0,"enemies":"Orb Walker","floor":35.0,"turns":4.0},{"damage":22.0,"enemies":"2 Orb Walkers","floor":37.0,"turns":4.0},{"damage":52,"enemies":"Reptomancer","floor":40,"turns":5}],"seed_played":"-8868387683476158822","potions_obtained":[{"floor":1.0,"key":"DistilledChaos"},{"floor":4.0,"key":"Dexterity Potion"},{"floor":16.0,"key":"EntropicBrew"},{"floor":21.0,"key":"BlessingOfTheForge"},{"floor":24.0,"key":"PowerPotion"},{"floor":37.0,"key":"Regen Potion"}],"is_trial":false,"path_per_floor":["M","?","$","M","?","E","R","?","T","R","M","M","R","E","R","B",null,"M","M","?","M","$","R","M","R","T","M","?","R","M","$","R","B",null,"M","?","?","?","$","E"],"character_chosen":"THE_SILENT","items_purchased":["Membership Card","Terror","Chemical X","Corpse Explosion","Fruit Juice","Wraith Form v2","Toy Ornithopter","Potion Belt","DollysMirror","Night Terror","AttackPotion","EssenceOfSteel"],"campfire_rested":4,"item_purchase_floors":[3,3,22,22,31,39,39,39,39,39,39,39],"current_hp_per_floor":[49,29,29,29,29,9,9,76,76,76,76,69,69,59,59,21,62,32,31,31,11,11,33,6,28,28,24,24,46,22,27,51,3,62,62,52,30,30,30,0,0],"gold":715,"neow_bonus":"TWO_FIFTY_GOLD","is_daily":false,"chose_seed":false,"campfire_upgraded":4,"win_rate":0.0,"timestamp":1613414554,"path_taken":["M","?","$","M","?","E","R","?","T","R","M","M","R","E","R","BOSS","M","M","?","M","$","R","M","R","T","M","?","R","?","$","R","BOSS","M","?","?","?","$","E"],"items_purchased_type":["Relic","Card","Relic","Card","Potion","Card","Relic","Relic","Relic","Card","Potion","Potion"],"build_version":"2020-12-22","purchased_purges":4,"victory":false,"max_hp_per_floor":[66,66,66,66,66,66,66,76,76,76,76,76,76,76,76,76,76,76,76,76,76,76,76,76,76,76,76,76,76,76,81,81,81,81,81,81,81,81,81,81,81],"card_choices":[{"not_picked":["Concentrate","Outmaneuver"],"picked":"Quick Slash","floor":1.0},{"not_picked":["Acrobatics","Dodge and Roll"],"picked":"Blade Dance","floor":4.0},{"not_picked":["Dagger Throw","Bane"],"picked":"Corpse Explosion","floor":6.0},{"not_picked":["Riddle With Holes","Crippling Poison"],"picked":"Footwork","floor":11.0},{"not_picked":["Cloak And Dagger","Skewer","Dodge and Roll"],"picked":"SKIP","floor":12.0},{"not_picked":["Footwork","Distraction"],"picked":"Leg Sweep","floor":14.0},{"not_picked":["Bullet Time","Storm of Steel"],"picked":"Envenom","floor":16.0},{"not_picked":["Underhanded Strike","Blade Dance","Dagger Throw"],"picked":"SKIP","floor":18.0},{"not_picked":["Underhanded Strike","Poisoned Stab","Slice"],"picked":"SKIP","floor":19.0},{"not_picked":["Dodge and Roll","Underhanded Strike"],"picked":"Prepared","floor":21.0},{"not_picked":["Riddle With Holes","Deadly Poison","Dodge and Roll"],"picked":"SKIP","floor":24.0},{"not_picked":["Quick Slash","Dagger Spray"],"picked":"PiercingWail+1","floor":27.0},{"not_picked":["Flying Knee","Expertise","Backflip"],"picked":"SKIP","floor":30.0},{"not_picked":["Venomology","Burst"],"picked":"Adrenaline","floor":33.0},{"not_picked":["Poisoned Stab"],"picked":"SKIP","floor":35.0},{"not_picked":[],"picked":"Dark Shackles","floor":36.0}],"player_experience":3914193,"relics_obtained":[{"floor":6.0,"key":"Dead Branch"},{"floor":9.0,"key":"Anchor"},{"floor":14.0,"key":"Orichalcum"},{"floor":26.0,"key":"Sundial"},{"floor":37.0,"key":"Tingsha"}],"event_choices":[{"damage_healed":0.0,"max_hp_gain":0.0,"max_hp_loss":0.0,"gold_gain":0.0,"event_name":"Shining Light","player_choice":"Entered Light","floor":2.0,"gold_loss":0.0,"damage_taken":20.0,"cards_upgraded":["Strike_G","Strike_G"]},{"damage_healed":0.0,"max_hp_gain":0.0,"max_hp_loss":0.0,"gold_gain":0.0,"event_name":"Liars Game","player_choice":"Ignored","floor":5.0,"gold_loss":0.0,"damage_taken":0.0},{"cards_removed":["Corpse Explosion"],"damage_healed":57.0,"max_hp_gain":10.0,"max_hp_loss":0.0,"gold_gain":0.0,"event_name":"Bonfire Elementals","player_choice":"Offered Rare","floor":8.0,"gold_loss":0.0,"damage_taken":0.0},{"damage_healed":0.0,"max_hp_gain":0.0,"max_hp_loss":0.0,"gold_gain":0.0,"cards_transformed":["Strike_G","Defend_G"],"event_name":"Drug Dealer","player_choice":"Became Test Subject","floor":20.0,"gold_loss":0.0,"damage_taken":0.0,"cards_obtained":["Slice","Infinite Blades"]},{"damage_healed":0.0,"max_hp_gain":0.0,"max_hp_loss":0.0,"gold_gain":0.0,"event_name":"N\u0027loth","player_choice":"Ignored","floor":28.0,"gold_loss":0.0,"damage_taken":0.0},{"damage_healed":0.0,"max_hp_gain":0.0,"max_hp_loss":0.0,"gold_gain":0.0,"event_name":"SensoryStone","player_choice":"Memory 3","floor":36.0,"gold_loss":0.0,"damage_taken":10.0},{"damage_healed":0.0,"max_hp_gain":0.0,"max_hp_loss":0.0,"gold_gain":0.0,"event_name":"Mysterious Sphere","player_choice":"Fight","floor":37.0,"gold_loss":0.0,"damage_taken":0.0},{"damage_healed":0.0,"max_hp_gain":0.0,"max_hp_loss":0.0,"gold_gain":999.0,"event_name":"MindBloom","player_choice":"Gold","floor":38.0,"gold_loss":0.0,"damage_taken":0.0,"cards_obtained":["Normality","Normality"]}],"is_beta":false,"boss_relics":[{"not_picked":["Black Star","WristBlade"],"picked":"Astrolabe"},{"not_picked":["Cursed Key","Coffee Dripper"],"picked":"Busted Crown"}],"items_purged_floors":[3,22,31,39],"is_endless":false,"potions_floor_spawned":[1,4,11,16,21,24,37],"killed_by":"Reptomancer","ascension_level":17}}