{"host":"6ulps5ednfgqn0to","time":1613389409,"event":{"mods":["AchievementEnabler","BaseMod","Colored Map","Highlight Path","Minty Spire (QoL Compilation)","Relic Sorter","Relic Stats","StSLib"],"gold_per_floor":[114,129,148,165,180,196,215,215,215,290,315,315,346,375,387,502,514,541,565,577,589,613,625,647,478,478,478,497,497,497],"floor_reached":29,"language":"ENG","playtime":1352,"items_purged":["Strike_B"],"score":291,"play_id":"e99ba0e1-7f39-4f21-80da-519659595859","local_time":"20210215134329","is_ascension_mode":false,"campfire_choices":[{"data":"Consume","floor":8,"key":"SMITH"},{"floor":12,"key":"REST"},{"floor":15,"key":"REST"},{"floor":23,"key":"REST"},{"floor":27,"key":"REST"}],"circlet_count":0,"master_deck":["Strike_B","Strike_B","Strike_B","Defend_B","Defend_B","Defend_B","Defend_B","Zap","Dualcast","Consume+1","Cold Snap","Hologram","Ball Lightning","Ball Lightning","Coolheaded","Rip and Tear","Genetic Algorithm","Buffer","Thunder Strike","Leap+1","Aggregate","RitualDagger","Blizzard+1","Reboot","Glacier","FTL","Static Discharge+1"],"relics":["Cracked Core","Ice Cream","Anchor","MawBank","Philosopher\u0027s Stone","Nloth\u0027s Gift","Frozen Egg 2"],"acts_visited":["Exordium","TheCity"],"potions_floor_usage":[19,29],"damage_taken":[{"damage":0,"enemies":"Cultist","floor":1,"turns":1},{"damage":0,"enemies":"Jaw Worm","floor":2,"turns":1},{"damage":0,"enemies":"2 Louse","floor":3,"turns":1},{"damage":7,"enemies":"Blue Slaver","floor":4,"turns":5},{"damage":16,"enemies":"Exordium Thugs","floor":5,"turns":3},{"damage":22,"enemies":"Lots of Slimes","floor":6,"turns":3},{"damage":1,"enemies":"Looter","floor":7,"turns":3},{"damage":16,"enemies":"Lagavulin","floor":11,"turns":5},{"damage":13,"enemies":"3 Sentries","floor":13,"turns":5},{"damage":6,"enemies":"Exordium Wildlife","floor":14,"turns":3},{"damage":0,"enemies":"Slime Boss","floor":16,"turns":8},{"damage":22,"enemies":"2 Thieves","floor":18,"turns":4},{"damage":15,"enemies":"3 Byrds","floor":19,"turns":4},{"damage":8,"enemies":"3 Cultists","floor":22,"turns":6},{"damage":25,"enemies":"Cultist and Chosen","floor":24,"turns":8},{"damage":11,"enemies":"Centurion and Healer","floor":28,"turns":9},{"damage":54,"enemies":"Slavers","floor":29,"turns":5}],"seed_played":"8244340054553961066","potions_obtained":[{"floor":1,"key":"SteroidPotion"},{"floor":3,"key":"DuplicationPotion"},{"floor":5,"key":"Ancient Potion"},{"floor":11,"key":"FairyPotion"},{"floor":22,"key":"Energy Potion"}],"is_trial":false,"path_per_floor":["M","M","M","M","M","M","M","R","T","?","E","R","E","M","R","B",null,"M","M","?","?","M","R","M","$","T","R","M","E"],"character_chosen":"DEFECT","items_purchased":["Glacier","FTL"],"campfire_rested":4,"item_purchase_floors":[25,25],"current_hp_per_floor":[75,75,75,68,52,30,29,29,29,18,2,24,11,5,27,27,75,53,38,32,32,24,46,21,21,21,43,32,0,0],"gold":497,"neow_bonus":"THREE_ENEMY_KILL","is_daily":false,"chose_seed":false,"campfire_upgraded":1,"win_rate":0.0,"timestamp":1613389409,"path_taken":["M","M","?","?","M","M","M","R","T","?","E","R","E","M","R","BOSS","M","M","?","?","M","R","?","$","T","R","?","E"],"items_purchased_type":["Card","Card"],"build_version":"2020-12-22","purchased_purges":1,"victory":false,"max_hp_per_floor":[75,75,75,75,75,75,75,75,75,75,75,75,75,75,75,75,75,75,75,75,75,75,75,75,75,75,75,75,75,75],"relic_stats":{"counters":[17,74],"Nloth\u0027s Gift":1,"MawBank":144,"obtain_stats":[{"Ice Cream":9,"Anchor":11,"NeowsBlessing":0,"Philosopher\u0027s Stone":17,"Nloth\u0027s Gift":21,"Frozen Egg 2":26,"Cracked Core":0,"MawBank":13},{"Ice Cream":7,"Anchor":8,"NeowsBlessing":0,"Philosopher\u0027s Stone":11,"Nloth\u0027s Gift":13,"Frozen Egg 2":15,"Cracked Core":0,"MawBank":9},{"Ice Cream":17,"Anchor":22,"NeowsBlessing":0,"Philosopher\u0027s Stone":38,"Nloth\u0027s Gift":46,"Frozen Egg 2":60,"Cracked Core":0,"MawBank":27}]},"card_choices":[{"not_picked":["Stack","Beam Cell"],"picked":"Consume","floor":1},{"not_picked":["Fusion","Auto Shields"],"picked":"Cold Snap","floor":2},{"not_picked":["Steam","Sweeping Beam"],"picked":"Hologram","floor":3},{"not_picked":["Coolheaded","Beam Cell"],"picked":"Ball Lightning","floor":4},{"not_picked":["Consume","Beam Cell"],"picked":"Ball Lightning","floor":5},{"not_picked":["Auto Shields","Barrage"],"picked":"Coolheaded","floor":6},{"not_picked":["Beam Cell","Sweeping Beam"],"picked":"Rip and Tear","floor":7},{"not_picked":["Redo","White Noise"],"picked":"Genetic Algorithm","floor":11},{"not_picked":["Cold Snap","Stack"],"picked":"Buffer","floor":13},{"not_picked":["Coolheaded","Cold Snap","Redo"],"picked":"SKIP","floor":14},{"not_picked":["Electrodynamics","Seek"],"picked":"Thunder Strike","floor":16},{"not_picked":["Steam","Barrage"],"picked":"Leap+1","floor":18},{"not_picked":["Chill","Ball Lightning"],"picked":"Aggregate","floor":19},{"not_picked":["Skim","Leap"],"picked":"Blizzard+1","floor":22},{"not_picked":["Conserve Battery","Streamline"],"picked":"Reboot","floor":24},{"not_picked":["Go for the Eyes+1","Amplify"],"picked":"Static Discharge+1","floor":28}],"player_experience":22808,"relics_obtained":[{"floor":9,"key":"Ice Cream"},{"floor":11,"key":"Anchor"},{"floor":13,"key":"MawBank"},{"floor":26,"key":"Frozen Egg 2"}],"event_choices":[{"damage_healed":0,"gold_gain":75,"player_choice":"Gather Gold","damage_taken":11,"max_hp_gain":0,"max_hp_loss":0,"event_name":"World of Goop","floor":10,"gold_loss":0},{"damage_healed":0,"gold_gain":0,"player_choice":"Joined the Cult","damage_taken":6,"max_hp_gain":0,"max_hp_loss":0,"event_name":"Nest","floor":20,"gold_loss":0,"cards_obtained":["RitualDagger"]},{"damage_healed":0,"gold_gain":0,"player_choice":"Traded Relic","damage_taken":0,"relics_obtained":["Nloth\u0027s Gift"],"max_hp_gain":0,"max_hp_loss":0,"event_name":"N\u0027loth","floor":21,"relics_lost":["NeowsBlessing"],"gold_loss":0}],"is_beta":false,"boss_relics":[{"not_picked":["FrozenCore","Sozu"],"picked":"Philosopher\u0027s Stone"}],"items_purged_floors":[25],"is_endless":false,"potions_floor_spawned":[1,3,5,11,16,22,24],"killed_by":"Slavers","ascension_level":0}}