{"host":"yeg3u3dfqewtiiug","time":1613368416,"event":{"mods":["AchievementEnabler","BaseMod","Downfall","Minty Spire (QoL Compilation)","StSLib"],"gold_per_floor":[99,113,129,34,34,52,52,52,78,110,110,125,156,175,195,290,290,190,190,190,202,602,53,78,18,18,37,37,51,79,10,28,129,129,29,49,76,89,248,280,280,280,280,300,313,344,344,360,370,370],"floor_reached":51,"language":"ENG","playtime":7035,"items_purged":["hexamod:Strike","hexamod:FourthSeal"],"score":837,"play_id":"47596ca4-781a-4e6c-8ebf-8abc9079fc8e","local_time":"20210214235336","is_ascension_mode":false,"campfire_choices":[{"data":"hexamod:Float","floor":1,"key":"SMITH"},{"data":"hexamod:HeatMetal","floor":8,"key":"SMITH"},{"floor":18,"key":"RECALL"},{"data":"hexamod:ExtraCrispy","floor":26,"key":"SMITH"},{"data":"hexamod:Sear","floor":28,"key":"SMITH"},{"data":"hexamod:GhostOfSpirePresent","floor":35,"key":"SMITH"},{"floor":47,"key":"REST"}],"circlet_count":0,"master_deck":["hexamod:Strike","hexamod:Strike+1","hexamod:Strike+1","hexamod:Defend","hexamod:Defend+1","hexamod:Defend","hexamod:Defend","hexamod:Sear+1","hexamod:Float+1","hexamod:HeatMetal+1","hexamod:ExtraCrispy+1","hexamod:EmpoweredFlame","hexamod:FirstSeal","hexamod:Hexaguard+1","hexamod:TurnItUp+1","hexamod:RecurringNightmare+1","hexamod:GhostflameBarrier+1","hexamod:CatchUp+1","hexamod:SkipABeat+1","hexamod:GhostOfSpirePresent+1","RitualDagger+1","hexamod:FastForward+1","hexamod:EtherealExpedition+1","hexamod:GhostOfSpireFuture","hexamod:SoulSteal+1","hexamod:ThermalTransfer","hexamod:FastForward+1","hexamod:SoulSteal+1","hexamod:GhostflameInferno+1","hexamod:PhantomFireball","hexamod:RadiantFlame+1","hexamod:FirstSeal"],"relics":["hexamod:SpiritBrand","Anchor","Matryoshka","Odd Mushroom","Toxic Egg 2","Meat on the Bone","Bottled Lightning","Bottled Flame","Sozu","downfall:HeartBlessingGreen","Old Coin","hexamod:InflammatoryLetter","Whetstone","Gremlin Horn","Blood Vial","Centennial Puzzle","Potion Belt","Black Star","downfall:HeartBlessingRed","Smiling Mask","PreservedInsect","Happy Flower","White Beast Statue","Boot","Vajra","War Paint"],"acts_visited":["Exordium","TheCity","TheBeyond"],"potions_floor_usage":[9,10,13,13,16,50,50],"damage_taken":[{"damage":0,"enemies":"Jaw Worm","floor":2,"turns":4},{"damage":0,"enemies":"2 Louse","floor":3,"turns":2},{"damage":0,"enemies":"downfall:FleeingMerchant","floor":4,"turns":4},{"damage":4,"enemies":"Cultist","floor":6,"turns":4},{"damage":14,"enemies":"The Mushroom Lair","floor":9,"turns":5},{"damage":21,"enemies":"Lagavulin","floor":10,"turns":8},{"damage":32,"enemies":"Gremlin Gang","floor":12,"turns":6},{"damage":6,"enemies":"Gremlin Nob","floor":13,"turns":3},{"damage":0,"enemies":"Exordium Thugs","floor":14,"turns":6},{"damage":0,"enemies":"3 Louse","floor":15,"turns":6},{"damage":27,"enemies":"WA_ARCHETYPE_RETAIN","floor":16,"turns":9},{"damage":0,"enemies":"3 Byrds","floor":21,"turns":6},{"damage":36,"enemies":"Colosseum Nobs","floor":22,"turns":6},{"damage":4,"enemies":"downfall:FleeingMerchant","floor":23,"turns":4},{"damage":0,"enemies":"downfall:FleeingMerchant","floor":25,"turns":4},{"damage":0,"enemies":"Chosen","floor":27,"turns":3},{"damage":1,"enemies":"Shelled Parasite and Fungi","floor":29,"turns":6},{"damage":12,"enemies":"Gremlin Leader","floor":30,"turns":6},{"damage":20,"enemies":"downfall:FleeingMerchant","floor":31,"turns":4},{"damage":6,"enemies":"Snake Plant","floor":32,"turns":4},{"damage":26,"enemies":"IC_MUSHROOM_ARCHETYPE","floor":33,"turns":6},{"damage":14,"enemies":"3 Shapes","floor":36,"turns":3},{"damage":5,"enemies":"3 Darklings","floor":38,"turns":3},{"damage":0,"enemies":"downfall:FleeingMerchant","floor":39,"turns":1},{"damage":33,"enemies":"Nemesis","floor":40,"turns":5},{"damage":8,"enemies":"Sphere and 2 Shapes","floor":44,"turns":5},{"damage":8,"enemies":"Maw","floor":45,"turns":6},{"damage":45,"enemies":"Giant Head","floor":46,"turns":8},{"damage":3,"enemies":"3 Darklings","floor":48,"turns":3},{"damage":25,"enemies":"Spire Growth","floor":49,"turns":5},{"damage":13,"enemies":"SI_POISON_ARCHETYPE","floor":50,"turns":11}],"seed_played":"-511664452546986856","potions_obtained":[{"floor":3,"key":"hexamod:SoulburnPotion"},{"floor":6,"key":"AttackPotion"},{"floor":9,"key":"SkillPotion"},{"floor":10,"key":"SmokeBomb"},{"floor":12,"key":"EssenceOfSteel"},{"floor":12,"key":"hexamod:SoulburnPotion"},{"floor":13,"key":"SmokeBomb"},{"floor":13,"key":"Strength Potion"},{"floor":14,"key":"Strength Potion"},{"floor":14,"key":"GamblersBrew"},{"floor":15,"key":"Energy Potion"},{"floor":16,"key":"Strength Potion"}],"is_trial":false,"path_per_floor":["R","M","M","$","?","M","T","R","?","E","T","M","E","M","M","B",null,"R","?","?","M","?","$","T","$","R","M","R","M","E","$","M","B",null,"R","M","?","M","$","E","T","?","?","M","M","E","R","M","M","B",null],"character_chosen":"THE_SPIRIT","items_purchased":["hexamod:FirstSeal","hexamod:SoulSteal+1","Whetstone","Gremlin Horn","hexamod:ThermalTransfer","hexamod:FastForward+1","PreservedInsect"],"campfire_rested":1,"item_purchase_floors":[4,23,23,23,25,31,39],"current_hp_per_floor":[77,77,77,77,59,55,55,55,48,34,34,21,34,53,60,52,77,77,77,77,77,48,51,51,60,60,69,69,77,72,61,64,47,77,77,70,70,67,69,57,57,50,50,51,59,42,65,71,62,58],"gold":370,"neow_bonus":"TEN_PERCENT_HP_BONUS","is_daily":false,"chose_seed":false,"campfire_upgraded":5,"win_rate":0.0,"timestamp":1613368416,"path_taken":["R","M","M","$","?","M","T","R","?","E","?","?","E","?","M","BOSS","R","?","?","M","?","$","T","?","R","M","R","?","E","$","M","BOSS","R","M","?","M","$","E","T","?","?","M","M","E","R","M","M","BOSS"],"items_purchased_type":["Card","Card","Relic","Relic","Card","Card","Relic"],"build_version":"2020-12-22","purchased_purges":2,"victory":true,"max_hp_per_floor":[77,77,77,77,77,77,77,77,77,77,77,77,77,77,77,77,77,77,77,77,77,77,77,77,77,77,77,77,77,77,77,77,77,77,77,77,77,77,77,77,77,77,77,77,77,77,77,77,77,77],"card_choices":[{"not_picked":["hexamod:CatchUp","hexamod:NightmareGuise"],"picked":"hexamod:HeatMetal","floor":2},{"not_picked":["hexamod:InspiringFlames","hexamod:RetreatToShadows"],"picked":"hexamod:ExtraCrispy","floor":3},{"not_picked":["hexamod:PhantomCloak","hexamod:Hexaguard"],"picked":"hexamod:EmpoweredFlame","floor":4},{"not_picked":["hexamod:Firestarter","hexamod:AdvancingGuard"],"picked":"hexamod:FourthSeal","floor":6},{"not_picked":["hexamod:RecurringNightmare","hexamod:BurningTouch"],"picked":"hexamod:Hexaguard","floor":9},{"not_picked":["hexamod:RetreatToShadows+1","hexamod:PhantomCloak"],"picked":"hexamod:TurnItUp+1","floor":10},{"not_picked":["hexamod:Firestarter","hexamod:FourthSeal"],"picked":"hexamod:RecurringNightmare+1","floor":12},{"not_picked":["hexamod:SpectersWail","hexamod:HeatShield+1"],"picked":"hexamod:GhostflameBarrier+1","floor":13},{"not_picked":["hexamod:Firestarter","hexamod:NightmareStrike"],"picked":"hexamod:CatchUp+1","floor":14},{"not_picked":["hexamod:Hexaguard+1","hexamod:NightmareStrike"],"picked":"hexamod:SkipABeat+1","floor":15},{"not_picked":["hexamod:TimeWarp","hexamod:VolcanoVisage"],"picked":"hexamod:GhostOfSpirePresent","floor":16},{"not_picked":["hexamod:Firestarter+1","hexamod:NightmareGuise+1"],"picked":"hexamod:FastForward+1","floor":21},{"not_picked":["hexamod:BacktrackSmack+1","hexamod:InspiringFlames+1"],"picked":"hexamod:EtherealExpedition+1","floor":22},{"not_picked":["hexamod:BacktrackSmack","hexamod:Firestarter+1"],"picked":"hexamod:GhostOfSpireFuture","floor":23},{"not_picked":["hexamod:GhostShield+1","hexamod:InspiringFlames+1","hexamod:BacktrackSmack"],"picked":"SKIP","floor":25},{"not_picked":["hexamod:SecondSeal","hexamod:GhostOfSpireFuture","hexamod:HauntingEcho"],"picked":"SKIP","floor":27},{"not_picked":["hexamod:BacktrackSmack+1","hexamod:NightmareGuise+1","hexamod:ShieldOfDarkness+1"],"picked":"SKIP","floor":29},{"not_picked":["hexamod:Haunt+1","hexamod:HauntingEcho+1","hexamod:ParanormalForm"],"picked":"SKIP","floor":30},{"not_picked":["hexamod:SwordOfDarkness","hexamod:HauntingEcho+1","hexamod:BacktrackSmack+1"],"picked":"SKIP","floor":31},{"not_picked":["hexamod:HeatMetal","hexamod:FastForward+1"],"picked":"hexamod:SoulSteal+1","floor":32},{"not_picked":["hexamod:WildfireWeapon","hexamod:FifthSeal"],"picked":"hexamod:GhostflameInferno+1","floor":33},{"not_picked":["hexamod:BacktrackSmack","hexamod:SpectersWail"],"picked":"hexamod:PhantomFireball","floor":36},{"not_picked":["hexamod:BacktrackSmack+1","hexamod:Haunt+1"],"picked":"hexamod:RadiantFlame+1","floor":38},{"not_picked":["hexamod:Incineration+1","hexamod:Haunt+1","hexamod:SixthSeal"],"picked":"SKIP","floor":39},{"not_picked":["hexamod:InspiringFlames+1","hexamod:Again+1","hexamod:SwordOfDarkness+1"],"picked":"SKIP","floor":40},{"not_picked":["hexamod:Firestarter+1","hexamod:GhostflameBarrier+1","hexamod:GhostOfSpireFuture+1"],"picked":"SKIP","floor":44},{"not_picked":["hexamod:GhostflameBarrier+1","hexamod:GhostOfSpirePast+1","hexamod:BacktrackSmack"],"picked":"SKIP","floor":45},{"not_picked":["hexamod:HeatMetal","hexamod:Firestarter","hexamod:RadiantFlame+1"],"picked":"SKIP","floor":46},{"not_picked":["hexamod:HeatCrush+1","hexamod:BacktrackSmack+1","hexamod:SoulSteal+1"],"picked":"SKIP","floor":48},{"not_picked":["hexamod:Incineration+1","hexamod:HeatMetal","hexamod:GhostLash+1"],"picked":"SKIP","floor":49}],"player_experience":367894,"relics_obtained":[{"floor":7,"key":"Matryoshka"},{"floor":9,"key":"Odd Mushroom"},{"floor":10,"key":"Toxic Egg 2"},{"floor":11,"key":"Meat on the Bone"},{"floor":11,"key":"Bottled Lightning"},{"floor":13,"key":"Bottled Flame"},{"floor":22,"key":"Old Coin"},{"floor":22,"key":"hexamod:InflammatoryLetter"},{"floor":24,"key":"Blood Vial"},{"floor":24,"key":"Centennial Puzzle"},{"floor":30,"key":"Potion Belt"},{"floor":37,"key":"Smiling Mask"},{"floor":40,"key":"Happy Flower"},{"floor":40,"key":"White Beast Statue"},{"floor":41,"key":"Boot"},{"floor":46,"key":"Vajra"},{"floor":46,"key":"War Paint"}],"event_choices":[{"damage_healed":0,"gold_gain":0,"player_choice":"Success","damage_taken":18,"relics_obtained":["Anchor"],"max_hp_gain":0,"max_hp_loss":0,"event_name":"Scrap Ooze","floor":5,"gold_loss":0},{"damage_healed":0,"gold_gain":0,"player_choice":"Fought Mushrooms","damage_taken":0,"max_hp_gain":0,"max_hp_loss":0,"event_name":"Mushrooms","floor":9,"gold_loss":0}],"is_beta":false,"boss_relics":[{"not_picked":["Calling Bell","Cursed Key"],"picked":"Sozu"},{"not_picked":["SacredBark","Runic Dome"],"picked":"Black Star"}],"items_purged_floors":[23,39],"is_endless":false,"potions_floor_spawned":[3,6,12,13,14,21,27,29,33,38,44,45,46,48,49],"ascension_level":0}}