{"host":"rm0ctv8qd8mnbkg1","time":1613397313,"event":{"mods":["Act Like it!","BaseMod","Beaked The Cultist","BetterRewards","Colored Map","DNKmod","Dark Map","Defuse TimeMaze Blight","Downfall","Friendly Minions","Gensokyo","Hallownest","Hubris","Marisa????????","Minty Spire (QoL Compilation)","MostiFishMod","Permanent Neow","Quarter Circle Forward PUNCH!","RRrroohrrRGHHhhh!!","Rare Cards Sparkle","Relic Sorter","Reliquary","Replay The Spire","RumiaBox-????????","Shade Mod","Shop Mod","Spicy Shops","Spire Arcade","StSLib","The Construct","The Dragonkin","The Servant 0.9.4","TheVacant","Wandering Minibosses","??????REMEMod"],"gold_per_floor":[10013,10013,10013,10031,9259,9259,9276,9276,9302,9336,10134,9729,9729,9754,9754,9849,9849,9849,9849],"floor_reached":18,"language":"ENG","playtime":674,"items_purged":[],"score":343,"play_id":"67e65ada-029d-4c59-9601-beb77257cf5b","local_time":"20210215135513","is_ascension_mode":false,"campfire_choices":[{"data":"theDragonkin:PrismaticBreath","floor":6,"key":"SMITH"},{"data":"theDragonkin:EmberSwipe","floor":8,"key":"SMITH"},{"data":"theDragonkin:Detox","floor":13,"key":"SMITH"},{"data":"theDragonkin:Sizzle","floor":15,"key":"SMITH"}],"circlet_count":0,"master_deck":["theDragonkin:Strike","theDragonkin:Strike","theDragonkin:Strike","theDragonkin:Strike","theDragonkin:Defend","theDragonkin:Defend","theDragonkin:Defend","theDragonkin:Defend","theDragonkin:HolySmite","theDragonkin:BlazingBreath+1","MostiFishMod:InterfaceCompatibility","theDragonkin:PrismaticBreath+1","theDragonkin:Ravage","theDragonkin:HolyWordBarrier","theDragonkin:AcidArmor","theDragonkin:AcidArmor","theDragonkin:EmberSwipe+1","theDragonkin:MiasmicBreath","theDragonkin:DivinePrayer","theDragonkin:StormFront","theDragonkin:Detox+1","theDragonkin:Sizzle+1","theDragonkin:HolyBarrier"],"relics":["theDragonkin:GarnetScale","REME_ComplimentaryCards","DaveBox","OriginationStaff","Ice Cream","ReplayFunnel","sneckomod:BlankCard","Akabeko","wanderingMiniBosses:MasterThiefsPresence","reliquary:RedPaperclip"],"acts_visited":["Exordium","TheCity"],"potions_floor_usage":[],"damage_taken":[{"damage":0,"enemies":"Small Slimes","floor":1,"turns":3},{"damage":0,"enemies":"2 Louse","floor":4,"turns":2},{"damage":0,"enemies":"Cultist","floor":7,"turns":3},{"damage":0,"enemies":"3 Sentries","floor":10,"turns":2},{"damage":0,"enemies":"2 Fungi Beasts","floor":11,"turns":5},{"damage":0,"enemies":"Lagavulin","floor":14,"turns":3},{"damage":0,"enemies":"Hexaghost","floor":16,"turns":4},{"damage":0,"enemies":"Shell Parasite","floor":18,"turns":1}],"seed_played":"2608926522274908550","potions_obtained":[{"floor":1,"key":"Explosive Potion"},{"floor":3,"key":"AttackPotion"},{"floor":3,"key":"Languid Potion"},{"floor":4,"key":"EssenceOfSteel"},{"floor":14,"key":"Languid Potion"}],"is_trial":false,"path_per_floor":["M","?","?","M","$","R","M","R","T","E","M","$","R","E","R","B",null,"M"],"character_chosen":"THE_DRAGONKIN","items_purchased":["reliquary:BoilingFlask","theDragonkin:HolyWordBarrier","theDragonkin:AcidArmor","Ice Cream","ReplayFunnel","theDragonkin:EmberSwipe","theDragonkin:Detox","theDragonkin:Sizzle","FairyPotion","Block Potion"],"campfire_rested":0,"item_purchase_floors":[5,5,5,5,5,5,12,12,12,12],"current_hp_per_floor":[1000,1000,1000,1000,1000,1000,1000,1000,1000,1000,1000,1000,1000,1000,1000,1000,1000,1000,1000],"gold":9849,"neow_bonus":"RANDOM_EVENT","is_daily":false,"chose_seed":false,"campfire_upgraded":4,"win_rate":0.0,"timestamp":1613397313,"path_taken":["M","?","?","M","$","R","M","R","T","E","M","$","R","E","R","BOSS","M"],"items_purchased_type":["Relic","Card","Card","Relic","Relic","Card","Card","Card","Potion","Potion"],"build_version":"2020-12-22","purchased_purges":0,"victory":false,"max_hp_per_floor":[1000,1000,1000,1000,1000,1000,1000,1000,1000,1000,1000,1000,1000,1000,1000,1000,1000,1000,1000],"card_choices":[{"not_picked":["theDragonkin:SlowBurn","theDragonkin:MiasmicBreath"],"picked":"theDragonkin:PrismaticBreath","floor":1},{"not_picked":["theDragonkin:HolyShock","theDragonkin:EmberSwipe"],"picked":"theDragonkin:Ravage","floor":4},{"not_picked":["theDragonkin:HeatShield","theDragonkin:FlameWard"],"picked":"theDragonkin:MiasmicBreath","floor":7},{"not_picked":["theDragonkin:HolyShock","theDragonkin:DivineBreath"],"picked":"theDragonkin:DivinePrayer","floor":10},{"not_picked":["theDragonkin:DivineBreath","theDragonkin:Ashfall"],"picked":"theDragonkin:StormFront","floor":11},{"not_picked":["theDragonkin:HolyFlask","theDragonkin:DeepBreath"],"picked":"theDragonkin:HolyBarrier","floor":14}],"player_experience":361047,"relics_obtained":[{"floor":9,"key":"sneckomod:BlankCard"},{"floor":10,"key":"Akabeko"},{"floor":11,"key":"wanderingMiniBosses:MasterThiefsPresence"},{"floor":14,"key":"reliquary:TuningFork"}],"event_choices":[{"damage_healed":0,"gold_gain":0,"player_choice":"Grow","damage_taken":0,"max_hp_gain":0,"max_hp_loss":0,"event_name":"Living Wall","floor":0,"gold_loss":0,"cards_upgraded":["theDragonkin:BlazingBreath"]},{"damage_healed":0,"gold_gain":0,"player_choice":"Got Potions","damage_taken":0,"max_hp_gain":0,"max_hp_loss":0,"event_name":"Lab","floor":3,"gold_loss":0}],"is_beta":false,"boss_relics":[{"not_picked":["Abe\u0027s Treasure","JellyFishMachine"],"picked":"reliquary:RedPaperclip"}],"items_purged_floors":[],"is_endless":false,"potions_floor_spawned":[1,4,14],"killed_by":"Shell Parasite","ascension_level":0}}