{"host":"owox7x4ngjt9htcc","time":1613371217,"event":{"mods":["BaseMod","Colored Map","DeckTracker","Keyboard Shortcuts","Minty Spire (QoL Compilation)","SuperFastMode"],"gold_per_floor":[114,114,27,27,27,65,65,12,12,50,62,112,143,174,186,323,335,336,60,79,79,79,117,117,42,67,105,105,15,15,45,45,145,145,160,196,196,1195,603,642,555,555,630,630,660,29,78,108,108,108],"floor_reached":51,"language":"KOR","playtime":1488,"items_purged":["Strike_R","Strike_R+1"],"score":949,"play_id":"f9bc7320-f4e5-4c3f-80e5-4ba5bf1e713e","local_time":"20210215154017","daily_mods":["Heirloom","Flight","Night Terrors"],"is_ascension_mode":false,"campfire_choices":[{"data":"Armaments","floor":7.0,"key":"SMITH"},{"data":"True Grit","floor":11.0,"key":"SMITH"},{"data":"Barricade","floor":15.0,"key":"SMITH"},{"data":"Dark Embrace","floor":24.0,"key":"SMITH"},{"floor":32.0,"key":"REST"},{"data":"Juggernaut","floor":49,"key":"SMITH"}],"circlet_count":0,"master_deck":["Defend_R+1","Defend_R","Defend_R","Defend_R+1","Body Slam","Armaments+1","Uppercut","Shrug It Off","True Grit+1","Barricade+1","Shrug It Off","Feel No Pain","Juggernaut+1","Warcry+1","Body Slam","Dark Embrace+1","Offering","Rampage+1","Feed+1","Impervious","Metallicize+1","Burning Pact","Fire Breathing","Headbutt+1","Inflame","Inflame","Seeing Red+1"],"relics":["Black Blood","Torii","Bloody Idol","Anchor","Orichalcum","MawBank","Letter Opener","Empty Cage","Matryoshka","Lantern","Smiling Mask","War Paint","Juzu Bracelet","Omamori","Self Forming Clay","Unceasing Top","CeramicFish","MealTicket","Toolbox","CaptainsWheel","Champion Belt","Whetstone","The Courier","Dream Catcher","Lizard Tail","Happy Flower","Strawberry","White Beast Statue"],"acts_visited":["Exordium","TheCity","TheBeyond"],"potions_floor_usage":[45],"damage_taken":[{"damage":7.0,"enemies":"2 Louse","floor":1.0,"turns":3.0},{"damage":22.0,"enemies":"Lagavulin","floor":6.0,"turns":7.0},{"damage":4.0,"enemies":"3 Sentries","floor":10.0,"turns":9.0},{"damage":2.0,"enemies":"Lagavulin","floor":12.0,"turns":9.0},{"damage":1.0,"enemies":"Jaw Worm","floor":13.0,"turns":4.0},{"damage":0.0,"enemies":"Cultist","floor":14.0,"turns":4.0},{"damage":44.0,"enemies":"Hexaghost","floor":16.0,"turns":18.0},{"damage":2.0,"enemies":"2 Thieves","floor":18.0,"turns":4.0},{"damage":1.0,"enemies":"Spheric Guardian","floor":20.0,"turns":8.0},{"damage":47.0,"enemies":"Book of Stabbing","floor":23.0,"turns":7.0},{"damage":2.0,"enemies":"Slavers","floor":27.0,"turns":9.0},{"damage":21.0,"enemies":"Book of Stabbing","floor":31.0,"turns":6.0},{"damage":7.0,"enemies":"Champ","floor":33.0,"turns":10.0},{"damage":6.0,"enemies":"Orb Walker","floor":35.0,"turns":4.0},{"damage":34.0,"enemies":"2 Orb Walkers","floor":36.0,"turns":7.0},{"damage":0.0,"enemies":"Nemesis","floor":40.0,"turns":11.0},{"damage":24,"enemies":"Reptomancer","floor":45,"turns":11},{"damage":1,"enemies":"3 Shapes","floor":47,"turns":7},{"damage":14,"enemies":"Nemesis","floor":48,"turns":7},{"damage":29,"enemies":"Time Eater","floor":50,"turns":12}],"seed_played":"5535013652570512859","potions_obtained":[{"floor":1.0,"key":"SpeedPotion"},{"floor":12.0,"key":"AttackPotion"},{"floor":16.0,"key":"SteroidPotion"},{"floor":23.0,"key":"BloodPotion"},{"floor":35.0,"key":"SpeedPotion"},{"floor":40.0,"key":"SteroidPotion"}],"is_trial":false,"path_per_floor":["M","?","$","?","?","E","R","$","T","E","R","E","M","M","R","B",null,"M","$","M","?","?","E","R","?","T","E","?","$","?","E","R","B",null,"M","?","?","?","$","E","?","?","T","?","E","$","M","E","R","B",null],"character_chosen":"IRONCLAD","items_purchased":["Armaments","Uppercut","True Grit","Matryoshka","Inflame","Rampage","CeramicFish","MealTicket","Toolbox","Burning Pact","Fire Breathing","Lizard Tail","Happy Flower","Inflame","Strawberry","Inflame"],"campfire_rested":1,"item_purchase_floors":[3,3,8,19,19,29,39,39,39,39,39,46,46,46,46,46],"current_hp_per_floor":[79,63,63,63,56,40,40,40,40,42,42,46,51,57,57,19,80,80,80,80,80,80,39,39,39,39,43,43,43,43,33,75,75,75,78,61,61,66,76,78,78,78,78,78,71,85,89,89,89,72],"gold":108,"neow_bonus":"","is_daily":true,"chose_seed":false,"campfire_upgraded":5,"win_rate":0.0,"timestamp":1613371217,"path_taken":["M","?","$","?","?","E","R","?","T","E","R","E","M","?","R","BOSS","M","$","?","?","?","E","R","?","T","E","?","$","?","E","R","BOSS","M","?","?","?","$","E","?","?","T","?","E","?","M","E","R","BOSS"],"items_purchased_type":["Card","Card","Card","Relic","Card","Card","Relic","Relic","Relic","Card","Card","Relic","Relic","Card","Relic","Card"],"build_version":"2020-12-22","purchased_purges":2,"victory":true,"max_hp_per_floor":[80,80,80,80,80,80,80,80,80,80,80,80,80,80,80,80,80,80,80,80,80,80,80,80,80,80,80,80,80,80,80,75,75,75,78,78,78,78,78,78,78,78,78,78,78,85,89,89,89,89],"card_choices":[{"not_picked":["Dark Embrace","Combust"],"picked":"Body Slam","floor":1.0},{"not_picked":["Sword Boomerang","Heavy Blade"],"picked":"Shrug It Off","floor":6.0},{"not_picked":["Impervious","Clothesline","True Grit"],"picked":"SKIP","floor":10.0},{"not_picked":["Warcry","Flame Barrier"],"picked":"Barricade","floor":12.0},{"not_picked":["Thunderclap","Flex"],"picked":"Shrug It Off","floor":13.0},{"not_picked":["Sentinel","Intimidate"],"picked":"Feel No Pain","floor":14.0},{"not_picked":["Offering","Demon Form"],"picked":"Juggernaut","floor":16.0},{"not_picked":["Sword Boomerang","Blood for Blood+1"],"picked":"Warcry","floor":18.0},{"not_picked":["Entrench","Reckless Charge"],"picked":"Body Slam","floor":20.0},{"not_picked":["Iron Wave","Headbutt+1"],"picked":"Dark Embrace","floor":23.0},{"not_picked":["Body Slam","Headbutt"],"picked":"Offering","floor":27.0},{"not_picked":["Clothesline","Wild Strike"],"picked":"Feed","floor":31.0},{"not_picked":["Corruption","Limit Break"],"picked":"Impervious","floor":33.0},{"not_picked":["Heavy Blade+1","Havoc+1"],"picked":"Metallicize+1","floor":35.0},{"not_picked":["Twin Strike","Warcry"],"picked":"Headbutt+1","floor":40.0},{"not_picked":["Twin Strike","Fire Breathing","Whirlwind+1"],"picked":"SKIP","floor":45},{"not_picked":["Sword Boomerang+1","Iron Wave"],"picked":"Seeing Red+1","floor":47},{"not_picked":["Warcry","Armaments+1","Pummel"],"picked":"SKIP","floor":48}],"player_experience":930782,"relics_obtained":[{"floor":6.0,"key":"Anchor"},{"floor":9.0,"key":"Orichalcum"},{"floor":10.0,"key":"MawBank"},{"floor":12.0,"key":"Letter Opener"},{"floor":23.0,"key":"Smiling Mask"},{"floor":26.0,"key":"War Paint"},{"floor":26.0,"key":"Juzu Bracelet"},{"floor":27.0,"key":"Omamori"},{"floor":31.0,"key":"Self Forming Clay"},{"floor":36.0,"key":"Unceasing Top"},{"floor":40.0,"key":"CaptainsWheel"},{"floor":43.0,"key":"Whetstone"},{"floor":43.0,"key":"The Courier"},{"floor":45,"key":"Dream Catcher"},{"floor":48,"key":"White Beast Statue"}],"event_choices":[{"damage_healed":0.0,"max_hp_gain":0.0,"max_hp_loss":0.0,"gold_gain":0.0,"event_name":"Shining Light","player_choice":"Entered Light","floor":2.0,"gold_loss":0.0,"damage_taken":16.0,"cards_upgraded":["Strike_R","Defend_R"]},{"damage_healed":0.0,"max_hp_gain":0.0,"max_hp_loss":0.0,"gold_gain":0.0,"event_name":"Golden Idol","player_choice":"Take Wound","floor":4.0,"gold_loss":0.0,"damage_taken":0.0,"relics_obtained":["Golden Idol"],"cards_obtained":["Injury"]},{"cards_removed":["Injury"],"damage_healed":0.0,"max_hp_gain":0.0,"max_hp_loss":0.0,"gold_gain":0.0,"event_name":"Golden Wing","player_choice":"Card Removal","floor":5.0,"gold_loss":0.0,"damage_taken":7.0},{"damage_healed":0.0,"max_hp_gain":0.0,"max_hp_loss":0.0,"gold_gain":0.0,"event_name":"Addict","player_choice":"Stole Relic","floor":21.0,"gold_loss":0.0,"damage_taken":0.0,"relics_obtained":["Lantern"],"cards_obtained":["Shame"]},{"cards_removed":["Shame"],"damage_healed":0.0,"max_hp_gain":0.0,"max_hp_loss":0.0,"gold_gain":0.0,"event_name":"Back to Basics","player_choice":"Elegance","floor":22.0,"gold_loss":0.0,"damage_taken":0.0},{"cards_removed":["Strike_R"],"damage_healed":0.0,"max_hp_gain":0.0,"max_hp_loss":0.0,"gold_gain":0.0,"event_name":"Beggar","player_choice":"Gave Gold","floor":25.0,"gold_loss":75.0,"damage_taken":0.0},{"damage_healed":0.0,"max_hp_gain":0.0,"max_hp_loss":0.0,"gold_gain":0.0,"event_name":"Ghosts","player_choice":"Ignored","floor":28.0,"gold_loss":0.0,"damage_taken":0.0},{"damage_healed":0.0,"max_hp_gain":0.0,"max_hp_loss":0.0,"gold_gain":0.0,"event_name":"Forgotten Altar","player_choice":"Gave Idol","floor":30.0,"relics_lost":["Golden Idol"],"gold_loss":0.0,"damage_taken":0.0,"relics_obtained":["Bloody Idol"]},{"damage_healed":0.0,"max_hp_gain":0.0,"max_hp_loss":0.0,"gold_gain":0.0,"event_name":"Mysterious Sphere","player_choice":"Fight","floor":36.0,"gold_loss":0.0,"damage_taken":0.0},{"cards_removed":["Bash"],"damage_healed":0.0,"max_hp_gain":0.0,"max_hp_loss":0.0,"gold_gain":0.0,"event_name":"Purifier","player_choice":"Purged","floor":37.0,"gold_loss":0.0,"damage_taken":0.0},{"damage_healed":0.0,"max_hp_gain":0.0,"max_hp_loss":0.0,"gold_gain":999.0,"event_name":"MindBloom","player_choice":"Gold","floor":38.0,"gold_loss":0.0,"damage_taken":0.0,"cards_obtained":["Normality","Normality"]},{"damage_healed":0.0,"max_hp_gain":0.0,"max_hp_loss":0.0,"gold_gain":0.0,"event_name":"WeMeetAgain","player_choice":"Paid Gold","floor":41.0,"gold_loss":87.0,"damage_taken":0.0,"relics_obtained":["Champion Belt"]},{"damage_healed":0.0,"max_hp_gain":0.0,"max_hp_loss":0.0,"gold_gain":0.0,"event_name":"SensoryStone","player_choice":"Memory 1","floor":42.0,"gold_loss":0.0,"damage_taken":0.0},{"cards_removed":["Inflame"],"damage_healed":0.0,"max_hp_gain":0.0,"max_hp_loss":0.0,"gold_gain":0.0,"event_name":"Falling","player_choice":"Removed Power","floor":44.0,"gold_loss":0.0,"damage_taken":0.0}],"is_beta":false,"boss_relics":[{"not_picked":["Snecko Eye","Coffee Dripper"],"picked":"Empty Cage"},{"not_picked":["Runic Cube","Velvet Choker"],"picked":"Black Blood"}],"items_purged_floors":[29,46],"is_endless":false,"potions_floor_spawned":[1,12,16,23,35,40],"ascension_level":0}}