{"host":"og21o26alpnbwmz8","time":1613407411,"event":{"mods":["Act Like it!","Aspiration","BaseMod","Conspire","Downfall","Gensokyo","Halation","Hubris","Jedi Mod","Mimic Mod","Minty Spire (QoL Compilation)","Pale of the Ancients","Reliquary","Replay The Spire","Shop Mod","Spikes Relics","StSLib","The Alterego","The Blue Laboratory","The Poker Player","The Problem Sleuth","Waifu the Spire","Yuri Mod"],"gold_per_floor":[116,130,244,244,244,244,244,261,261,261,289,305,380,60,60,156,156,171,271,271,286,69,69,87,87,87,87,116,116,116,130,130,226,226,245,245,245,245,257,257,167,167,190,190,190,207,239,252,252,252,252,252],"floor_reached":50,"language":"ENG","playtime":1731,"items_purged":["theSleuth:Strike"],"score":584,"play_id":"f2cda176-0a24-4a80-8db0-cb47f937ccad","local_time":"20210215114331","is_ascension_mode":false,"campfire_choices":[{"data":"Glass Knife","floor":6,"key":"SMITH"},{"data":"theSleuth:BenStillerBust","floor":10,"key":"SMITH"},{"data":"theSleuth:Diplomacy","floor":15,"key":"SMITH"},{"data":"theSleuth:WeirdPuzzleShit","floor":23,"key":"SMITH"},{"data":"theSleuth:BrassTacks","floor":25,"key":"SMITH"},{"data":"theSleuth:ThrowHat","floor":27,"key":"SMITH"},{"floor":29,"key":"RECALL"},{"data":"Endless Agony","floor":32,"key":"SMITH"},{"data":"theSleuth:TakeInventory","floor":40,"key":"SMITH"},{"data":"theSleuth:KeyHandgun","floor":42,"key":"SMITH"},{"data":"theSleuth:TakeInventory","floor":44,"key":"SMITH"},{"data":"theSleuth:Defend","floor":49,"key":"SMITH"}],"circlet_count":0,"master_deck":["theSleuth:Defend","theSleuth:Defend+1","theSleuth:KeyHandgun+1","theSleuth:TakeInventory+1","theSleuth:Diplomacy+1","theSleuth:CharismaBlast+1","theSleuth:BenStillerBust+1","theSleuth:Unscale","Endless Agony+1","Glass Knife+1","theSleuth:WeirdPuzzleShit+1","theSleuth:BrassTacks+1","theSleuth:ThrowHat+1","theSleuth:TakeInventory+1","theSleuth:TakeInventory","theSleuth:CandyCornVampire","theSleuth:WilsonBust+1"],"relics":["theSleuth:Typewriter","NeowsBlessing","RoseTintedShades","Iron Hammer","ReplayTheSpireMod:Shallot","reliquary:KinkedSpring","jedi:shrinkray","reliquary:Aerogel","reliquary:PrincelyHelmet","yuri:PortableGlitches","halation:Prosthetics","Replay:Bottled Flurry"],"acts_visited":["Exordium","TheCity","TheBeyond"],"potions_floor_usage":[16,28],"damage_taken":[{"damage":0,"enemies":"Small Slimes","floor":1,"turns":1},{"damage":0,"enemies":"Jaw Worm","floor":2,"turns":1},{"damage":0,"enemies":"Cultist","floor":8,"turns":2},{"damage":0,"enemies":"Replay:BlueRogue","floor":11,"turns":4},{"damage":0,"enemies":"Blue Slaver","floor":12,"turns":2},{"damage":0,"enemies":"Slime Boss","floor":16,"turns":11},{"damage":0,"enemies":"Shell Parasite","floor":18,"turns":4},{"damage":0,"enemies":"conspire:FuzzyDice","floor":21,"turns":5},{"damage":0,"enemies":"Snecko","floor":24,"turns":4},{"damage":18,"enemies":"Slavers","floor":28,"turns":3},{"damage":0,"enemies":"Cultist and Chosen","floor":31,"turns":3},{"damage":50,"enemies":"Champ","floor":33,"turns":12},{"damage":0,"enemies":"Orb Walker","floor":35,"turns":2},{"damage":0,"enemies":"3 Darklings","floor":39,"turns":2},{"damage":0,"enemies":"Jaw Worm Horde","floor":46,"turns":3},{"damage":0,"enemies":"Nemesis","floor":47,"turns":3},{"damage":6,"enemies":"Sphere and 2 Shapes","floor":48,"turns":4},{"damage":34,"enemies":"conspire:OrnateMirror","floor":50,"turns":4}],"seed_played":"-422622271729615520","potions_obtained":[{"floor":2,"key":"Cursed Concoction"},{"floor":7,"key":"blueLaboratory:FrostheartPotion"},{"floor":7,"key":"Toxic Potion"},{"floor":11,"key":"Adrenaline Potion"},{"floor":16,"key":"ColorlessPotion"},{"floor":24,"key":"Elixir"},{"floor":28,"key":"jedi:StrikingPotion"}],"is_trial":false,"path_per_floor":["M","M","?","?","?","R","?","M","T","R","E","M","?","$","R","B",null,"M","?","?","M","$","R","M","R","T","R","E","R","?","M","R","B",null,"M","?","?","?","M","R","?","R","T","R","?","M","E","M","R","B"],"character_chosen":"THE_sleuth","items_purchased":["ReplayTheSpireMod:Shallot","reliquary:Aerogel","theSleuth:FudgeDeck"],"campfire_rested":0,"item_purchase_floors":[14,22,22],"current_hp_per_floor":[73,73,73,73,73,73,73,73,73,73,73,73,66,66,66,66,73,73,73,73,73,73,73,73,73,73,73,55,55,73,73,73,23,38,38,38,38,38,38,38,38,38,38,38,38,38,38,32,32,0,0,0],"gold":252,"neow_bonus":"THREE_ENEMY_KILL","is_daily":false,"chose_seed":false,"campfire_upgraded":11,"win_rate":0.0,"timestamp":1613407411,"path_taken":["M","M","?","?","?","R","?","M","T","R","E","M","?","$","R","BOSS","M","?","?","M","$","R","M","R","T","R","E","R","?","M","R","BOSS","M","?","?","?","M","R","?","R","T","R","?","M","E","M","R","BOSS"],"items_purchased_type":["Relic","Relic","Card"],"build_version":"2020-12-22","purchased_purges":1,"victory":false,"max_hp_per_floor":[73,73,73,73,73,73,73,73,73,73,73,73,73,73,73,73,73,73,73,73,73,73,73,73,73,73,73,73,73,73,73,73,73,38,38,38,38,38,38,38,38,38,38,38,38,38,38,38,38,38,38,38],"card_choices":[{"not_picked":["theSleuth:BenStillerBust","theSleuth:Ogle"],"picked":"theSleuth:CharismaBlast","floor":1},{"not_picked":["theSleuth:Taze","theSleuth:Ogle","theSleuth:BellyOTheWhale"],"picked":"SKIP","floor":2},{"not_picked":["theSleuth:KingpinBust","theSleuth:Taze"],"picked":"theSleuth:BenStillerBust","floor":3},{"not_picked":["theSleuth:FoolPlate","theSleuth:KingpinBust"],"picked":"theSleuth:Unscale","floor":3},{"not_picked":["theSleuth:FoolPlate","theSleuth:TruffleTrouble","theSleuth:VictoryPose"],"picked":"SKIP","floor":8},{"not_picked":["theSleuth:HeartStab","theSleuth:Embarrass"],"picked":"theSleuth:WeirdPuzzleShit","floor":11},{"not_picked":["theSleuth:FlaskOfWhiskey","theSleuth:Fortify","theSleuth:Pepperminthryl"],"picked":"SKIP","floor":12},{"not_picked":["theSleuth:TheZillyhammer","theSleuth:CandidBullets"],"picked":"theSleuth:BrassTacks","floor":16},{"not_picked":["theSleuth:BiteHardly","theSleuth:Tootshotgun"],"picked":"theSleuth:ThrowHat","floor":18},{"not_picked":["theSleuth:Leer+1","theSleuth:TripleScuffle+1","theSleuth:WeighIn"],"picked":"SKIP","floor":21},{"not_picked":["theSleuth:WilsonBust","theSleuth:PezUzi+1","theSleuth:BellyOTheWhale"],"picked":"SKIP","floor":24},{"not_picked":["theSleuth:ThinkAhead","theSleuth:CandyCorn","theSleuth:Pepperminthryl+1"],"picked":"SKIP","floor":28},{"not_picked":["theSleuth:HeartStab+1","theSleuth:CandyMech","theSleuth:Fortify"],"picked":"SKIP","floor":31},{"not_picked":["theSleuth:CharismaBlast","theSleuth:Fortify+1","theSleuth:ThinkAhead+1"],"picked":"SKIP","floor":35},{"not_picked":["theSleuth:Pepperminthryl","theSleuth:CandyLeather+1","theSleuth:VictoryPose"],"picked":"SKIP","floor":39},{"not_picked":["theSleuth:CandyCorn+1","theSleuth:TruffleTrouble+1","theSleuth:CandyLeather"],"picked":"SKIP","floor":46},{"not_picked":["theSleuth:TorsoFlail+1","theSleuth:CandyCane","theSleuth:Tootshotgun"],"picked":"SKIP","floor":47},{"not_picked":["theSleuth:TruffleShuffle","theSleuth:BenStillerBust"],"picked":"theSleuth:WilsonBust+1","floor":48}],"player_experience":266884,"relics_obtained":[{"floor":9,"key":"RoseTintedShades"},{"floor":11,"key":"Iron Hammer"},{"floor":26,"key":"reliquary:PrincelyHelmet"},{"floor":28,"key":"yuri:PortableGlitches"},{"floor":47,"key":"Replay:Bottled Flurry"}],"event_choices":[{"damage_healed":0,"gold_gain":0,"player_choice":"0 cards matched","damage_taken":0,"max_hp_gain":0,"max_hp_loss":0,"event_name":"Match and Keep!","floor":5,"gold_loss":0,"cards_obtained":[]},{"damage_healed":0,"gold_gain":0,"player_choice":"Got Potions","damage_taken":0,"max_hp_gain":0,"max_hp_loss":0,"event_name":"Lab","floor":7,"gold_loss":0},{"damage_healed":0,"gold_gain":75,"player_choice":"Touch","damage_taken":7,"max_hp_gain":0,"max_hp_loss":0,"event_name":"FaceTrader","floor":13,"gold_loss":0},{"damage_healed":0,"gold_gain":100,"player_choice":"Pray","damage_taken":0,"max_hp_gain":0,"max_hp_loss":0,"event_name":"Golden Shrine","floor":19,"gold_loss":0},{"damage_healed":0,"gold_gain":0,"player_choice":"Gave Potion","damage_taken":0,"relics_obtained":["jedi:shrinkray"],"max_hp_gain":0,"max_hp_loss":0,"event_name":"WeMeetAgain","floor":20,"gold_loss":0},{"cards_removed":["theSleuth:FudgeDeck"],"damage_healed":18,"gold_gain":0,"player_choice":"Offered Uncommon","damage_taken":0,"max_hp_gain":0,"max_hp_loss":0,"event_name":"Bonfire Elementals","floor":30,"gold_loss":0},{"damage_healed":0,"gold_gain":0,"player_choice":"1 cards matched","damage_taken":0,"max_hp_gain":0,"max_hp_loss":0,"event_name":"Match and Keep!","floor":37,"gold_loss":0,"cards_obtained":["theSleuth:TakeInventory"]},{"damage_healed":0,"gold_gain":0,"player_choice":"Copied","damage_taken":0,"max_hp_gain":0,"max_hp_loss":0,"event_name":"Duplicator","floor":38,"gold_loss":0,"cards_obtained":["theSleuth:TakeInventory"]},{"cards_removed":["Slice"],"damage_healed":0,"gold_gain":0,"player_choice":"Upgrade and Remove","damage_taken":0,"max_hp_gain":0,"max_hp_loss":0,"event_name":"Designer","floor":41,"gold_loss":90,"cards_upgraded":["theSleuth:CharismaBlast"]},{"damage_healed":0,"gold_gain":0,"cards_transformed":["theSleuth:Defend"],"player_choice":"Transformed","damage_taken":0,"max_hp_gain":0,"max_hp_loss":0,"event_name":"Transmorgrifier","floor":45,"gold_loss":0,"cards_obtained":["theSleuth:CandyCornVampire"]}],"is_beta":false,"boss_relics":[{"not_picked":["halation:HeavySnake","conspire:SpecialSausage"],"picked":"reliquary:KinkedSpring"},{"not_picked":["halation:PinkAlligatorPlush","reliquary:Ember"],"picked":"halation:Prosthetics"}],"items_purged_floors":[14],"is_endless":false,"potions_floor_spawned":[2,8,11,16,24,28,46,47],"killed_by":"conspire:OrnateMirror","ascension_level":0}}