{"host":"51f0ad793vly1w6u","time":1613382053,"event":{"mods":["BaseMod","Colored Map","DeckTracker","Minty Spire (QoL Compilation)","StSLib","SuperFastMode"],"gold_per_floor":[118,138,152,6,19,19,35,35,58,58,71,104,104,122,122,226,226,244,257,30,40,40,40,40,54,54,54,54,54,70,70,70,174,174,185,165,177,127,127,127,142,152,178,178,190,0,0,15,15,15],"floor_reached":51,"language":"KOR","playtime":1116,"items_purged":["Strike_B+1","Defend_B"],"score":896,"play_id":"023685db-8fd7-42df-a6fb-b20deefedf36","local_time":"20210215184053","is_ascension_mode":true,"campfire_choices":[{"floor":6,"key":"DIG"},{"floor":8,"key":"DIG"},{"floor":10,"key":"REST"},{"floor":15,"key":"DIG"},{"floor":23,"key":"DIG"},{"floor":27,"key":"REST"},{"floor":32,"key":"DIG"},{"data":"Enlightenment","floor":40,"key":"SMITH"},{"floor":44,"key":"REST"},{"floor":47,"key":"DIG"},{"floor":49,"key":"DIG"}],"circlet_count":0,"master_deck":["Defend_B","Defend_B+1","Dualcast","Streamline+1","Coolheaded","Glacier+1","BootSequence","Electrodynamics","Barrage","Electrodynamics","Reboot+1","Rainbow+1","Capacitor","Sweeping Beam+1","Melter","Rainbow","Leap+1","White Noise","Creative AI","Ball Lightning+1","Redo+1","Panacea","Enlightenment+1","Discovery","Glacier","Clumsy","Parasite","Coolheaded+1"],"relics":["Cracked Core","Shovel","Runic Capacitor","Whetstone","DataDisk","Ancient Tea Set","Question Card","TungstenRod","Astrolabe","Regal Pillow","Matryoshka","War Paint","Smiling Mask","StrikeDummy","Dead Branch","Bottled Flame","Cursed Key","Dream Catcher","Red Mask","Nunchaku","Ornamental Fan"],"acts_visited":["Exordium","TheCity","TheBeyond"],"potions_floor_usage":[16,19,26,33,50,50,50],"damage_taken":[{"damage":0,"enemies":"Small Slimes","floor":1,"turns":2},{"damage":3,"enemies":"2 Louse","floor":2,"turns":2},{"damage":2,"enemies":"Jaw Worm","floor":3,"turns":3},{"damage":19,"enemies":"Lots of Slimes","floor":5,"turns":6},{"damage":0,"enemies":"3 Louse","floor":7,"turns":3},{"damage":0,"enemies":"Looter","floor":11,"turns":2},{"damage":14,"enemies":"Gremlin Nob","floor":12,"turns":4},{"damage":0,"enemies":"Large Slime","floor":14,"turns":5},{"damage":0,"enemies":"Slime Boss","floor":16,"turns":5},{"damage":20,"enemies":"2 Thieves","floor":18,"turns":3},{"damage":3,"enemies":"3 Byrds","floor":19,"turns":3},{"damage":4,"enemies":"Centurion and Healer","floor":21,"turns":5},{"damage":19,"enemies":"Shelled Parasite and Fungi","floor":25,"turns":5},{"damage":3,"enemies":"Cultist and Chosen","floor":30,"turns":3},{"damage":42,"enemies":"Collector","floor":33,"turns":6},{"damage":12,"enemies":"3 Darklings","floor":35,"turns":6},{"damage":0,"enemies":"3 Shapes","floor":37,"turns":3},{"damage":8,"enemies":"Transient","floor":41,"turns":5},{"damage":0,"enemies":"Maw","floor":42,"turns":7},{"damage":13,"enemies":"Writhing Mass","floor":45,"turns":6},{"damage":4,"enemies":"Transient","floor":48,"turns":5},{"damage":9,"enemies":"Time Eater","floor":50,"turns":9}],"seed_played":"-1554594759347321049","potions_obtained":[{"floor":3,"key":"SpeedPotion"},{"floor":5,"key":"Explosive Potion"},{"floor":16,"key":"LiquidBronze"},{"floor":19,"key":"Fruit Juice"},{"floor":25,"key":"EssenceOfDarkness"},{"floor":35,"key":"PowerPotion"},{"floor":36,"key":"FocusPotion"},{"floor":48,"key":"Weak Potion"}],"is_trial":false,"path_per_floor":["M","M","M","$","M","R","M","R","T","R","M","E","?","M","R","B",null,"M","M","$","M","?","R","?","M","T","R","?","?","M","T","R","B",null,"M","?","M","$","?","R","M","M","T","R","M","?","R","M","R","B",null],"character_chosen":"DEFECT","items_purchased":["Runic Capacitor","Regal Pillow"],"campfire_rested":3,"item_purchase_floors":[4,20],"current_hp_per_floor":[50,47,45,45,26,26,26,26,26,48,48,34,27,27,27,27,63,43,40,40,36,36,36,36,17,22,61,61,61,58,58,58,16,64,52,52,52,52,43,43,35,35,35,74,61,61,61,57,57,48],"gold":15,"neow_bonus":"ONE_RARE_RELIC","is_daily":false,"chose_seed":false,"campfire_upgraded":1,"win_rate":0.0,"timestamp":1613382053,"path_taken":["M","M","M","$","M","R","M","R","T","R","M","E","?","M","R","BOSS","M","M","$","M","?","R","?","M","T","R","?","?","M","?","R","BOSS","M","?","?","$","?","R","M","M","T","R","M","?","R","M","R","BOSS"],"items_purchased_type":["Relic","Relic"],"build_version":"2020-12-22","purchased_purges":2,"victory":true,"max_hp_per_floor":[75,75,75,75,75,75,75,75,75,75,75,75,75,75,75,75,75,75,75,75,75,75,75,75,75,80,80,80,80,80,80,80,80,80,80,80,80,80,80,80,80,80,80,80,80,80,80,80,80,80],"card_choices":[{"not_picked":["Leap","Reinforced Body"],"picked":"Streamline","floor":1},{"not_picked":["Redo","Tempest"],"picked":"Coolheaded","floor":2},{"not_picked":["Streamline","Compile Driver"],"picked":"Glacier","floor":3},{"not_picked":["Auto Shields","Loop","Recycle"],"picked":"SKIP","floor":5},{"not_picked":["Turbo","Compile Driver"],"picked":"BootSequence","floor":7},{"not_picked":["Hello World","Blizzard"],"picked":"Electrodynamics","floor":11},{"not_picked":["Auto Shields","Gash","Hologram"],"picked":"SKIP","floor":12},{"not_picked":["Loop","Hello World","Cold Snap"],"picked":"Barrage","floor":14},{"not_picked":["All For One","Amplify","Fission"],"picked":"Electrodynamics","floor":16},{"not_picked":["Lockon","Rebound","Doom and Gloom","Conserve Battery"],"picked":"SKIP","floor":18},{"not_picked":["Lockon","Rebound","Doom and Gloom","Conserve Battery"],"picked":"SKIP","floor":18},{"not_picked":["Fusion+1","Genetic Algorithm+1","Rebound+1"],"picked":"Capacitor","floor":19},{"not_picked":["Compile Driver","Steam","Sunder"],"picked":"Sweeping Beam+1","floor":21},{"not_picked":["Fusion","Recycle","Auto Shields"],"picked":"Leap+1","floor":25},{"not_picked":["Darkness","Streamline","Cold Snap"],"picked":"White Noise","floor":30},{"not_picked":["Machine Learning","Reboot","Rainbow"],"picked":"Creative AI","floor":33},{"not_picked":["Cold Snap+1","Streamline+1","Stack"],"picked":"Ball Lightning+1","floor":35},{"not_picked":["Double Energy","Aggregate","Ball Lightning"],"picked":"Redo+1","floor":37},{"not_picked":["Deep Breath","Secret Weapon","Dramatic Entrance"],"picked":"Panacea","floor":39},{"not_picked":["Forethought","Impatience","Mayhem"],"picked":"Enlightenment","floor":39},{"not_picked":["Dark Shackles","Swift Strike","Finesse"],"picked":"Discovery","floor":39},{"not_picked":["Doom and Gloom","Stack+1","Hologram+1"],"picked":"Glacier","floor":41},{"not_picked":["Sweeping Beam+1","Redo+1","Go for the Eyes+1","Loop+1"],"picked":"SKIP","floor":42},{"not_picked":["Steam Power","Go for the Eyes+1","Loop+1","Stack"],"picked":"SKIP","floor":45},{"not_picked":["Melter+1","Go for the Eyes+1","Conserve Battery"],"picked":"Coolheaded+1","floor":48}],"player_experience":1461367,"relics_obtained":[{"floor":6,"key":"Whetstone"},{"floor":8,"key":"DataDisk"},{"floor":9,"key":"Ancient Tea Set"},{"floor":12,"key":"Question Card"},{"floor":15,"key":"TungstenRod"},{"floor":23,"key":"Matryoshka"},{"floor":26,"key":"War Paint"},{"floor":26,"key":"Smiling Mask"},{"floor":31,"key":"StrikeDummy"},{"floor":31,"key":"Dead Branch"},{"floor":32,"key":"Bottled Flame"},{"floor":43,"key":"Dream Catcher"},{"floor":47,"key":"Nunchaku"},{"floor":49,"key":"Ornamental Fan"}],"event_choices":[{"cards_removed":["Strike_B"],"damage_healed":0,"gold_gain":0,"player_choice":"Card Removal","damage_taken":7,"max_hp_gain":0,"max_hp_loss":0,"event_name":"Golden Wing","floor":13,"gold_loss":0},{"damage_healed":0,"gold_gain":0,"cards_transformed":["Zap","Rip and Tear"],"player_choice":"Became Test Subject","damage_taken":0,"max_hp_gain":0,"max_hp_loss":0,"event_name":"Drug Dealer","floor":22,"gold_loss":0,"cards_obtained":["Melter","Rainbow"]},{"damage_healed":0,"gold_gain":0,"player_choice":"Ignored","damage_taken":0,"max_hp_gain":0,"max_hp_loss":0,"event_name":"Ghosts","floor":24,"gold_loss":0},{"damage_healed":0,"gold_gain":0,"player_choice":"Ignored","damage_taken":0,"max_hp_gain":0,"max_hp_loss":0,"event_name":"Cursed Tome","floor":28,"gold_loss":0},{"damage_healed":0,"gold_gain":0,"player_choice":"Bought 1 Potion","damage_taken":0,"max_hp_gain":0,"max_hp_loss":0,"event_name":"The Woman in Blue","floor":36,"gold_loss":0},{"damage_healed":0,"gold_gain":0,"player_choice":"Memory 3","damage_taken":10,"max_hp_gain":0,"max_hp_loss":0,"event_name":"SensoryStone","floor":39,"gold_loss":0},{"damage_healed":0,"gold_gain":0,"player_choice":"Paid","damage_taken":0,"relics_obtained":["Red Mask"],"max_hp_gain":0,"max_hp_loss":0,"event_name":"Tomb of Lord Red Mask","floor":46,"gold_loss":190}],"is_beta":false,"boss_relics":[{"not_picked":["Pandora\u0027s Box","Nuclear Battery"],"picked":"Astrolabe"},{"not_picked":["Snecko Eye","FrozenCore"],"picked":"Cursed Key"}],"items_purged_floors":[20,38],"is_endless":false,"potions_floor_spawned":[3,5,16,19,25,35,41,48],"ascension_level":6}}