{"host":"8u1cu4kisw6g21am","time":1613349132,"event":{"mods":["AchievementEnabler","BaseMod","Bestiary","Better Note","BetterRewards","Marked Mod","Mimic Mod","Minty Spire (QoL Compilation)","Quick Restart","Shop Mod","Spicy Shops","StSLib"],"gold_per_floor":[116,131,131,148,167,167,194,194,231,231,246,275,292,319,319,418,418,433,184,194,194,212,212,238,238,273,299,224,257,310,310,310,415,415,435,435,455,455,466,466,478,328,366,379,409,71,71,100,100,100,100,100,22,55,55],"floor_reached":56,"language":"ENG","playtime":5702,"items_purged":["Bash","Defend_R","Strike_R","Strike_R","Strike_R","Strike_R","Strike_R","Shame","Defend_R","Juggernaut+1","Flame Barrier+1","Iron Wave"],"score":2166,"play_id":"e8f6a1a4-bafe-4816-b073-667bc3eb90bc","local_time":"20210214193212","is_ascension_mode":true,"campfire_choices":[{"data":"Barricade","floor":6.0,"key":"SMITH"},{"data":"Body Slam","floor":8.0,"key":"SMITH"},{"data":"Body Slam","floor":10.0,"key":"SMITH"},{"data":"Body Slam","floor":15,"key":"SMITH"},{"floor":23,"key":"RECALL"},{"data":"True Grit+1","floor":25,"key":"PURGE"},{"data":"Iron Wave","floor":32,"key":"SMITH"},{"data":"Feel No Pain+1","floor":40,"key":"PURGE"},{"data":"Iron Wave","floor":47,"key":"PURGE"},{"data":"Iron Wave+1","floor":49,"key":"PURGE"},{"floor":52,"key":"REST"}],"circlet_count":0,"master_deck":["Entrench+1","Shrug It Off+1","Entrench+1","Impervious+1","Barricade+1","Body Slam+1","Shrug It Off+1","Shrug It Off+1","Body Slam+1","Shrug It Off+1","Body Slam+1","Body Slam+1","Body Slam+1","Entrench+1"],"relics":["MerchantsRug","Toxic Egg 2","Singing Bowl","Thread and Needle","Turnip","PreservedInsect","Question Card","Membership Card","MealTicket","Kunai","CaptainsWheel","Frozen Egg 2","HornCleat","Oddly Smooth Stone","Gambling Chip","Lizard Tail","Blood Vial","Ancient Tea Set","SlaversCollar","Peace Pipe","Bottled Flame","Medical Kit","Dream Catcher","Pantograph","Bag of Preparation","MutagenicStrength","Busted Crown","Mercury Hourglass","Calipers","Ornamental Fan","Bronze Scales","Lantern"],"acts_visited":["Exordium","TheCity","TheBeyond","TheEnding"],"potions_floor_usage":[13,16,41,55],"damage_taken":[{"damage":0.0,"enemies":"Jaw Worm","floor":1.0,"turns":1.0},{"damage":0.0,"enemies":"Cultist","floor":2.0,"turns":1.0},{"damage":0.0,"enemies":"2 Louse","floor":4.0,"turns":4.0},{"damage":0.0,"enemies":"Blue Slaver","floor":5.0,"turns":2.0},{"damage":0.0,"enemies":"Gremlin Nob","floor":7.0,"turns":3.0},{"damage":0.0,"enemies":"Exordium Wildlife","floor":9.0,"turns":4.0},{"damage":0.0,"enemies":"Exordium Wildlife","floor":11.0,"turns":3.0},{"damage":0.0,"enemies":"3 Sentries","floor":12.0,"turns":5.0},{"damage":0,"enemies":"3 Louse","floor":13,"turns":2},{"damage":0,"enemies":"Lagavulin","floor":14,"turns":3},{"damage":0,"enemies":"The Guardian","floor":16,"turns":1},{"damage":0,"enemies":"2 Thieves","floor":18,"turns":1},{"damage":0,"enemies":"Shell Parasite","floor":20,"turns":1},{"damage":0,"enemies":"Snecko","floor":22,"turns":1},{"damage":0,"enemies":"Slavers","floor":24,"turns":2},{"damage":0,"enemies":"Shelled Parasite and Fungi","floor":26,"turns":2},{"damage":0,"enemies":"Gremlin Leader","floor":27,"turns":2},{"damage":0,"enemies":"Book of Stabbing","floor":29,"turns":1},{"damage":0,"enemies":"Automaton","floor":33,"turns":3},{"damage":0,"enemies":"3 Shapes","floor":35,"turns":1},{"damage":0,"enemies":"Orb Walker","floor":37,"turns":1},{"damage":0,"enemies":"3 Darklings","floor":39,"turns":1},{"damage":0,"enemies":"4 Shapes","floor":41,"turns":1},{"damage":0,"enemies":"Jaw Worm Horde","floor":43,"turns":2},{"damage":0,"enemies":"Jaw Worm Horde","floor":44,"turns":2},{"damage":0,"enemies":"Giant Head","floor":45,"turns":1},{"damage":0,"enemies":"Reptomancer","floor":48,"turns":1},{"damage":0,"enemies":"Awakened One","floor":50,"turns":2},{"damage":0,"enemies":"Shield and Spear","floor":54,"turns":1},{"damage":0,"enemies":"The Heart","floor":55,"turns":4}],"seed_played":"-2715338515165801858","potions_obtained":[{"floor":1.0,"key":"Fire Potion"},{"floor":4.0,"key":"Energy Potion"},{"floor":11.0,"key":"LiquidMemories"},{"floor":12.0,"key":"PowerPotion"},{"floor":13,"key":"GamblersBrew"},{"floor":18,"key":"Fire Potion"},{"floor":22,"key":"LiquidMemories"},{"floor":41,"key":"Swift Potion"}],"is_trial":false,"path_per_floor":["M","M","?","M","M","R","E","R","MIM","R","M","E","M","E","R","B",null,"M","$","M","?","M","R","E","R","MIM","E","?","E","$","?","R","B",null,"M","?","M","?","M","R","M","$","MIM","M","E","$","R","E","R","B",null,"R","$","E","B",null],"character_chosen":"IRONCLAD","items_purchased":["MerchantsRug","Toxic Egg 2","Singing Bowl","Strange Spoon","Iron Wave","Entrench+1","Ancient Potion","Turnip","SkillPotion","Flame Barrier+1","PreservedInsect","Question Card","True Grit+1","Membership Card","MealTicket","Kunai","Pear","Shrug It Off+1","DollysMirror","Ancient Potion","Strawberry","Impervious+1","Potion Belt","HeartOfIron","Barricade","Iron Wave","Frozen Egg 2","HornCleat","Feel No Pain+1","Body Slam","Oddly Smooth Stone","Lee\u0027s Waffle","Gambling Chip","Blood Vial","Shrug It Off+1","Iron Wave","Peace Pipe","Bottled Flame","Medical Kit","Bronze Scales"],"campfire_rested":1,"item_purchase_floors":[0,0,0,0,0,0,0,0,0,0,0,0,0,0,0,0,0,0,0,0,0,0,0,0,0,0,0,0,0,0,0,0,0,0,0,0,19,19,19,53],"current_hp_per_floor":[120,120,120,122,124,124,124,124,124,124,126,128,128,128,128,130,130,132,132,132,132,134,134,136,136,138,140,140,142,142,142,142,144,144,144,144,146,146,148,148,150,150,152,154,156,156,156,158,158,158,158,160,160,162,162],"gold":55,"neow_bonus":"","is_daily":false,"chose_seed":false,"campfire_upgraded":5,"win_rate":0.0,"timestamp":1613349132,"path_taken":["M","M","?","?","M","R","E","R","MIM","R","M","E","M","E","R","BOSS","M","$","M","?","M","R","E","R","MIM","E","?","E","$","?","R","BOSS","M","?","?","?","M","R","M","$","MIM","M","E","$","R","E","R","BOSS","R","$","E","BOSS"],"items_purchased_type":["Relic","Relic","Relic","Relic","Card","Card","Potion","Relic","Potion","Card","Relic","Relic","Card","Relic","Relic","Relic","Relic","Card","Relic","Potion","Relic","Card","Relic","Potion","Card","Card","Relic","Relic","Card","Card","Relic","Relic","Relic","Relic","Card","Card","Relic","Relic","Relic","Relic"],"build_version":"2020-12-22","purchased_purges":12,"victory":true,"max_hp_per_floor":[120,120,120,122,124,124,124,124,124,124,126,128,128,128,128,130,130,132,132,132,132,134,134,136,136,138,140,140,142,142,142,142,144,144,144,144,146,146,148,148,150,150,152,154,156,156,156,158,158,158,158,160,160,162,162],"card_choices":[{"not_picked":["Havoc+1","Twin Strike","Clothesline","Power Through+1"],"picked":"Singing Bowl","floor":1.0},{"not_picked":["Infernal Blade+1","Armaments+1","Intimidate+1"],"picked":"Shrug It Off+1","floor":2.0},{"not_picked":["Perfected Strike","Anger","Warcry+1","Rampage"],"picked":"Singing Bowl","floor":4.0},{"not_picked":["Burning Pact+1","Shockwave+1","Sword Boomerang","Perfected Strike"],"picked":"Singing Bowl","floor":5.0},{"not_picked":["Exhume+1","Clash","Pommel Strike"],"picked":"Juggernaut+1","floor":7.0},{"not_picked":["Rage+1","Heavy Blade","Thunderclap"],"picked":"Body Slam","floor":9.0},{"not_picked":["Sword Boomerang","Pommel Strike","Anger","Blood for Blood"],"picked":"Singing Bowl","floor":11.0},{"not_picked":["Blood for Blood","Armaments+1","Pommel Strike","Burning Pact+1"],"picked":"Singing Bowl","floor":12.0},{"not_picked":["Wild Strike","Warcry+1","Perfected Strike"],"picked":"Shrug It Off+1","floor":13},{"not_picked":["Limit Break+1","Perfected Strike","Rupture+1"],"picked":"Body Slam","floor":14},{"not_picked":["Bludgeon","Impervious+1","Limit Break+1","Feed"],"picked":"Singing Bowl","floor":16},{"not_picked":["True Grit+1","Anger+1","Sentinel+1","Clash"],"picked":"Singing Bowl","floor":18},{"not_picked":["Cleave","Second Wind+1","Perfected Strike+1"],"picked":"Body Slam+1","floor":20},{"not_picked":["Flex+1","Shrug It Off+1","Clothesline","True Grit+1"],"picked":"Singing Bowl","floor":22},{"not_picked":["Bludgeon","Flex+1","Clash","Rampage+1"],"picked":"Singing Bowl","floor":24},{"not_picked":["Warcry+1","Clothesline+1","Clash","Flex+1"],"picked":"Singing Bowl","floor":26},{"not_picked":["Shockwave+1","Dual Wield+1","Reckless Charge","Headbutt"],"picked":"Singing Bowl","floor":27},{"not_picked":["Juggernaut+1","Evolve+1","Havoc+1","Perfected Strike"],"picked":"Singing Bowl","floor":29},{"not_picked":["Fiend Fire","Corruption+1","Immolate","Feed"],"picked":"Singing Bowl","floor":33},{"not_picked":["Havoc+1"],"picked":"Body Slam","floor":35},{"not_picked":["Warcry+1","Thunderclap+1"],"picked":"Singing Bowl","floor":37},{"not_picked":["Twin Strike","Sword Boomerang+1"],"picked":"Singing Bowl","floor":39},{"not_picked":["Warcry+1","Havoc+1"],"picked":"Singing Bowl","floor":41},{"not_picked":["Infernal Blade+1","Pommel Strike"],"picked":"Singing Bowl","floor":43},{"not_picked":["Uppercut","Reckless Charge+1"],"picked":"Singing Bowl","floor":44},{"not_picked":["Dropkick","Corruption+1"],"picked":"Singing Bowl","floor":45},{"not_picked":["Armaments+1","Feed"],"picked":"Singing Bowl","floor":48},{"not_picked":["Heavy Blade+1","Wild Strike"],"picked":"Singing Bowl","floor":52},{"not_picked":["Inflame+1","Cleave"],"picked":"Singing Bowl","floor":54}],"player_experience":267505,"relics_obtained":[{"floor":12.0,"key":"Orichalcum"},{"floor":14,"key":"Ancient Tea Set"},{"floor":24,"key":"Dream Catcher"},{"floor":26,"key":"StoneCalendar"},{"floor":27,"key":"Pantograph"},{"floor":29,"key":"Bag of Preparation"},{"floor":43,"key":"Mercury Hourglass"},{"floor":45,"key":"Calipers"},{"floor":48,"key":"Ornamental Fan"},{"floor":54,"key":"Lantern"}],"event_choices":[{"cards_removed":["Defend_R"],"damage_healed":0.0,"max_hp_gain":0.0,"max_hp_loss":0.0,"gold_gain":0.0,"event_name":"Purifier","player_choice":"Purged","floor":3.0,"gold_loss":0.0,"damage_taken":0.0},{"cards_removed":["Defend_R"],"damage_healed":0,"gold_gain":0,"player_choice":"Give","damage_taken":0,"max_hp_gain":0,"max_hp_loss":0,"event_name":"betterNote:BetterNote","floor":21,"gold_loss":0,"cards_obtained":["Strike_P"]},{"cards_removed":["Defend_R"],"damage_healed":0,"gold_gain":0,"player_choice":"Gave Gold","damage_taken":0,"max_hp_gain":0,"max_hp_loss":0,"event_name":"Beggar","floor":28,"gold_loss":75},{"damage_healed":0,"gold_gain":0,"player_choice":"Inject Mutagens","damage_taken":0,"relics_obtained":["MutagenicStrength"],"max_hp_gain":0,"max_hp_loss":0,"event_name":"Drug Dealer","floor":31,"gold_loss":0},{"damage_healed":0,"gold_gain":0,"player_choice":"Copied","damage_taken":0,"max_hp_gain":0,"max_hp_loss":0,"event_name":"Duplicator","floor":36,"gold_loss":0,"cards_obtained":["Entrench"]},{"damage_healed":0,"gold_gain":0,"player_choice":"Forge","damage_taken":0,"max_hp_gain":0,"max_hp_loss":0,"event_name":"Accursed Blacksmith","floor":38,"gold_loss":0,"cards_upgraded":["Body Slam"]}],"is_beta":false,"boss_relics":[{"not_picked":["Runic Pyramid","Snecko Eye"],"picked":"SlaversCollar"},{"not_picked":["Runic Cube","Calling Bell"],"picked":"Busted Crown"}],"items_purged_floors":[0,0,0,0,0,0,0,19,30,42,46,46],"is_endless":false,"potions_floor_spawned":[1,4,11,12,13,18,22,27,33,35,39,41,45],"ascension_level":1}}