{"host":"sav7uxregyirlf69","time":1613433181,"event":{"mods":["AchievementEnabler","BaseMod","Colored Map","DeckTracker","Keyboard Shortcuts","Minty Spire (QoL Compilation)","READ ME - Guardian Mod","StSLib","SuperFastMode"],"gold_per_floor":[211,231,231,241,30,30,48,48,48,48,66,78,78,78,78,150,150,170,182,182,182,7,38,38,51,75,31,31,31,31],"floor_reached":29,"language":"KOR","playtime":379,"items_purged":["Pain","Strike_G"],"score":566,"play_id":"47d9919e-5ef4-4b7d-b5b0-304a481c7b13","local_time":"20210216085301","is_ascension_mode":true,"campfire_choices":[{"data":"Accuracy","floor":6,"key":"SMITH"},{"data":"Accuracy","floor":15,"key":"SMITH"},{"floor":24,"key":"REST"}],"circlet_count":0,"master_deck":["AscendersBane","Strike_G","Strike_G","Strike_G","Defend_G","Defend_G","Defend_G","Defend_G","Defend_G","Survivor","Neutralize","Blade Dance","Backstab","Tactician","Accuracy+1","Blade Dance","Accuracy+1","Adrenaline","Adrenaline","Acrobatics","Terror"],"relics":["Ring of the Snake","WarpedTongs","Ninja Scroll","Omamori","Black Star","Torii","Sundial","Toy Ornithopter"],"acts_visited":["Exordium","TheCity"],"potions_floor_usage":[16,23,23],"damage_taken":[{"damage":1,"enemies":"Small Slimes","floor":1,"turns":7},{"damage":3,"enemies":"Cultist","floor":2,"turns":4},{"damage":4,"enemies":"2 Louse","floor":4,"turns":3},{"damage":0,"enemies":"Blue Slaver","floor":7,"turns":3},{"damage":6,"enemies":"2 Fungi Beasts","floor":11,"turns":3},{"damage":0,"enemies":"Looter","floor":12,"turns":1},{"damage":0,"enemies":"Hexaghost","floor":16,"turns":5},{"damage":4,"enemies":"2 Thieves","floor":18,"turns":3},{"damage":0,"enemies":"Chosen","floor":19,"turns":3},{"damage":57,"enemies":"Book of Stabbing","floor":23,"turns":7},{"damage":19,"enemies":"Centurion and Healer","floor":25,"turns":4},{"damage":23,"enemies":"Snake Plant","floor":29,"turns":2}],"seed_played":"6717936978899700710","potions_obtained":[{"floor":4,"key":"PowerPotion"},{"floor":7,"key":"Fire Potion"},{"floor":12,"key":"Block Potion"},{"floor":16,"key":"Regen Potion"}],"is_trial":false,"path_per_floor":["M","M","?","M","$","R","M","?","T","?","M","M","$","?","R","B",null,"M","M","?","?","$","E","R","M","T","$","?","M"],"character_chosen":"THE_SILENT","items_purchased":["Accuracy","Blade Dance","Adrenaline","Terror"],"campfire_rested":1,"item_purchase_floors":[5,5,22,27],"current_hp_per_floor":[58,55,55,51,51,51,51,25,25,18,12,12,12,12,12,12,53,49,49,49,49,49,7,26,7,7,7,20,0,0],"gold":31,"neow_bonus":"HUNDRED_GOLD","is_daily":false,"chose_seed":false,"campfire_upgraded":2,"win_rate":0.0,"timestamp":1613433181,"path_taken":["M","M","?","?","$","R","M","?","T","?","M","M","$","?","R","BOSS","M","M","?","?","$","E","R","M","T","?","?","M"],"items_purchased_type":["Card","Card","Card","Card"],"build_version":"2020-12-22","purchased_purges":2,"victory":false,"max_hp_per_floor":[66,66,66,66,66,66,66,66,66,66,66,66,66,66,66,66,66,66,66,66,66,66,66,66,66,66,66,66,66,66],"card_choices":[{"not_picked":["Distraction","Finisher"],"picked":"Blade Dance","floor":1},{"not_picked":["Heel Hook","Slice"],"picked":"Backstab","floor":2},{"not_picked":["Cloak And Dagger","Deadly Poison"],"picked":"Tactician","floor":4},{"not_picked":["Underhanded Strike","Dodge and Roll"],"picked":"Accuracy","floor":7},{"not_picked":["Caltrops","Dodge and Roll","Blade Dance"],"picked":"SKIP","floor":11},{"not_picked":["Quick Slash","Grand Finale","Outmaneuver"],"picked":"SKIP","floor":12},{"not_picked":["Unload","Glass Knife"],"picked":"Adrenaline","floor":16},{"not_picked":["Concentrate","Tactician","Prepared"],"picked":"SKIP","floor":18},{"not_picked":["Prepared","Predator+1","Underhanded Strike"],"picked":"SKIP","floor":19},{"not_picked":["Deadly Poison","Sucker Punch","Poisoned Stab+1"],"picked":"SKIP","floor":23},{"not_picked":["Escape Plan+1","Dodge and Roll+1"],"picked":"Acrobatics","floor":25}],"player_experience":1587069,"relics_obtained":[{"floor":9,"key":"Omamori"},{"floor":23,"key":"Torii"},{"floor":23,"key":"Sundial"},{"floor":26,"key":"Toy Ornithopter"}],"event_choices":[{"damage_healed":0,"gold_gain":0,"player_choice":"Rummage","damage_taken":0,"relics_obtained":["WarpedTongs"],"max_hp_gain":0,"max_hp_loss":0,"event_name":"Accursed Blacksmith","floor":3,"gold_loss":0,"cards_obtained":["Pain"]},{"damage_healed":0,"gold_gain":0,"player_choice":"Success","damage_taken":26,"relics_obtained":["Ninja Scroll"],"max_hp_gain":0,"max_hp_loss":0,"event_name":"Scrap Ooze","floor":8,"gold_loss":0},{"cards_removed":["Strike_G"],"damage_healed":0,"gold_gain":0,"player_choice":"Card Removal","damage_taken":7,"max_hp_gain":0,"max_hp_loss":0,"event_name":"Golden Wing","floor":10,"gold_loss":0},{"damage_healed":0,"gold_gain":0,"player_choice":"Ignored","damage_taken":0,"max_hp_gain":0,"max_hp_loss":0,"event_name":"Shining Light","floor":14,"gold_loss":0},{"damage_healed":0,"gold_gain":0,"player_choice":"Ignored","damage_taken":0,"max_hp_gain":0,"max_hp_loss":0,"event_name":"Ghosts","floor":20,"gold_loss":0},{"damage_healed":0,"gold_gain":0,"player_choice":"Ignored","damage_taken":0,"max_hp_gain":0,"max_hp_loss":0,"event_name":"Vampires","floor":21,"gold_loss":0},{"damage_healed":13,"gold_gain":0,"player_choice":"Heal","damage_taken":0,"max_hp_gain":0,"max_hp_loss":0,"event_name":"The Library","floor":28,"gold_loss":0}],"is_beta":false,"boss_relics":[{"not_picked":["Snecko Eye","Velvet Choker"],"picked":"Black Star"}],"items_purged_floors":[5,22],"is_endless":false,"potions_floor_spawned":[4,7,12,16],"killed_by":"Snake Plant","ascension_level":20}}