{"host":"r91i8wii3z9p67t1","time":1613403224,"event":{"mods":["BaseMod","Minty Spire (QoL Compilation)","Relic Stats","StSLib"],"gold_per_floor":[114,114,129,144,159,189,39,39,39,54,69,99,126,153,165,277,289,316,340,367,379,406,448,475,502,539,581,608,635,662,704,716,828,840,867,894,921,933,595,625,625,675,750,750,780,780,50,50,50,50],"floor_reached":51,"language":"ZHT","playtime":3509,"items_purged":["Combust","Defend_R"],"score":858,"play_id":"4f7512f8-2e95-4ed8-85dd-2b6df82753b2","local_time":"20210215233344","daily_mods":["Heirloom","Flight","Night Terrors"],"is_ascension_mode":false,"campfire_choices":[{"data":"Perfected Strike","floor":8,"key":"SMITH"},{"data":"Perfected Strike","floor":15,"key":"SMITH"},{"data":"Dual Wield","floor":32,"key":"SMITH"},{"data":"Inflame","floor":44,"key":"SMITH"},{"data":"Seeing Red","floor":49,"key":"SMITH"}],"circlet_count":0,"master_deck":["Strike_R","Strike_R","Strike_R+1","Strike_R","Strike_R","Defend_R+1","Defend_R","Defend_R","Bash","Dual Wield+1","Heavy Blade","Clash","Perfected Strike+1","Armaments","Perfected Strike+1","Seeing Red+1","Flex+1","Infernal Blade","Feed","Warcry","Perfected Strike+1","Perfected Strike+1","Pommel Strike","Headbutt+1","Flex+1","Cleave+1","Flex+1","Intimidate+1","Inflame+1","Clash","Heavy Blade+1","Burning Pact+1","Pommel Strike+1"],"relics":["Black Blood","Torii","Anchor","PreservedInsect","Orichalcum","MawBank","Coffee Dripper","Red Mask","Letter Opener","Lantern","Smiling Mask","War Paint","HandDrill","Bronze Scales","Self Forming Clay","Unceasing Top","The Courier","Juzu Bracelet","Toy Ornithopter","Blood Vial","Singing Bowl","Lizard Tail","Omamori"],"acts_visited":["Exordium","TheCity","TheBeyond"],"potions_floor_usage":[6,10,16,19,33,45,50,50,50,50,50,50],"damage_taken":[{"damage":7,"enemies":"2 Louse","floor":1,"turns":3},{"damage":0,"enemies":"Jaw Worm","floor":3,"turns":3},{"damage":3,"enemies":"Cultist","floor":4,"turns":4},{"damage":12,"enemies":"Gremlin Gang","floor":5,"turns":4},{"damage":28,"enemies":"Lagavulin","floor":6,"turns":7},{"damage":0,"enemies":"3 Louse","floor":10,"turns":2},{"damage":7,"enemies":"2 Fungi Beasts","floor":11,"turns":3},{"damage":4,"enemies":"3 Sentries","floor":12,"turns":5},{"damage":0,"enemies":"Looter","floor":13,"turns":2},{"damage":0,"enemies":"Large Slime","floor":14,"turns":4},{"damage":25,"enemies":"Hexaghost","floor":16,"turns":9},{"damage":2,"enemies":"2 Thieves","floor":18,"turns":3},{"damage":13,"enemies":"Masked Bandits","floor":19,"turns":4},{"damage":1,"enemies":"Spheric Guardian","floor":20,"turns":3},{"damage":0,"enemies":"Cultist and Chosen","floor":22,"turns":3},{"damage":12,"enemies":"Book of Stabbing","floor":23,"turns":3},{"damage":3,"enemies":"Shelled Parasite and Fungi","floor":24,"turns":4},{"damage":2,"enemies":"3 Cultists","floor":25,"turns":4},{"damage":0,"enemies":"Slavers","floor":27,"turns":2},{"damage":1,"enemies":"Cultist and Chosen","floor":28,"turns":4},{"damage":1,"enemies":"Shelled Parasite and Fungi","floor":29,"turns":2},{"damage":1,"enemies":"Snake Plant","floor":30,"turns":2},{"damage":9,"enemies":"Book of Stabbing","floor":31,"turns":4},{"damage":58,"enemies":"Champ","floor":33,"turns":8},{"damage":1,"enemies":"Orb Walker","floor":35,"turns":2},{"damage":10,"enemies":"3 Shapes","floor":36,"turns":3},{"damage":1,"enemies":"Sphere and 2 Shapes","floor":37,"turns":3},{"damage":39,"enemies":"Nemesis","floor":40,"turns":3},{"damage":30,"enemies":"Mind Bloom Boss Battle","floor":42,"turns":3},{"damage":45,"enemies":"Reptomancer","floor":45,"turns":5},{"damage":46,"enemies":"Time Eater","floor":50,"turns":7}],"seed_played":"5535013652570512859","potions_obtained":[{"floor":1,"key":"SpeedPotion"},{"floor":3,"key":"SmokeBomb"},{"floor":6,"key":"Explosive Potion"},{"floor":11,"key":"HeartOfIron"},{"floor":13,"key":"EntropicBrew"},{"floor":16,"key":"AttackPotion"},{"floor":20,"key":"SteroidPotion"},{"floor":23,"key":"Energy Potion"},{"floor":27,"key":"ColorlessPotion"},{"floor":29,"key":"BloodPotion"},{"floor":33,"key":"ColorlessPotion"},{"floor":36,"key":"BlessingOfTheForge"},{"floor":45,"key":"SpeedPotion"}],"is_trial":false,"path_per_floor":["M","?","M","M","M","E","$","R","T","M","M","E","M","M","R","B",null,"M","?","M","?","M","E","M","M","T","E","M","M","M","E","R","B",null,"M","M","M","?","$","E","?","?","T","R","E","?","$","T","R","B",null],"character_chosen":"IRONCLAD","items_purchased":["PreservedInsect","HandDrill","Bronze Scales","Toy Ornithopter","Blood Vial","Singing Bowl","Lizard Tail"],"campfire_rested":0,"item_purchase_floors":[7,39,39,47,47,47,47],"current_hp_per_floor":[79,63,69,72,66,44,44,44,44,50,49,51,57,63,63,44,80,80,73,78,78,80,74,77,83,83,86,89,92,92,89,89,37,92,92,92,92,92,92,65,65,47,47,47,31,76,76,76,76,66],"gold":50,"neow_bonus":"","is_daily":true,"chose_seed":false,"campfire_upgraded":5,"win_rate":0.0,"timestamp":1613403224,"path_taken":["M","?","M","M","M","E","?","R","T","M","M","E","M","M","R","BOSS","M","?","M","?","M","E","M","M","T","E","M","M","M","E","R","BOSS","M","?","?","?","$","E","?","?","T","R","E","?","$","?","R","BOSS"],"items_purchased_type":["Relic","Relic","Relic","Relic","Relic","Relic","Relic"],"build_version":"2020-12-22","purchased_purges":2,"victory":true,"max_hp_per_floor":[80,80,80,80,80,80,80,80,80,80,80,80,80,80,80,80,80,80,80,80,80,80,80,80,83,83,86,89,92,92,92,92,92,92,92,92,92,92,92,92,87,87,87,87,87,76,76,76,76,76],"relic_stats":{"Torii":55,"Singing Bowl":0,"counters":[31,118],"Self Forming Clay":[42],"Black Blood":174,"PreservedInsect":260,"Juzu Bracelet":0,"Letter Opener":[80],"Orichalcum":[180],"War Paint":["Flex","Intimidate"],"MawBank":324,"Smiling Mask":55,"Blood Vial":0,"Lizard Tail":0,"Bronze Scales":[64],"HandDrill":[0],"obtain_stats":[{"Lantern":26,"Torii":0,"Singing Bowl":47,"Self Forming Clay":40,"Black Blood":34,"PreservedInsect":7,"The Courier":43,"Juzu Bracelet":45,"Omamori":48,"Letter Opener":23,"Orichalcum":9,"War Paint":31,"MawBank":12,"Smiling Mask":27,"Burning Blood":0,"Blood Vial":47,"Anchor":6,"Lizard Tail":47,"Bronze Scales":39,"Coffee Dripper":17,"Red Mask":19,"HandDrill":39,"Unceasing Top":42,"Toy Ornithopter":47},{"Lantern":18,"Torii":0,"Singing Bowl":30,"Self Forming Clay":28,"Black Blood":24,"PreservedInsect":5,"The Courier":29,"Juzu Bracelet":30,"Omamori":30,"Letter Opener":16,"Orichalcum":5,"War Paint":23,"MawBank":8,"Smiling Mask":19,"Burning Blood":0,"Blood Vial":30,"Anchor":5,"Lizard Tail":30,"Bronze Scales":27,"Coffee Dripper":11,"Red Mask":13,"HandDrill":27,"Unceasing Top":29,"Toy Ornithopter":30},{"Lantern":70,"Torii":0,"Singing Bowl":111,"Self Forming Clay":103,"Black Blood":92,"PreservedInsect":21,"The Courier":106,"Juzu Bracelet":111,"Omamori":111,"Letter Opener":62,"Orichalcum":21,"War Paint":84,"MawBank":31,"Smiling Mask":72,"Burning Blood":0,"Blood Vial":111,"Anchor":21,"Lizard Tail":111,"Bronze Scales":100,"Coffee Dripper":46,"Red Mask":53,"HandDrill":100,"Unceasing Top":106,"Toy Ornithopter":111}],"Unceasing Top":[6],"Toy Ornithopter":24},"card_choices":[{"not_picked":["Dark Embrace","Body Slam"],"picked":"Combust","floor":1},{"not_picked":["Disarm","Clothesline"],"picked":"Dual Wield","floor":3},{"not_picked":["Body Slam","Shrug It Off"],"picked":"Heavy Blade","floor":4},{"not_picked":["Bloodletting","Anger"],"picked":"Clash","floor":5},{"not_picked":["Entrench","Ghostly Armor"],"picked":"Perfected Strike","floor":6},{"not_picked":["Flame Barrier","Iron Wave"],"picked":"Armaments","floor":10},{"not_picked":["Dual Wield","Metallicize"],"picked":"Perfected Strike","floor":11},{"not_picked":["Armaments","Warcry"],"picked":"Seeing Red","floor":12},{"not_picked":["Clash","Clothesline"],"picked":"Flex","floor":13},{"not_picked":["Iron Wave","Burning Pact"],"picked":"Infernal Blade","floor":14},{"not_picked":["Juggernaut","Reaper"],"picked":"Feed","floor":16},{"not_picked":["Sword Boomerang","Blood for Blood+1"],"picked":"Warcry","floor":18},{"not_picked":["Havoc","Rupture"],"picked":"Perfected Strike+1","floor":19},{"not_picked":["Sword Boomerang","Clothesline","Carnage"],"picked":"SKIP","floor":20},{"not_picked":["Sword Boomerang","Disarm"],"picked":"Pommel Strike","floor":22},{"not_picked":["Bludgeon","Feel No Pain+1"],"picked":"Headbutt+1","floor":23},{"not_picked":["Inflame+1","Burning Pact"],"picked":"Flex+1","floor":24},{"not_picked":["Sentinel","Armaments"],"picked":"Cleave+1","floor":25},{"not_picked":["Havoc","Combust"],"picked":"Flex+1","floor":27},{"not_picked":["Dark Embrace","Anger"],"picked":"Battle Trance+1","floor":28},{"not_picked":["Clothesline","Anger"],"picked":"Intimidate","floor":29},{"not_picked":["Exhume","Thunderclap"],"picked":"Inflame","floor":30},{"not_picked":["Feel No Pain","Whirlwind"],"picked":"Clash","floor":31},{"not_picked":["Metallicize+1","Havoc+1"],"picked":"Heavy Blade+1","floor":35},{"not_picked":["Havoc+1","True Grit","Headbutt"],"picked":"SKIP","floor":36},{"not_picked":["True Grit","Rampage+1"],"picked":"Burning Pact+1","floor":37},{"not_picked":["Flame Barrier","Evolve"],"picked":"Pommel Strike+1","floor":40},{"not_picked":["Body Slam+1","Cleave+1","Shrug It Off+1"],"picked":"SKIP","floor":45}],"player_experience":1050441,"relics_obtained":[{"floor":6,"key":"Anchor"},{"floor":9,"key":"Orichalcum"},{"floor":12,"key":"MawBank"},{"floor":19,"key":"Red Mask"},{"floor":23,"key":"Letter Opener"},{"floor":26,"key":"Lantern"},{"floor":27,"key":"Smiling Mask"},{"floor":31,"key":"War Paint"},{"floor":40,"key":"Self Forming Clay"},{"floor":42,"key":"Unceasing Top"},{"floor":43,"key":"The Courier"},{"floor":45,"key":"Juzu Bracelet"},{"floor":48,"key":"Omamori"}],"event_choices":[{"damage_healed":0,"gold_gain":0,"player_choice":"Entered Light","damage_taken":16,"max_hp_gain":0,"max_hp_loss":0,"event_name":"Shining Light","floor":2,"gold_loss":0,"cards_upgraded":["Strike_R","Defend_R"]},{"damage_healed":0,"gold_gain":0,"player_choice":"Fought Bandits","damage_taken":0,"max_hp_gain":0,"max_hp_loss":0,"event_name":"Masked Bandits","floor":19,"gold_loss":0},{"damage_healed":0,"gold_gain":0,"player_choice":"Copied","damage_taken":0,"max_hp_gain":0,"max_hp_loss":0,"event_name":"Duplicator","floor":21,"gold_loss":0,"cards_obtained":["Perfected Strike"]},{"cards_removed":["Battle Trance"],"damage_healed":0,"gold_gain":0,"player_choice":"Removed Skill","damage_taken":0,"max_hp_gain":0,"max_hp_loss":0,"event_name":"Falling","floor":38,"gold_loss":0},{"damage_healed":0,"gold_gain":0,"player_choice":"Max HP","damage_taken":0,"max_hp_gain":0,"max_hp_loss":5,"event_name":"Winding Halls","floor":41,"gold_loss":0},{"damage_healed":0,"gold_gain":0,"player_choice":"Fight","damage_taken":0,"max_hp_gain":0,"max_hp_loss":0,"event_name":"MindBloom","floor":42,"gold_loss":0},{"damage_healed":76,"gold_gain":0,"player_choice":"Heal","damage_taken":0,"max_hp_gain":0,"max_hp_loss":11,"event_name":"The Moai Head","floor":46,"gold_loss":0}],"is_beta":false,"boss_relics":[{"not_picked":["Snecko Eye","Empty Cage"],"picked":"Coffee Dripper"},{"not_picked":["Runic Cube","Velvet Choker"],"picked":"Black Blood"}],"items_purged_floors":[39,47],"is_endless":false,"potions_floor_spawned":[1,3,6,11,13,16,20,23,27,28,29,33,36,45],"ascension_level":0}}