{"host":"wqdhni9hq4z6pe8c","time":1613417231,"event":{"mods":["BaseMod","Colored Map","Downfall","Highlight Path","Minty Spire (QoL Compilation)","StSLib"],"gold_per_floor":[99,99,99,99,274,307,307,207,224,234,234,245,257,257,276,379,379,379,398,398,413,146,180,203,203,203,203,203],"floor_reached":26,"language":"ENG","playtime":2502,"items_purged":["Doubt"],"score":274,"play_id":"f6e87867-a130-4cce-acfe-cfbb037d4b6c","local_time":"20210215132711","is_ascension_mode":false,"campfire_choices":[{"data":"sneckomod:TailWhip","floor":1,"key":"SMITH"},{"data":"sneckomod:ImprovisedGuard","floor":8,"key":"SMITH"},{"data":"sneckomod:UnendingSupply","floor":18,"key":"SMITH"},{"floor":25,"key":"REST"}],"circlet_count":0,"master_deck":["sneckomod:Strike","sneckomod:Strike","sneckomod:Defend","sneckomod:Defend","sneckomod:Defend","sneckomod:TailWhip+1","sneckomod:SnekBite","sneckomod:Unknown","sneckomod:Unknown","sneckomod:QuickBite","sneckomod:Unknown0Cost","sneckomod:ImprovisedGuard+1","sneckomod:UnendingSupply+1","sneckomod:DiceBlock","sneckomod:UnknownUncommonSkill","sneckomod:Cheat","sneckomod:IronFang","sneckomod:SerpentMind+1","sneckomod:UnknownClassRED","sneckomod:UnknownClassRED","sneckomod:UnknownClassRED","sneckomod:UnknownClassRED","sneckomod:UnknownClassRED","Rampage","sneckomod:WideSting+1","Fire Breathing","sneckomod:UnknownClassRED+1","Burning Pact","sneckomod:SlitherStrike","sneckomod:UnknownCommonSkill","Rupture","sneckomod:DiceCrush+1"],"relics":["sneckomod:SneckoSoul","downfall:HeartsMalice","Gambling Chip","Ginger","downfall:HeartBlessingGreen","sneckomod:SneckoBoss","Sling","Tiny Chest","Bag of Preparation"],"acts_visited":["Exordium","TheCity"],"potions_floor_usage":[16,16,16,23,23],"damage_taken":[{"damage":0,"enemies":"2 Louse","floor":2,"turns":1},{"damage":0,"enemies":"Jaw Worm","floor":3,"turns":1},{"damage":0,"enemies":"3 Sentries","floor":6,"turns":1},{"damage":0,"enemies":"Cultist","floor":9,"turns":2},{"damage":0,"enemies":"downfall:LooterAlt","floor":10,"turns":4},{"damage":12,"enemies":"Exordium Thugs","floor":12,"turns":6},{"damage":6,"enemies":"3 Louse","floor":13,"turns":3},{"damage":0,"enemies":"2 Fungi Beasts","floor":15,"turns":4},{"damage":21,"enemies":"SI_SHIV_ARCHETYPE","floor":16,"turns":11},{"damage":28,"enemies":"Spheric Guardian","floor":19,"turns":6},{"damage":26,"enemies":"downfall:LooterAlt2","floor":21,"turns":5},{"damage":14,"enemies":"downfall:FleeingMerchant","floor":22,"turns":4},{"damage":20,"enemies":"Book of Stabbing","floor":23,"turns":7},{"damage":31,"enemies":"Chosen and Byrds","floor":26,"turns":4}],"seed_played":"-4062634375973835161","potions_obtained":[{"floor":9,"key":"SkillPotion"},{"floor":10,"key":"SpeedPotion"},{"floor":11,"key":"downfall:CursedFountainPotion"},{"floor":13,"key":"BlessingOfTheForge"},{"floor":16,"key":"GamblersBrew"},{"floor":19,"key":"champ:CounterPotion"}],"is_trial":false,"path_per_floor":["R","M","M","?","?","E","T","R","M","M","?","M","M","?","M","B",null,"R","M","?","M","$","E","T","R","M"],"character_chosen":"THE_SNECKO","items_purchased":["Sling","sneckomod:UnknownCommonSkill"],"campfire_rested":1,"item_purchase_floors":[22,22],"current_hp_per_floor":[90,90,90,90,90,90,90,90,90,90,90,78,72,72,72,51,90,90,62,62,36,22,2,2,29,0,0,0],"gold":203,"neow_bonus":"THREE_ENEMY_KILL","is_daily":false,"chose_seed":false,"campfire_upgraded":3,"win_rate":0.0,"timestamp":1613417231,"path_taken":["R","M","M","?","?","E","T","R","M","M","?","M","?","?","M","BOSS","R","M","?","M","?","E","T","R","M"],"items_purchased_type":["Relic","Card"],"build_version":"2020-12-22","purchased_purges":1,"victory":false,"max_hp_per_floor":[90,90,90,90,90,90,90,90,90,90,90,90,90,90,90,90,90,90,90,90,90,90,90,90,90,90,90,90],"card_choices":[{"not_picked":["sneckomod:UnknownCommonSkill","sneckomod:RainOfDice"],"picked":"sneckomod:QuickBite","floor":2},{"not_picked":["sneckomod:QuickMove","sneckomod:WideSting"],"picked":"sneckomod:Unknown0Cost","floor":3},{"not_picked":["sneckomod:SoulCleanse","sneckomod:DiceCrush"],"picked":"sneckomod:ImprovisedGuard","floor":6},{"not_picked":["sneckomod:TrashToTreasure","sneckomod:QuickMove"],"picked":"sneckomod:UnendingSupply","floor":9},{"not_picked":["sneckomod:SoulDraw","sneckomod:Unknown2Cost"],"picked":"sneckomod:DiceBlock","floor":10},{"not_picked":["sneckomod:UnknownBlock","sneckomod:IronFang"],"picked":"sneckomod:UnknownUncommonSkill","floor":12},{"not_picked":["sneckomod:UnknownUncommonPower","sneckomod:RainOfDice"],"picked":"sneckomod:Cheat","floor":13},{"not_picked":["sneckomod:SoulDraw","sneckomod:UnknownExhaust"],"picked":"sneckomod:IronFang","floor":15},{"not_picked":["sneckomod:Unknown3Cost","sneckomod:MorePower"],"picked":"sneckomod:SerpentMind","floor":16},{"not_picked":["Entrench","Rupture"],"picked":"Rampage","floor":19},{"not_picked":["sneckomod:MasterEye","sneckomod:UnknownCommonAttack+1"],"picked":"sneckomod:WideSting+1","floor":19},{"not_picked":["Dual Wield","Rage"],"picked":"Fire Breathing","floor":21},{"not_picked":["sneckomod:UnknownDraw","sneckomod:UnknownClassBLUE"],"picked":"sneckomod:UnknownClassRED+1","floor":21},{"not_picked":["Havoc","Anger"],"picked":"Burning Pact","floor":22},{"not_picked":["sneckomod:Nope","sneckomod:IronFang"],"picked":"sneckomod:SlitherStrike","floor":22},{"not_picked":["Pommel Strike","Pummel"],"picked":"Rupture","floor":23},{"not_picked":["sneckomod:Nope","sneckomod:SlitherStrike+1"],"picked":"sneckomod:DiceCrush+1","floor":23}],"player_experience":172718,"relics_obtained":[{"floor":6,"key":"Gambling Chip"},{"floor":7,"key":"Ginger"},{"floor":23,"key":"Tiny Chest"},{"floor":24,"key":"Bag of Preparation"}],"event_choices":[{"cards_removed":["sneckomod:Strike"],"damage_healed":0,"gold_gain":0,"player_choice":"Card Removal","damage_taken":0,"max_hp_gain":0,"max_hp_loss":0,"event_name":"The Cleric","floor":14,"gold_loss":0}],"is_beta":false,"boss_relics":[{"not_picked":["Runic Pyramid","Velvet Choker"],"picked":"sneckomod:SneckoBoss"}],"items_purged_floors":[22],"is_endless":false,"potions_floor_spawned":[9,10,13,15,16,19],"killed_by":"Chosen and Byrds","ascension_level":0}}