{"host":"su4bqgzf8ryjohfr","time":1613363391,"event":{"mods":["BaseMod","Minty Spire (QoL Compilation)"],"gold_per_floor":[110,1049,1067,1081,1093,1093,1073,1073,1123,1153,38,56,1510,1460,1460,1556,1556,1570,1584,1286,1286,792,792,819,843,898,927,927,569,569,588,588,693,693,705,228,228,1878,1890,1890,1940,1973,1985,2023,2035,2073,2114,0,12,24,36,48,1659,1685,1685],"floor_reached":56,"language":"ENG","playtime":5027,"items_purged":["Defend_B","Strike_B","Defend_B","Barrage","Cold Snap","Static Discharge","Machine Learning","Dualcast"],"score":1570,"play_id":"cc4dd001-b601-467e-8997-4db4ae6987e8","local_time":"20210214232951","is_ascension_mode":true,"campfire_choices":[{"data":"Compile Driver","floor":6,"key":"SMITH"},{"data":"Creative AI","floor":15,"key":"SMITH"},{"data":"Amplify","floor":23,"key":"SMITH"},{"data":"Conserve Battery","floor":28,"key":"SMITH"},{"data":"Heatsinks","floor":30,"key":"SMITH"},{"data":"Stack","floor":32,"key":"SMITH"},{"floor":40,"key":"RECALL"},{"data":"Conserve Battery","floor":45,"key":"SMITH"},{"data":"Turbo","floor":49,"key":"SMITH"},{"data":"Defragment","floor":52,"key":"SMITH"}],"circlet_count":0,"master_deck":["Capacitor","Defragment+1","Panache","Turbo+1","Stack+1","Compile Driver+1","FTL","Aggregate","Loop","Creative AI+1","Capacitor","Conserve Battery+1","Coolheaded","FTL+1","Blizzard+1","Electrodynamics","Rip and Tear+1","Force Field+1","Machine Learning+1","Redo","Sunder+1","Barrage+1","Necronomicurse","Compile Driver+1","Go for the Eyes+1","Cold Snap+1","Ball Lightning+1","Conserve Battery+1","Heatsinks+1","Amplify+1","Cold Snap+1","Thunder Strike+1","BootSequence","Stack+1","Streamline+1","Sweeping Beam+1","Double Energy+1","Go for the Eyes+1","Conserve Battery+1","Melter+1","Coolheaded+1"],"relics":["Empty Cage","Medical Kit","Kunai","Tiny Chest","Mummified Hand","ClockworkSouvenir","FossilizedHelix","Pocketwatch","Membership Card","Molten Egg 2","Oddly Smooth Stone","Astrolabe","Boot","Regal Pillow","Necronomicon","Orrery","CaptainsWheel","Juzu Bracelet","Bag of Preparation","Art of War","Smiling Mask","Bag of Marbles","Cauldron","Eternal Feather","Blood Vial","Inserter","Toolbox","Gremlin Horn","Mercury Hourglass","Potion Belt","Toy Ornithopter","Strange Spoon","Torii","MawBank","Girya","PreservedInsect","Dream Catcher","Sundial","Red Mask","Ginger","Bird Faced Urn","HandDrill","HornCleat"],"acts_visited":["Exordium","TheCity","TheBeyond","TheEnding"],"potions_floor_usage":[10,16,24,24,24,29,33,33,36,44,54,54,55,55],"damage_taken":[{"damage":8,"enemies":"2 Louse","floor":1,"turns":3},{"damage":6,"enemies":"Jaw Worm","floor":3,"turns":5},{"damage":8,"enemies":"Small Slimes","floor":4,"turns":5},{"damage":14,"enemies":"Looter","floor":5,"turns":5},{"damage":17,"enemies":"Exordium Thugs","floor":7,"turns":4},{"damage":42,"enemies":"3 Sentries","floor":10,"turns":10},{"damage":6,"enemies":"3 Louse","floor":12,"turns":3},{"damage":3,"enemies":"The Guardian","floor":16,"turns":8},{"damage":0,"enemies":"Spheric Guardian","floor":18,"turns":4},{"damage":0,"enemies":"3 Byrds","floor":19,"turns":4},{"damage":7,"enemies":"Book of Stabbing","floor":24,"turns":4},{"damage":21,"enemies":"Slavers","floor":27,"turns":4},{"damage":6,"enemies":"3 Cultists","floor":31,"turns":4},{"damage":0,"enemies":"Automaton","floor":33,"turns":3},{"damage":0,"enemies":"3 Darklings","floor":35,"turns":3},{"damage":0,"enemies":"3 Shapes","floor":39,"turns":2},{"damage":18,"enemies":"Mind Bloom Boss Battle","floor":41,"turns":5},{"damage":12,"enemies":"Reptomancer","floor":42,"turns":4},{"damage":0,"enemies":"Giant Head","floor":44,"turns":4},{"damage":14,"enemies":"Nemesis","floor":47,"turns":5},{"damage":18,"enemies":"Donu and Deca","floor":50,"turns":7},{"damage":1,"enemies":"Shield and Spear","floor":54,"turns":4},{"damage":8,"enemies":"The Heart","floor":55,"turns":10}],"seed_played":"-8596784613889265176","potions_obtained":[{"floor":1,"key":"Dexterity Potion"},{"floor":16,"key":"Dexterity Potion"},{"floor":24,"key":"Strength Potion"},{"floor":29,"key":"Fruit Juice"},{"floor":29,"key":"Weak Potion"},{"floor":33,"key":"ColorlessPotion"},{"floor":44,"key":"Dexterity Potion"}],"is_trial":false,"path_per_floor":["M","$","M","M","M","R","M","?","T","E","$","M","$","?","R","B",null,"M","M","$","?","$","R","E","T","T","E","R","$","R","M","R","B",null,"M","$","?","$","M","R","?","E","T","E","R","T","E","?","R","B",null,"R","$","E","B",null],"character_chosen":"DEFECT","items_purchased":["Medical Kit","Kunai","Tiny Chest","Defragment","Panache","Turbo","Dexterity Potion","Regen Potion","ClockworkSouvenir","FossilizedHelix","Pocketwatch","EssenceOfSteel","FTL","Aggregate","Loop","Membership Card","Molten Egg 2","Oddly Smooth Stone","Capacitor","Conserve Battery","Coolheaded","FTL+1","Blizzard+1","Boot","Regal Pillow","Sunder+1","Barrage+1","Swift Potion","Compile Driver+1","Orrery","CaptainsWheel","Juzu Bracelet","Amplify","Cauldron","BlessingOfTheForge","Eternal Feather","Blood Vial","Toolbox","Gremlin Horn","Mercury Hourglass","Streamline+1","Fruit Juice","FocusPotion","Potion Belt","Toy Ornithopter","Strange Spoon","Energy Potion","SkillPotion","Sweeping Beam+1","Ginger","Bird Faced Urn","HandDrill","EssenceOfSteel"],"campfire_rested":0,"item_purchase_floors":[2,2,2,2,2,2,2,2,11,11,11,11,11,11,11,13,13,13,13,13,13,13,13,20,20,20,20,20,22,22,22,22,22,29,29,29,29,36,36,36,36,36,36,38,38,38,38,38,38,53,53,53,53],"current_hp_per_floor":[67,67,61,53,39,39,22,15,15,56,56,50,50,50,50,47,75,75,75,75,59,59,59,52,52,52,31,31,36,54,50,68,70,80,80,85,81,81,81,81,63,53,53,60,81,81,67,67,81,63,81,81,81,81,81],"gold":1685,"neow_bonus":"BOSS_RELIC","is_daily":false,"chose_seed":false,"campfire_upgraded":9,"win_rate":0.0,"timestamp":1613363391,"path_taken":["M","$","M","M","M","R","M","?","T","E","$","M","$","?","R","BOSS","M","M","$","?","$","R","E","?","T","E","R","?","R","M","R","BOSS","M","$","?","$","M","R","?","E","T","E","R","?","E","?","R","BOSS","R","$","E","BOSS"],"items_purchased_type":["Relic","Relic","Relic","Card","Card","Card","Potion","Potion","Relic","Relic","Relic","Potion","Card","Card","Card","Relic","Relic","Relic","Card","Card","Card","Card","Card","Relic","Relic","Card","Card","Potion","Card","Relic","Relic","Relic","Card","Relic","Potion","Relic","Relic","Relic","Relic","Relic","Card","Potion","Potion","Relic","Relic","Relic","Potion","Potion","Card","Relic","Relic","Relic","Potion"],"build_version":"2020-12-22","purchased_purges":8,"victory":true,"max_hp_per_floor":[75,75,75,75,75,75,75,75,75,75,75,75,75,75,75,75,75,75,75,75,75,75,75,75,75,75,75,75,80,80,80,80,80,80,80,85,81,81,81,81,81,81,81,81,81,81,81,81,81,81,81,81,81,81,81],"card_choices":[{"not_picked":["Heatsinks","Loop"],"picked":"Capacitor","floor":1},{"not_picked":["Gash","Leap"],"picked":"Stack","floor":3},{"not_picked":["Steam","Turbo"],"picked":"Barrage","floor":4},{"not_picked":["Defragment","Doom and Gloom"],"picked":"Compile Driver","floor":5},{"not_picked":["Lockon","Recycle"],"picked":"Cold Snap","floor":7},{"not_picked":["Turbo","Go for the Eyes"],"picked":"FTL","floor":10},{"not_picked":["Auto Shields","Ball Lightning"],"picked":"Creative AI","floor":12},{"not_picked":["Meteor Strike+1","Core Surge+1"],"picked":"Electrodynamics","floor":16},{"not_picked":["Fusion","Leap"],"picked":"Redo","floor":18},{"not_picked":["Gash+1","Reinforced Body+1"],"picked":"Static Discharge","floor":19},{"not_picked":["Double Energy","Sweeping Beam+1"],"picked":"Go for the Eyes+1","floor":22},{"not_picked":["Conserve Battery","Recycle"],"picked":"Cold Snap+1","floor":22},{"not_picked":["Self Repair","Rebound+1"],"picked":"Ball Lightning+1","floor":22},{"not_picked":["Turbo","Reboot"],"picked":"Conserve Battery","floor":22},{"not_picked":["Barrage+1","Coolheaded"],"picked":"Heatsinks","floor":22},{"not_picked":["Heatsinks","Hologram"],"picked":"Cold Snap+1","floor":24},{"not_picked":["Conserve Battery","Coolheaded"],"picked":"Thunder Strike+1","floor":27},{"not_picked":["Leap","Ball Lightning+1"],"picked":"BootSequence","floor":31},{"not_picked":["All For One+1","Reboot"],"picked":"Machine Learning","floor":33},{"not_picked":["Beam Cell+1","Rebound+1"],"picked":"Stack+1","floor":35},{"not_picked":["Genetic Algorithm+1","Conserve Battery+1"],"picked":"Double Energy+1","floor":39},{"not_picked":["BootSequence","Coolheaded"],"picked":"Go for the Eyes+1","floor":41},{"not_picked":["Barrage+1","Rainbow"],"picked":"Conserve Battery+1","floor":42},{"not_picked":["Sweeping Beam+1","Compile Driver+1"],"picked":"Melter+1","floor":44},{"not_picked":["Cold Snap+1","Compile Driver+1","Steam+1"],"picked":"SKIP","floor":47},{"not_picked":["Steam+1","Biased Cognition"],"picked":"Coolheaded+1","floor":54}],"player_experience":71109,"relics_obtained":[{"floor":10,"key":"Mummified Hand"},{"floor":21,"key":"Necronomicon"},{"floor":24,"key":"Bag of Preparation"},{"floor":25,"key":"Art of War"},{"floor":26,"key":"Smiling Mask"},{"floor":27,"key":"Bag of Marbles"},{"floor":41,"key":"Torii"},{"floor":42,"key":"MawBank"},{"floor":43,"key":"Girya"},{"floor":44,"key":"PreservedInsect"},{"floor":46,"key":"Dream Catcher"},{"floor":47,"key":"Sundial"},{"floor":54,"key":"HornCleat"}],"event_choices":[{"cards_removed":["Strike_B"],"damage_healed":0,"gold_gain":0,"player_choice":"Card Removal","damage_taken":7,"max_hp_gain":0,"max_hp_loss":0,"event_name":"Golden Wing","floor":8,"gold_loss":0},{"cards_removed":["Defend_B"],"damage_healed":0,"gold_gain":0,"player_choice":"Card Removal","damage_taken":0,"max_hp_gain":0,"max_hp_loss":0,"event_name":"The Cleric","floor":14,"gold_loss":50},{"damage_healed":0,"gold_gain":0,"player_choice":"Obtained Book","damage_taken":16,"max_hp_gain":0,"max_hp_loss":0,"event_name":"Cursed Tome","floor":21,"gold_loss":0},{"damage_healed":0,"gold_gain":0,"player_choice":"Max HP","damage_taken":0,"max_hp_gain":0,"max_hp_loss":4,"event_name":"Winding Halls","floor":37,"gold_loss":0},{"damage_healed":0,"gold_gain":0,"player_choice":"Fight","damage_taken":0,"max_hp_gain":0,"max_hp_loss":0,"event_name":"MindBloom","floor":41,"gold_loss":0},{"damage_healed":0,"gold_gain":0,"player_choice":"Paid","damage_taken":0,"relics_obtained":["Red Mask"],"max_hp_gain":0,"max_hp_loss":0,"event_name":"Tomb of Lord Red Mask","floor":48,"gold_loss":2126}],"is_beta":false,"boss_relics":[{"not_picked":["Cursed Key","Runic Dome"],"picked":"Astrolabe"},{"not_picked":["SacredBark","Nuclear Battery"],"picked":"Inserter"}],"items_purged_floors":[2,11,13,20,22,29,36,38],"is_endless":false,"potions_floor_spawned":[1,5,12,16,18,24,33,41,44],"ascension_level":3}}