{"host":"o88u0awh8mkwl1l8","time":1613431356,"event":{"mods":["BaseMod","Colored Map","Highlight Path","Minty Spire (QoL Compilation)","Relic Sorter"],"gold_per_floor":[116,116,135,145,220,220,255,255,306,323,334,350,350,350],"floor_reached":13,"language":"JPN","playtime":795,"items_purged":[],"score":174,"play_id":"dbfc6eb1-66e8-4465-843e-5200cf3ec312","local_time":"20210216082236","is_ascension_mode":true,"campfire_choices":[{"floor":6.0,"key":"REST"},{"data":"SignatureMove","floor":8.0,"key":"SMITH"}],"circlet_count":0,"master_deck":["AscendersBane","Strike_P","Strike_P","Strike_P","Strike_P","Defend_P","Defend_P","Defend_P","Defend_P","Eruption","Vigilance","Evaluate+1","EmptyBody+1","SignatureMove+1","Prostrate","ThirdEye","CutThroughFate","Swivel","Consecrate"],"relics":["PureWater","Anchor","Tiny Chest"],"acts_visited":["Exordium"],"potions_floor_usage":[13],"damage_taken":[{"damage":0.0,"enemies":"Cultist","floor":1.0,"turns":4.0},{"damage":2.0,"enemies":"2 Louse","floor":3.0,"turns":3.0},{"damage":0.0,"enemies":"Jaw Worm","floor":4.0,"turns":3.0},{"damage":21.0,"enemies":"3 Sentries","floor":7.0,"turns":6.0},{"damage":0.0,"enemies":"Exordium Wildlife","floor":10.0,"turns":4.0},{"damage":0.0,"enemies":"2 Fungi Beasts","floor":11.0,"turns":3.0},{"damage":0.0,"enemies":"Large Slime","floor":12.0,"turns":6.0},{"damage":34,"enemies":"Gremlin Nob","floor":13,"turns":3}],"seed_played":"-6400561912352601619","potions_obtained":[{"floor":1.0,"key":"FearPotion"},{"floor":7.0,"key":"SneckoOil"},{"floor":10.0,"key":"Explosive Potion"},{"floor":11.0,"key":"SteroidPotion"}],"is_trial":false,"path_per_floor":["M","?","M","M","?","R","E","R","T","M","M","M","E"],"character_chosen":"WATCHER","items_purchased":[],"campfire_rested":1,"item_purchase_floors":[],"current_hp_per_floor":[61,41,39,39,28,48,27,27,27,27,27,27,0,0],"gold":350,"neow_bonus":"THREE_CARDS","is_daily":false,"chose_seed":false,"campfire_upgraded":1,"win_rate":0.0,"timestamp":1613431356,"path_taken":["M","?","M","M","?","R","E","R","T","M","?","M","E"],"items_purchased_type":[],"build_version":"2020-12-22","purchased_purges":0,"victory":false,"max_hp_per_floor":[68,68,68,68,68,68,68,68,68,68,68,68,68,68],"card_choices":[{"not_picked":["Prostrate","Study"],"picked":"Evaluate","floor":0.0},{"not_picked":["Pray","Nirvana"],"picked":"EmptyBody","floor":1.0},{"not_picked":["Study","LikeWater"],"picked":"SignatureMove","floor":3.0},{"not_picked":["FlyingSleeves","Halt"],"picked":"Prostrate","floor":4.0},{"not_picked":["EmptyBody","JustLucky"],"picked":"ThirdEye","floor":7.0},{"not_picked":["FlurryOfBlows","SashWhip"],"picked":"CutThroughFate","floor":10.0},{"not_picked":["WindmillStrike","EmptyBody"],"picked":"Swivel","floor":11.0},{"not_picked":["BattleHymn","MasterReality"],"picked":"Consecrate","floor":12.0}],"player_experience":1255611,"relics_obtained":[{"floor":7.0,"key":"Anchor"},{"floor":9.0,"key":"Tiny Chest"}],"event_choices":[{"damage_healed":0.0,"max_hp_gain":0.0,"max_hp_loss":0.0,"gold_gain":0.0,"event_name":"Shining Light","player_choice":"Entered Light","floor":2.0,"gold_loss":0.0,"damage_taken":20.0,"cards_upgraded":["Evaluate","EmptyBody"]},{"damage_healed":0.0,"max_hp_gain":0.0,"max_hp_loss":0.0,"gold_gain":75.0,"event_name":"World of Goop","player_choice":"Gather Gold","floor":5.0,"gold_loss":0.0,"damage_taken":11.0}],"is_beta":false,"boss_relics":[],"items_purged_floors":[],"is_endless":false,"potions_floor_spawned":[1,7,10,11],"killed_by":"Gremlin Nob","ascension_level":20}}