{"host":"6vtgmkkqqeew181q","time":1613361227,"event":{"mods":["100% Spire Juice","BaseMod","Bestiary","Downfall","Faster Ascension Climbing","Hermit","Highlight Path","Minty Spire (QoL Compilation)","Reliquary","Spire Arcade","StSLib","The Jungle"],"gold_per_floor":[113,130,130,148,162,162,196,196,196,223,233,233,252,9,9,109,109,119,29,44,44,60,60,70,80,104,104,104,115,143,143,143,322,322,333,333,398,431,431,431],"floor_reached":39,"language":"ENG","playtime":4716,"items_purged":["hermit:Strike_Hermit"],"score":395,"play_id":"9052437e-eeb6-4cac-8225-bf395e02db3b","local_time":"20210214195347","is_ascension_mode":false,"campfire_choices":[{"data":"hermit:Dive","floor":6,"key":"SMITH"},{"data":"hermit:Headshot","floor":8,"key":"SMITH"},{"data":"hermit:PistolWhip","floor":15,"key":"SMITH"},{"data":"hermit:BlackWind","floor":23,"key":"SMITH"},{"data":"hermit:DeadOrAlive","floor":28,"key":"SMITH"},{"data":"hermit:PistolWhip","floor":32,"key":"SMITH"}],"circlet_count":0,"master_deck":["hermit:Strike_Hermit","hermit:Strike_Hermit","hermit:Defend_Hermit","hermit:Defend_Hermit","hermit:Defend_Hermit","hermit:Defend_Hermit","hermit:Snapshot","hermit:Covet","hermit:PistolWhip+1","hermit:Dive+1","hermit:FlashPowder","hermit:Vantage","hermit:Headshot+1","hermit:PistolWhip+1","hermit:Spite","hermit:Cheat","hermit:BlackWind+1","hermit:Grudge","hermit:Brawl","hermit:TakeAim","hermit:Glare+1","Clumsy","hermit:DeadOrAlive+1","Regret","hermit:FatalDesire","hermit:FlashPowder+1"],"relics":["hermit:Momento","Slimebound:StickyStick","The Courier","hexamod:Sixitude","Unceasing Top","Cursed Key","reliquary:RosewoodLute","reliquary:RedCape","Dead Branch"],"acts_visited":["Exordium","Exordium","TheBeyond"],"potions_floor_usage":[5,16,29,30,33,35],"damage_taken":[{"damage":6,"enemies":"Jaw Worm","floor":1,"turns":3},{"damage":1,"enemies":"2 Louse","floor":2,"turns":3},{"damage":0,"enemies":"Cultist","floor":4,"turns":4},{"damage":3,"enemies":"Lots of Slimes","floor":5,"turns":4},{"damage":34,"enemies":"Gremlin Nob","floor":7,"turns":5},{"damage":3,"enemies":"Lagavulin","floor":10,"turns":8},{"damage":0,"enemies":"3 Louse","floor":11,"turns":4},{"damage":0,"enemies":"Gremlin Gang","floor":13,"turns":3},{"damage":17,"enemies":"The Guardian","floor":16,"turns":11},{"damage":6,"enemies":"theJungle:MUSHROOMGANG","floor":18,"turns":4},{"damage":3,"enemies":"theJungle:GiantWrat","floor":20,"turns":4},{"damage":10,"enemies":"theJungle:JungleHuntersEncounter","floor":22,"turns":4},{"damage":4,"enemies":"theJungle:SlimyTreeVines","floor":24,"turns":5},{"damage":0,"enemies":"theJungle:Snecko_Cultist_And_Trap","floor":25,"turns":5},{"damage":10,"enemies":"theJungle:Lyon","floor":29,"turns":3},{"damage":25,"enemies":"theJungle:2_Flameangoes","floor":30,"turns":4},{"damage":2,"enemies":"theJungle:FunGuy","floor":33,"turns":8},{"damage":24,"enemies":"3 Darklings","floor":35,"turns":6},{"damage":22,"enemies":"Mind Bloom Boss Battle","floor":37,"turns":9},{"damage":9,"enemies":"3 Shapes","floor":38,"turns":3},{"damage":21,"enemies":"Transient","floor":39,"turns":2}],"seed_played":"-1231181871275817112","potions_obtained":[{"floor":1,"key":"Fire Potion"},{"floor":11,"key":"champ:CounterPotion"},{"floor":20,"key":"PowerPotion"},{"floor":22,"key":"sneckomod:MuddlingPotion"},{"floor":25,"key":"Dexterity Potion"},{"floor":30,"key":"Block Potion"},{"floor":37,"key":"Weak Potion"}],"is_trial":false,"path_per_floor":["M","M","?","M","M","R","E","R","T","E","M","?","M","$","R","B",null,"M","$","M","$","M","R","M","M","T","?","R","M","M","?","R","B",null,"M","?","?","M","M"],"character_chosen":"HERMIT","items_purchased":["Unceasing Top","hermit:Grudge"],"campfire_rested":0,"item_purchase_floors":[14,19],"current_hp_per_floor":[69,68,68,68,65,65,31,31,31,28,28,28,28,28,28,11,75,69,69,66,66,56,56,58,58,58,58,58,48,23,75,75,73,75,51,51,29,20,0,0],"gold":431,"neow_bonus":"THREE_CARDS","is_daily":false,"chose_seed":false,"campfire_upgraded":6,"win_rate":0.0,"timestamp":1613361227,"path_taken":["M","M","?","M","M","R","E","R","T","E","M","?","?","$","R","BOSS","M","$","M","?","M","R","M","M","T","?","R","M","?","?","R","BOSS","M","?","?","M","M"],"items_purchased_type":["Relic","Card"],"build_version":"2020-12-22","purchased_purges":1,"victory":false,"max_hp_per_floor":[75,75,75,75,75,75,75,75,75,75,75,75,75,75,75,75,75,75,75,75,75,75,75,75,75,75,75,75,75,75,75,75,75,75,75,75,75,75,75,75],"card_choices":[{"not_picked":["hermit:TakeAim","hermit:CalledShot"],"picked":"hermit:PistolWhip","floor":0},{"not_picked":["hermit:ShadowCloak","hermit:Ricochet"],"picked":"hermit:Dive","floor":1},{"not_picked":["hermit:CalledShot","hermit:Manifest"],"picked":"hermit:FlashPowder","floor":2},{"not_picked":["hermit:HoleUp","hermit:Vantage","hermit:HighCaliber"],"picked":"SKIP","floor":4},{"not_picked":["hermit:Coalescence","hermit:Virtue"],"picked":"hermit:Vantage","floor":5},{"not_picked":["hermit:Vantage","hermit:Scavenge"],"picked":"hermit:Headshot","floor":7},{"not_picked":["hermit:LowProfile","hermit:HoleUp"],"picked":"hermit:PistolWhip","floor":10},{"not_picked":["hermit:CalledShot","hermit:FullyLoaded"],"picked":"hermit:Spite","floor":11},{"not_picked":["hermit:LowProfile","hermit:CalledShot"],"picked":"hermit:Cheat","floor":13},{"not_picked":["hermit:Magnum","hermit:EternalForm"],"picked":"hermit:BlackWind","floor":16},{"not_picked":["hermit:Manifest","hermit:Headshot","hermit:HighCaliber+1"],"picked":"SKIP","floor":18},{"not_picked":["hermit:ItchyTrigger","hermit:Midnight"],"picked":"hermit:Brawl","floor":20},{"not_picked":["hermit:Snipe","hermit:BodyArmor+1"],"picked":"hermit:TakeAim","floor":22},{"not_picked":["hermit:HighNoon","hermit:Misfire","hermit:ItchyTrigger"],"picked":"SKIP","floor":24},{"not_picked":["hermit:Misfire+1","hermit:TrackingShot+1"],"picked":"hermit:Glare+1","floor":25},{"not_picked":["hermit:HoleUp","hermit:Shortfuse","hermit:TrackingShot"],"picked":"SKIP","floor":29},{"not_picked":["hermit:NoHoldsBarred","hermit:TrackingShot","hermit:HoleUp"],"picked":"SKIP","floor":30},{"not_picked":["hermit:Magnum","hermit:Dissolve"],"picked":"hermit:FatalDesire","floor":33},{"not_picked":["hermit:Roulette+1","hermit:DeadMansHand","hermit:SprayPray+1"],"picked":"SKIP","floor":35},{"not_picked":["hermit:BodyArmor","hermit:ItchyTrigger"],"picked":"hermit:FlashPowder+1","floor":37},{"not_picked":["hermit:Glare","hermit:BigShot","hermit:Feint+1"],"picked":"SKIP","floor":38}],"player_experience":641930,"relics_obtained":[{"floor":7,"key":"Slimebound:StickyStick"},{"floor":9,"key":"The Courier"},{"floor":10,"key":"hexamod:Sixitude"},{"floor":26,"key":"reliquary:RosewoodLute"},{"floor":37,"key":"Dead Branch"}],"event_choices":[{"cards_removed":["hermit:Strike_Hermit"],"damage_healed":0,"gold_gain":0,"player_choice":"Offered Basic","damage_taken":0,"max_hp_gain":0,"max_hp_loss":0,"event_name":"Bonfire Elementals","floor":12,"gold_loss":0},{"damage_healed":0,"gold_gain":0,"player_choice":"2 cards matched","damage_taken":0,"max_hp_gain":0,"max_hp_loss":0,"event_name":"Match and Keep!","floor":27,"gold_loss":0,"cards_obtained":["hermit:DeadOrAlive","Regret"]},{"damage_healed":52,"gold_gain":0,"player_choice":"Full Heal","damage_taken":0,"max_hp_gain":0,"max_hp_loss":0,"event_name":"Wheel of Change","floor":31,"gold_loss":0},{"damage_healed":0,"gold_gain":0,"player_choice":"Ignored","damage_taken":0,"max_hp_gain":0,"max_hp_loss":0,"event_name":"Tomb of Lord Red Mask","floor":36,"gold_loss":0},{"damage_healed":0,"gold_gain":0,"player_choice":"Fight","damage_taken":0,"max_hp_gain":0,"max_hp_loss":0,"event_name":"MindBloom","floor":37,"gold_loss":0}],"is_beta":false,"boss_relics":[{"not_picked":["reliquary:RedPaperclip","hermit:DentedPlate"],"picked":"Cursed Key"},{"not_picked":["reliquary:WritOfMandamus","Coffee Dripper"],"picked":"reliquary:RedCape"}],"items_purged_floors":[19],"is_endless":false,"potions_floor_spawned":[1,11,20,22,25,30,37],"killed_by":"Transient","ascension_level":0}}