{"host":"x3688v8yj57o2b0e","time":1613362438,"event":{"mods":["BaseMod","Minty Spire (QoL Compilation)"],"gold_per_floor":[112,123,123,198,373,373,392,392,392,392,402,28,61,77,77,177,177,192,209,222,222,19,50,4,34,34,68,78,78,78,98,98,199,199,215,215,92,105,26,26,26,41,41,41,41,51,51,51],"floor_reached":47,"language":"ENG","playtime":2374,"items_purged":["Doubt","Carnage"],"score":580,"play_id":"53655c5c-7957-49af-88f7-912a3787dfe6","local_time":"20210214231358","is_ascension_mode":true,"campfire_choices":[{"data":"Seeing Red","floor":6,"key":"SMITH"},{"data":"Battle Trance","floor":8,"key":"SMITH"},{"data":"Bash","floor":10,"key":"SMITH"},{"floor":15,"key":"REST"},{"data":"Inflame","floor":29,"key":"SMITH"},{"floor":32,"key":"REST"},{"floor":40,"key":"REST"},{"floor":45,"key":"REST"}],"circlet_count":0,"master_deck":["Bash+1","Anger","Seeing Red+1","Battle Trance+1","Clothesline","Shockwave","Whirlwind","True Grit+1","Limit Break+1","Battle Trance+1","Thunderclap","Entrench+1","Armaments+1","True Grit+1","Shrug It Off+1","Seeing Red+1","Pommel Strike","Inflame+1","Dual Wield+1","Double Tap+1","True Grit+1","Corruption","Thunderclap","Metallicize","Metallicize","Power Through+1","Uppercut","Disarm+1","Shrug It Off+1","Headbutt","True Grit+1","Impervious+1","Fire Breathing+1","Flex+1"],"relics":["Velvet Choker","Nunchaku","Mango","Tiny Chest","Toxic Egg 2","SlaversCollar","Sling","Blood Vial","PreservedInsect","Letter Opener","StrikeDummy","Pandora\u0027s Box","Bag of Marbles","StoneCalendar"],"acts_visited":["Exordium","TheCity","TheBeyond"],"potions_floor_usage":[13,16,25,27,42],"damage_taken":[{"damage":12,"enemies":"Jaw Worm","floor":1,"turns":4},{"damage":0,"enemies":"Small Slimes","floor":2,"turns":2},{"damage":0,"enemies":"2 Louse","floor":7,"turns":2},{"damage":5,"enemies":"2 Fungi Beasts","floor":11,"turns":4},{"damage":15,"enemies":"Lagavulin","floor":13,"turns":4},{"damage":22,"enemies":"Exordium Thugs","floor":14,"turns":3},{"damage":52,"enemies":"The Guardian","floor":16,"turns":13},{"damage":0,"enemies":"Chosen","floor":18,"turns":4},{"damage":0,"enemies":"3 Byrds","floor":19,"turns":4},{"damage":22,"enemies":"Centurion and Healer","floor":20,"turns":7},{"damage":15,"enemies":"Slavers","floor":23,"turns":2},{"damage":25,"enemies":"Book of Stabbing","floor":25,"turns":4},{"damage":1,"enemies":"Gremlin Leader","floor":27,"turns":4},{"damage":0,"enemies":"Snecko","floor":28,"turns":4},{"damage":8,"enemies":"Chosen and Byrds","floor":31,"turns":4},{"damage":43,"enemies":"Collector","floor":33,"turns":7},{"damage":44,"enemies":"3 Shapes","floor":35,"turns":5},{"damage":21,"enemies":"3 Darklings","floor":38,"turns":3},{"damage":50,"enemies":"Spire Growth","floor":42,"turns":7},{"damage":0,"enemies":"Jaw Worm Horde","floor":46,"turns":4},{"damage":53,"enemies":"Transient","floor":47,"turns":4}],"seed_played":"4150099600650653449","potions_obtained":[{"floor":1,"key":"Strength Potion"},{"floor":7,"key":"Explosive Potion"},{"floor":11,"key":"DistilledChaos"},{"floor":18,"key":"BloodPotion"},{"floor":20,"key":"Ancient Potion"},{"floor":31,"key":"SkillPotion"},{"floor":42,"key":"BloodPotion"},{"floor":46,"key":"Explosive Potion"}],"is_trial":false,"path_per_floor":["M","M","?","?","?","R","M","R","T","R","M","$","E","M","R","B",null,"M","M","M","?","$","E","$","E","T","E","M","R","?","M","R","B",null,"M","?","$","M","$","R","T","M","T","$","R","M","M"],"character_chosen":"IRONCLAD","items_purchased":["Shockwave","Whirlwind","Tiny Chest","Armaments+1","Sling","Shrug It Off+1","Headbutt","Impervious+1"],"campfire_rested":4,"item_purchase_floors":[12,12,12,22,22,24,37,39],"current_hp_per_floor":[68,68,65,54,54,54,54,54,68,68,63,63,48,26,54,2,94,94,94,72,72,72,57,57,52,52,53,55,55,55,49,77,36,94,50,50,50,31,31,59,59,11,11,11,39,41,0,0],"gold":51,"neow_bonus":"BOSS_RELIC","is_daily":false,"chose_seed":false,"campfire_upgraded":4,"win_rate":0.0,"timestamp":1613362438,"path_taken":["M","M","?","?","?","R","M","R","T","R","?","$","E","M","R","BOSS","M","M","M","?","$","E","$","E","T","E","M","R","?","M","R","BOSS","M","?","$","M","$","R","?","M","T","?","R","M","?"],"items_purchased_type":["Card","Card","Relic","Card","Relic","Card","Card","Card"],"build_version":"2020-12-22","purchased_purges":2,"victory":false,"max_hp_per_floor":[80,80,80,80,80,80,80,80,94,94,94,94,94,94,94,94,94,94,94,94,94,94,94,94,94,94,94,94,94,94,94,94,94,94,94,94,94,94,94,94,94,94,94,94,94,94,94,94],"card_choices":[{"not_picked":["Dropkick","Twin Strike"],"picked":"Anger","floor":1},{"not_picked":["Thunderclap","Warcry"],"picked":"Seeing Red","floor":2},{"not_picked":["Thunderclap","Sever Soul"],"picked":"Battle Trance","floor":7},{"not_picked":["Iron Wave","Seeing Red"],"picked":"Clothesline","floor":11},{"not_picked":["Iron Wave","Juggernaut"],"picked":"True Grit+1","floor":13},{"not_picked":["Flex+1","Heavy Blade","Rampage"],"picked":"SKIP","floor":14},{"not_picked":["Double Tap+1","Bludgeon"],"picked":"Limit Break+1","floor":16},{"not_picked":["Rupture","Wild Strike"],"picked":"Battle Trance+1","floor":18},{"not_picked":["Sword Boomerang","Iron Wave"],"picked":"Thunderclap","floor":19},{"not_picked":["Twin Strike","Wild Strike+1"],"picked":"Entrench+1","floor":20},{"not_picked":["Wild Strike","Armaments+1"],"picked":"True Grit+1","floor":23},{"not_picked":["Berserk","Thunderclap+1"],"picked":"Seeing Red+1","floor":25},{"not_picked":["Disarm+1","Searing Blow"],"picked":"Pommel Strike","floor":27},{"not_picked":["Heavy Blade","True Grit+1"],"picked":"Inflame","floor":28},{"not_picked":["Wild Strike","Clash","Body Slam"],"picked":"SKIP","floor":31},{"not_picked":["Immolate","Bludgeon"],"picked":"Double Tap+1","floor":33},{"not_picked":["Ghostly Armor+1","Warcry+1"],"picked":"Shrug It Off+1","floor":35},{"not_picked":["Thunderclap","Entrench+1"],"picked":"True Grit+1","floor":38},{"not_picked":["Heavy Blade+1","Cleave+1"],"picked":"Fire Breathing+1","floor":42},{"not_picked":["Seeing Red+1","Thunderclap"],"picked":"Flex+1","floor":46}],"player_experience":238155,"relics_obtained":[{"floor":9,"key":"Mango"},{"floor":13,"key":"Toxic Egg 2"},{"floor":23,"key":"Blood Vial"},{"floor":25,"key":"PreservedInsect"},{"floor":26,"key":"Letter Opener"},{"floor":27,"key":"StrikeDummy"},{"floor":41,"key":"Bag of Marbles"},{"floor":43,"key":"StoneCalendar"}],"event_choices":[{"damage_healed":0,"gold_gain":0,"player_choice":"Success","damage_taken":3,"relics_obtained":["Nunchaku"],"max_hp_gain":0,"max_hp_loss":0,"event_name":"Scrap Ooze","floor":3,"gold_loss":0},{"damage_healed":0,"gold_gain":75,"player_choice":"Gather Gold","damage_taken":11,"max_hp_gain":0,"max_hp_loss":0,"event_name":"World of Goop","floor":4,"gold_loss":0},{"damage_healed":0,"gold_gain":175,"player_choice":"AGREE","damage_taken":0,"max_hp_gain":0,"max_hp_loss":0,"event_name":"Liars Game","floor":5,"gold_loss":0,"cards_obtained":["Doubt"]},{"damage_healed":0,"gold_gain":0,"player_choice":"Simplicity","damage_taken":0,"max_hp_gain":0,"max_hp_loss":0,"event_name":"Back to Basics","floor":21,"gold_loss":0,"cards_upgraded":["Strike_R","Strike_R","Strike_R","Strike_R","Strike_R","Defend_R","Defend_R","Defend_R","Defend_R"]},{"damage_healed":0,"gold_gain":0,"player_choice":"Read","damage_taken":0,"max_hp_gain":0,"max_hp_loss":0,"event_name":"The Library","floor":30,"gold_loss":0,"cards_obtained":["Dual Wield"]},{"damage_healed":0,"gold_gain":0,"player_choice":"Ignored","damage_taken":0,"max_hp_gain":0,"max_hp_loss":0,"event_name":"Tomb of Lord Red Mask","floor":36,"gold_loss":0}],"is_beta":false,"boss_relics":[{"not_picked":["Ectoplasm","Sozu"],"picked":"SlaversCollar"},{"not_picked":["Tiny House","Runic Dome"],"picked":"Pandora\u0027s Box"}],"items_purged_floors":[12,37],"is_endless":false,"potions_floor_spawned":[1,7,11,18,20,31,42,46],"killed_by":"Transient","ascension_level":3}}