{"host":"np9ouipdmi0bkas5","time":1613419616,"event":{"mods":["AchievementEnabler","Aspiration","BaseMod","Better Altar","Better Match","Better Skull","Better Third Choice","Colored Map","Downfall","Highlight Path","Hubris","Infinite Spire","Minty Spire (QoL Compilation)","Replay The Spire","StSLib"],"gold_per_floor":[117,142,156,156,168,199,199,230,230,230,230],"floor_reached":10,"language":"ENG","playtime":298,"items_purged":[],"score":84,"play_id":"f32bdf9d-d086-4804-9464-7a00d0bc325d","local_time":"20210215120656","is_ascension_mode":true,"campfire_choices":[{"floor":7,"key":"RECALL"}],"circlet_count":0,"master_deck":["Strike_B","Strike_B","Strike_B","Strike_B","Defend_B","Defend_B","Defend_B","Defend_B","Zap","Dualcast","Beam Cell","Ball Lightning","Redo","Capacitor","Ball Lightning"],"relics":["Cracked Core","Letter Opener","InkBottle","White Beast Statue"],"acts_visited":["Exordium"],"potions_floor_usage":[6,6,10],"damage_taken":[{"damage":0,"enemies":"Cultist","floor":1,"turns":3},{"damage":12,"enemies":"Small Slimes","floor":3,"turns":3},{"damage":0,"enemies":"2 Louse","floor":5,"turns":1},{"damage":21,"enemies":"Lagavulin","floor":6,"turns":4},{"damage":40,"enemies":"3 Sentries","floor":8,"turns":6},{"damage":8,"enemies":"Lagavulin","floor":10,"turns":2}],"seed_played":"-4987902812032764828","potions_obtained":[{"floor":3,"key":"FocusPotion"},{"floor":4,"key":"PotionOfCapacity"},{"floor":4,"key":"Reflective Coating"}],"is_trial":false,"path_per_floor":["M","T","M","?","M","E","R","E","T","E"],"character_chosen":"DEFECT","items_purchased":[],"campfire_rested":0,"item_purchase_floors":[],"current_hp_per_floor":[75,75,63,63,63,42,42,2,2,0,0],"gold":230,"neow_bonus":"THREE_CARDS","is_daily":false,"chose_seed":false,"campfire_upgraded":0,"win_rate":0.0,"timestamp":1613419616,"path_taken":["M","?","M","?","?","E","R","E","T","E"],"items_purchased_type":[],"build_version":"2020-12-22","purchased_purges":0,"victory":false,"max_hp_per_floor":[75,75,75,75,75,75,75,75,75,75,75],"card_choices":[{"not_picked":["Rebound","Redo"],"picked":"Beam Cell","floor":0},{"not_picked":["Conserve Battery","Time Bomb"],"picked":"Ball Lightning","floor":1},{"not_picked":["Go for the Eyes","Barrage"],"picked":"Redo","floor":3},{"not_picked":["Barrage","Leap","Sweeping Beam"],"picked":"SKIP","floor":5},{"not_picked":["hubris:Ukulele","ReplayTheSpireMod:System Scan"],"picked":"Capacitor","floor":6},{"not_picked":["BootSequence","ReplayTheSpireMod:GoodbyeWorld"],"picked":"Ball Lightning","floor":8}],"player_experience":128640,"relics_obtained":[{"floor":6,"key":"Letter Opener"},{"floor":8,"key":"InkBottle"},{"floor":9,"key":"White Beast Statue"}],"event_choices":[{"damage_healed":0,"gold_gain":0,"player_choice":"Got Potions","damage_taken":0,"max_hp_gain":0,"max_hp_loss":0,"event_name":"Lab","floor":4,"gold_loss":0}],"is_beta":false,"boss_relics":[],"items_purged_floors":[],"is_endless":false,"potions_floor_spawned":[3,5],"killed_by":"Lagavulin","ascension_level":2}}