{"host":"znuunkttinnn1f17","time":1613426230,"event":{"mods":["BaseMod","Colored Map","Downfall","Minty Spire (QoL Compilation)","Replay The Spire","StSLib"],"gold_per_floor":[109,125,141,157,173,200,200,200,200],"floor_reached":8,"language":"ENG","playtime":336,"items_purged":[],"score":75,"play_id":"156e289e-0110-41ac-b0ab-fcc4bff3c3b0","local_time":"20210215225710","is_ascension_mode":true,"campfire_choices":[{"data":"Storm","floor":7,"key":"SMITH"}],"circlet_count":0,"master_deck":["Strike_B","Strike_B","Strike_B","Defend_B","Defend_B","Defend_B","Zap","Dualcast","Storm+1","Barrage","Self Repair"],"relics":["Cracked Core","Anchor"],"acts_visited":["Exordium"],"potions_floor_usage":[6,6],"damage_taken":[{"damage":0.0,"enemies":"2 Louse","floor":1.0,"turns":2.0},{"damage":0.0,"enemies":"Small Slimes","floor":2.0,"turns":2.0},{"damage":1.0,"enemies":"Cultist","floor":3.0,"turns":3.0},{"damage":11.0,"enemies":"Blue Slaver","floor":4.0,"turns":4.0},{"damage":15.0,"enemies":"Exordium Thugs","floor":5.0,"turns":5.0},{"damage":21,"enemies":"Gremlin Nob","floor":6,"turns":4},{"damage":40,"enemies":"3 Sentries","floor":8,"turns":5}],"seed_played":"7518414502768019898","potions_obtained":[{"floor":3.0,"key":"DistilledChaos"},{"floor":4.0,"key":"GamblersBrew"},{"floor":6,"key":"FairyPotion"}],"is_trial":false,"path_per_floor":["M","M","M","M","M","E","R","E"],"character_chosen":"DEFECT","items_purchased":[],"campfire_rested":0,"item_purchase_floors":[],"current_hp_per_floor":[68,68,67,56,41,20,20,0,0],"gold":200,"neow_bonus":"REMOVE_TWO","is_daily":false,"chose_seed":false,"campfire_upgraded":1,"win_rate":0.0,"timestamp":1613426230,"path_taken":["M","M","M","M","M","E","R","E"],"items_purchased_type":[],"build_version":"2020-12-22","purchased_purges":0,"victory":false,"max_hp_per_floor":[68,68,68,68,68,68,68,68,68],"card_choices":[{"not_picked":["Leap","Hologram"],"picked":"Storm","floor":1.0},{"not_picked":["Compile Driver","Streamline"],"picked":"Barrage","floor":2.0},{"not_picked":["Rebound","Panic Button","Stack"],"picked":"SKIP","floor":3.0},{"not_picked":["Ball Lightning","Fusion","BasicCrystalCard"],"picked":"SKIP","floor":4.0},{"not_picked":["Cold Snap","Streamline","Rip and Tear"],"picked":"SKIP","floor":5.0},{"not_picked":["Redo","Steam"],"picked":"Self Repair","floor":6}],"player_experience":235120,"relics_obtained":[{"floor":6,"key":"Anchor"}],"event_choices":[],"is_beta":false,"boss_relics":[],"items_purged_floors":[],"is_endless":false,"potions_floor_spawned":[3,4,6],"killed_by":"3 Sentries","ascension_level":5}}