{"host":"kpcx2wrn7eq3nf7c","time":1613403081,"event":{"mods":["Act Like it!","BaseMod","CapriCore","Card Forge","Friendly Minions","Gensokyo","Hermit","Koishi","Marisa（霧雨　魔理沙）","Minty Spire (QoL Compilation)","StSLib","The Animator","The Immortal","The Servant 0.9.4","Waifu the Spire","Youmu（魂魄妖梦）"],"gold_per_floor":[118,118,136,136,136,136,155,183,183,43,61,61,61,79,79,175,175,185,285,300,313,5,5,36,286,309,309,336,348,359,18,18,117,117,136,136,136,148,164,194,208,241,266,266,283,327,156,6,6,6,6,6,6,43,43],"floor_reached":56,"language":"ZHS","playtime":4014,"items_purged":["ForgedInTime","Defend_S"],"score":1490,"play_id":"445a964c-0630-4c16-852e-0d0aad4f4241","local_time":"20210215233121","is_ascension_mode":true,"campfire_choices":[{"data":"Trip","floor":6.0,"key":"SMITH"},{"data":"SurpressingFire","floor":12.0,"key":"SMITH"},{"data":"Potential","floor":15.0,"key":"SMITH"},{"data":"SurpressingFire","floor":23,"key":"SMITH"},{"data":"FloweringNight","floor":32,"key":"SMITH"},{"floor":49,"key":"RECALL"},{"data":"SurpressingFire","floor":52,"key":"SMITH"}],"circlet_count":0,"master_deck":["Defend_S","KidneyShot","Exchange","Trip+1","TimeWarp","SurpressingFire+1","SurpressingFire+1","SurpressingFire+1","Potential+1","Rearm+1","Starlight+1","BottledTime","KillingDoll","Potential+1","Impatience","FloweringNight+1","WasteNot+1","Dark Shackles","PendulumOfEternity","SilverBlades+1","TheWorld","Contraction+1","SpecialFormula","Reset","BottledTime+1","Gensokyo:ManorOfTheDishes+1","Dilation"],"relics":["Uniform","Hammer of Thor","Seething Fire","Anvil of the Gods","HornCleat","Eternal Feather","Prayer Wheel","Gensokyo:Justice","Empty Cage","Turnip","Unceasing Top","ClockworkSouvenir","Shuriken","Akabeko","Frozen Egg 2","Juzu Bracelet","Nunchaku","MysterySword","Bird Faced Urn","Bottled Lightning","Pear","CeramicFish","TheAbacus","Boot"],"acts_visited":["Gensokyo:Gensokyo","Gensokyo:Gensokyoer","Gensokyo:Gensokyoest","TheEnding"],"potions_floor_usage":[16,19,50,55,55],"damage_taken":[{"damage":0.0,"enemies":"Gensokyo:Python","floor":1.0,"turns":3.0},{"damage":0.0,"enemies":"Gensokyo:3_Fairies","floor":3.0,"turns":3.0},{"damage":0.0,"enemies":"Gensokyo:Gryphon","floor":7.0,"turns":4.0},{"damage":10.0,"enemies":"Gensokyo:Mamizou","floor":8.0,"turns":9.0},{"damage":0.0,"enemies":"Gensokyo:VengefulSpirit","floor":11.0,"turns":4.0},{"damage":20.0,"enemies":"Gensokyo:LivingMonolith","floor":14.0,"turns":4.0},{"damage":12,"enemies":"Gensokyo:Kokoro","floor":16,"turns":12},{"damage":0,"enemies":"Gensokyo:2_Gloops","floor":18,"turns":5},{"damage":0,"enemies":"Gensokyo:2_Gloops","floor":19,"turns":6},{"damage":3,"enemies":"Gensokyo:Chomper","floor":20,"turns":4},{"damage":0,"enemies":"Gensokyo:Wraith","floor":21,"turns":3},{"damage":0,"enemies":"Gensokyo:Reisen","floor":24,"turns":6},{"damage":19,"enemies":"Gensokyo:Tenshi","floor":28,"turns":3},{"damage":0,"enemies":"Gensokyo:Monolith_and_Dog","floor":29,"turns":3},{"damage":18,"enemies":"Gensokyo:Mirror_and_Dog","floor":30,"turns":3},{"damage":0,"enemies":"Gensokyo:Eiki","floor":33,"turns":3},{"damage":0,"enemies":"Gensokyo:3_Boulders","floor":35,"turns":2},{"damage":70,"enemies":"Gensokyo:3_Boulders","floor":37,"turns":5},{"damage":0,"enemies":"Gensokyo:AncientGuardian","floor":38,"turns":3},{"damage":0,"enemies":"Gensokyo:Rafflesia","floor":39,"turns":3},{"damage":22,"enemies":"Gensokyo:Kasen","floor":40,"turns":4},{"damage":0,"enemies":"Gensokyo:Sharpion","floor":41,"turns":3},{"damage":0,"enemies":"Gensokyo:Doremy","floor":42,"turns":3},{"damage":0,"enemies":"Gensokyo:SeedOfUnknown","floor":45,"turns":3},{"damage":0,"enemies":"Gensokyo:Kasen","floor":46,"turns":4},{"damage":9,"enemies":"Gensokyo:Yuyuko","floor":50,"turns":5},{"damage":18,"enemies":"Shield and Spear","floor":54,"turns":4},{"damage":6,"enemies":"The Heart","floor":55,"turns":6}],"seed_played":"-7874920621726915929","potions_obtained":[{"floor":3.0,"key":"SkillPotion"},{"floor":11.0,"key":"Regen Potion"},{"floor":14.0,"key":"ColorlessPotion"},{"floor":16,"key":"FearPotion"},{"floor":18,"key":"ColorlessPotion"},{"floor":24,"key":"Weak Potion"},{"floor":28,"key":"Strength Potion"},{"floor":30,"key":"CultistPotion"},{"floor":33,"key":"Regen Potion"},{"floor":45,"key":"Dexterity Potion"}],"is_trial":false,"path_per_floor":["M","?","M","?","?","R","M","E","T","?","M","R","?","M","R","B",null,"M","?","M","M","$","R","E","?","T","?","E","M","M","$","R","B",null,"M","?","?","M","M","E","M","E","T","?","M","E","COS","$","R","B",null,"R","$","E","B",null],"character_chosen":"THE_SERVANT","items_purchased":["Impatience","ClockworkSouvenir","Nunchaku","Dark Shackles","TheAbacus"],"campfire_rested":0,"item_purchase_floors":[22,22,31,31,48],"current_hp_per_floor":[65,39,39,39,45,45,45,35,35,35,35,41,41,21,27,30,71,71,71,68,68,68,71,71,67,67,62,43,43,25,25,37,37,62,62,38,38,50,62,40,55,72,72,72,72,72,72,72,72,72,72,72,72,63,72],"gold":43,"neow_bonus":"RANDOM_COLORLESS","is_daily":false,"chose_seed":false,"campfire_upgraded":6,"win_rate":0.0,"timestamp":1613403081,"path_taken":["M","?","?","?","?","R","M","E","T","?","M","R","?","M","R","BOSS","M","?","?","M","$","R","E","?","T","?","E","M","M","$","R","BOSS","M","?","?","M","M","E","M","E","T","?","M","E","COS","?","R","BOSS","R","$","E","BOSS"],"items_purchased_type":["Card","Relic","Relic","Card","Relic"],"build_version":"2020-12-22","purchased_purges":2,"victory":true,"max_hp_per_floor":[65,65,65,65,71,71,71,71,71,71,71,71,71,71,71,71,71,71,71,71,71,71,71,71,67,67,62,62,62,62,62,62,62,62,62,62,62,62,62,62,62,72,72,72,72,72,72,72,72,72,72,72,72,72,72],"card_choices":[{"not_picked":["Dramatic Entrance","Swift Strike"],"picked":"Trip","floor":0.0},{"not_picked":["Rewind","Potential"],"picked":"InstantArmor","floor":1.0},{"not_picked":["Ricochet","Starlight"],"picked":"ShiftingGears","floor":3.0},{"not_picked":["TimeTheft","Shuttle"],"picked":"TimeWarp","floor":7.0},{"not_picked":["Moonlight","Deny"],"picked":"SurpressingFire","floor":8.0},{"not_picked":["Ricochet","Rewind"],"picked":"SurpressingFire","floor":11.0},{"not_picked":["Ricochet","FastForward"],"picked":"SurpressingFire","floor":11.0},{"not_picked":["FastForward","Unruled"],"picked":"Potential","floor":14.0},{"not_picked":["Replace","Revamp","ReturningBlade"],"picked":"SKIP","floor":14.0},{"not_picked":["KillingDoll","Solidify"],"picked":"ForgedInTime","floor":16},{"not_picked":["Alleviate","Hightail"],"picked":"Rearm+1","floor":18},{"not_picked":["DoubleEdge","Potential+1"],"picked":"Starlight+1","floor":18},{"not_picked":["Spin","TimeWarp"],"picked":"BottledTime","floor":19},{"not_picked":["Ricochet","Gouge"],"picked":"KillingDoll","floor":20},{"not_picked":["Rearm","Unruled","TimeTheft"],"picked":"SKIP","floor":20},{"not_picked":["Desolation","Alleviate"],"picked":"Potential+1","floor":21},{"not_picked":["Spin+1","Ricochet","Rearm"],"picked":"SKIP","floor":21},{"not_picked":["Spin","Rearm+1"],"picked":"FloweringNight","floor":24},{"not_picked":["Potential","Misdirection+1","TimeTheft"],"picked":"SKIP","floor":28},{"not_picked":["DoubleEdge","ReturningBlade","Alleviate"],"picked":"SKIP","floor":29},{"not_picked":["DoubleEdge","Revamp","Ricochet+1"],"picked":"SKIP","floor":29},{"not_picked":["FastForward","TrueSight+1"],"picked":"WasteNot+1","floor":30},{"not_picked":["Defy","DualDimension","Revamp"],"picked":"SKIP","floor":30},{"not_picked":["MurderousAura+1","Initiator"],"picked":"PendulumOfEternity","floor":33},{"not_picked":["Rewind","Collapse+1"],"picked":"Advance","floor":35},{"not_picked":["Defy","Rewind"],"picked":"SilverBlades+1","floor":35},{"not_picked":["Ricochet","Rewind"],"picked":"TheWorld","floor":38},{"not_picked":["ShiftingGears","Spin"],"picked":"Contraction+1","floor":38},{"not_picked":["Replace","Revamp+1","Manipulate+1"],"picked":"SKIP","floor":39},{"not_picked":["Unruled+1","Collapse+1","Rewind+1"],"picked":"SKIP","floor":39},{"not_picked":["Unruled+1","Moonlight"],"picked":"SpecialFormula","floor":40},{"not_picked":["BestPractice+1","Moondial","Defy"],"picked":"SKIP","floor":41},{"not_picked":["Deadline+1","Ricochet","FastForward"],"picked":"SKIP","floor":41},{"not_picked":["Snipe","SilverMatrix+1","ForgedInTime"],"picked":"SKIP","floor":42},{"not_picked":["Defy","Gouge+1"],"picked":"Reset","floor":45},{"not_picked":["Replace","Read+1","DoubleEdge+1"],"picked":"SKIP","floor":45},{"not_picked":["Rewind+1","Gouge"],"picked":"BottledTime+1","floor":46},{"not_picked":["Potential","TimeWarp+1"],"picked":"Dilation","floor":54}],"player_experience":1238382,"relics_obtained":[{"floor":8.0,"key":"HornCleat"},{"floor":9.0,"key":"Eternal Feather"},{"floor":19,"key":"Turnip"},{"floor":19,"key":"Unceasing Top"},{"floor":24,"key":"Shuriken"},{"floor":26,"key":"Akabeko"},{"floor":28,"key":"Juzu Bracelet"},{"floor":40,"key":"Bottled Lightning"},{"floor":42,"key":"Pear"},{"floor":46,"key":"CeramicFish"},{"floor":54,"key":"Boot"}],"event_choices":[],"is_beta":false,"boss_relics":[{"not_picked":["Sozu","Astrolabe"],"picked":"Empty Cage"},{"not_picked":["Cursed Key","Philosopher\u0027s Stone"],"picked":"MysterySword"}],"items_purged_floors":[22,31],"is_endless":false,"potions_floor_spawned":[3,11,14,16,18,24,28,30,33,35,41,45,46],"ascension_level":3}}