{"host":"c6u7e77myxvw4d0m","time":1613413129,"event":{"mods":["AchievementEnabler","BaseMod","Bestiary","Colored Map","Colored Powertips","Minty Spire (QoL Compilation)","Rare Cards Sparkle","Relic Stats","everything is the same but u backflip on backflip"],"gold_per_floor":[114,126,136,152,66,66,98,112,112,129,129,143,143,153,153,227,227,237,211,222,236,249,278,278,228,274,48,77,97,113,139,139,139,139],"floor_reached":33,"language":"ENG","playtime":2435,"items_purged":["Strike_G"],"score":680,"play_id":"747054e6-be17-45f8-9afc-b43dd4cfcfc8","local_time":"20210215201849","is_ascension_mode":true,"campfire_choices":[{"data":"Crippling Poison","floor":6.0,"key":"SMITH"},{"floor":11.0,"key":"REST"},{"data":"Poisoned Stab","floor":13.0,"key":"SMITH"},{"data":"Deadly Poison","floor":15.0,"key":"SMITH"},{"floor":24,"key":"REST"},{"floor":32,"key":"REST"}],"circlet_count":0,"master_deck":["AscendersBane","Strike_G","Strike_G","Strike_G","Strike_G+1","Defend_G","Defend_G","Defend_G","Defend_G","Defend_G","Survivor","Neutralize","Poisoned Stab+1","Bane","Leg Sweep","Crippling Poison+1","Deadly Poison+1","PiercingWail","Dodge and Roll+1","Dagger Spray","Deadly Poison","Wraith Form v2","Burst","Calculated Gamble","Acrobatics"],"relics":["SacredBark","Ninja Scroll","HornCleat","Busted Crown","Letter Opener","Omamori","Mummified Hand","Mercury Hourglass"],"acts_visited":["Exordium","TheCity"],"potions_floor_usage":[19,21,28,29,31,31],"damage_taken":[{"damage":7.0,"enemies":"Cultist","floor":1.0,"turns":5.0},{"damage":6.0,"enemies":"Jaw Worm","floor":2.0,"turns":4.0},{"damage":8.0,"enemies":"Small Slimes","floor":3.0,"turns":3.0},{"damage":11.0,"enemies":"3 Louse","floor":4.0,"turns":7.0},{"damage":14.0,"enemies":"3 Sentries","floor":7.0,"turns":9.0},{"damage":6.0,"enemies":"2 Fungi Beasts","floor":8.0,"turns":4.0},{"damage":0.0,"enemies":"Exordium Wildlife","floor":10.0,"turns":2.0},{"damage":0.0,"enemies":"Blue Slaver","floor":12.0,"turns":4.0},{"damage":0.0,"enemies":"Exordium Thugs","floor":14.0,"turns":3.0},{"damage":9.0,"enemies":"The Guardian","floor":16.0,"turns":10.0},{"damage":31,"enemies":"Chosen","floor":18,"turns":7},{"damage":5,"enemies":"2 Thieves","floor":19,"turns":4},{"damage":8,"enemies":"Snecko","floor":20,"turns":6},{"damage":0,"enemies":"Cultist and Chosen","floor":21,"turns":4},{"damage":1,"enemies":"Snake Plant","floor":22,"turns":4},{"damage":32,"enemies":"Gremlin Leader","floor":23,"turns":8},{"damage":2,"enemies":"Slavers","floor":28,"turns":4},{"damage":0,"enemies":"3 Cultists","floor":29,"turns":2},{"damage":13,"enemies":"Sentry and Sphere","floor":30,"turns":5},{"damage":10,"enemies":"Book of Stabbing","floor":31,"turns":6},{"damage":63,"enemies":"Collector","floor":33,"turns":7}],"seed_played":"-304530257770227412","potions_obtained":[{"floor":3.0,"key":"Fire Potion"},{"floor":7.0,"key":"Energy Potion"},{"floor":10.0,"key":"Block Potion"},{"floor":16,"key":"Weak Potion"},{"floor":18,"key":"Regen Potion"},{"floor":20,"key":"SteroidPotion"},{"floor":23,"key":"Dexterity Potion"},{"floor":28,"key":"ColorlessPotion"},{"floor":31,"key":"Fruit Juice"}],"is_trial":false,"path_per_floor":["M","M","M","M","$","R","E","M","T","M","R","M","R","M","R","B",null,"M","M","M","M","M","E","R","?","T","$","E","M","M","E","R","B"],"character_chosen":"THE_SILENT","items_purchased":["Fire Potion","Deadly Poison","Burst"],"campfire_rested":3,"item_purchase_floors":[5,5,27],"current_hp_per_floor":[52,46,38,27,27,27,13,7,7,7,26,26,26,26,26,17,54,23,52,44,44,43,11,30,30,30,30,28,28,15,15,37,0,0],"gold":139,"neow_bonus":"BOSS_RELIC","is_daily":false,"chose_seed":false,"campfire_upgraded":3,"win_rate":0.0,"timestamp":1613413129,"path_taken":["M","M","M","M","$","R","E","M","T","M","R","M","R","M","R","BOSS","BOSS","M","M","M","?","M","E","R","?","T","$","E","M","?","E","R","BOSS"],"items_purchased_type":["Potion","Card","Card"],"build_version":"2020-12-22","purchased_purges":1,"victory":false,"max_hp_per_floor":[66,66,66,66,66,66,66,66,66,66,66,66,66,66,66,66,66,66,66,66,66,66,66,66,66,66,66,66,66,66,76,76,76,76],"relic_stats":{"Busted Crown":20,"counters":[21,108],"Mummified Hand":[2],"Letter Opener":[80],"obtain_stats":[{"HornCleat":9,"Busted Crown":17,"Ninja Scroll":7,"Mummified Hand":28,"SacredBark":0,"Omamori":26,"Letter Opener":23,"Ring of the Snake":0,"Mercury Hourglass":31},{"HornCleat":6,"Busted Crown":10,"Ninja Scroll":5,"Mummified Hand":17,"SacredBark":0,"Omamori":16,"Letter Opener":16,"Ring of the Snake":0,"Mercury Hourglass":20},{"HornCleat":32,"Busted Crown":51,"Ninja Scroll":28,"Mummified Hand":88,"SacredBark":0,"Omamori":84,"Letter Opener":84,"Ring of the Snake":0,"Mercury Hourglass":101}],"Mercury Hourglass":[33]},"card_choices":[{"not_picked":["Accuracy","Expertise"],"picked":"Poisoned Stab","floor":1.0},{"not_picked":["Poisoned Stab","Expertise"],"picked":"Bane","floor":2.0},{"not_picked":["Reflex","Backflip"],"picked":"Leg Sweep","floor":3.0},{"not_picked":["Poisoned Stab","Flying Knee"],"picked":"Crippling Poison","floor":4.0},{"not_picked":["Sucker Punch","Flechettes","Bane"],"picked":"SKIP","floor":7.0},{"not_picked":["Dodge and Roll","Distraction"],"picked":"PiercingWail","floor":8.0},{"not_picked":["Slice","Bane"],"picked":"Dodge and Roll","floor":10.0},{"not_picked":["Poisoned Stab","Deflect"],"picked":"Dagger Spray","floor":12.0},{"not_picked":["Dagger Throw","Predator"],"picked":"Deadly Poison","floor":14.0},{"not_picked":["Corpse Explosion","Burst"],"picked":"Wraith Form v2","floor":16},{"not_picked":["Accuracy"],"picked":"SKIP","floor":18},{"not_picked":["Distraction"],"picked":"SKIP","floor":19},{"not_picked":["Slice+1"],"picked":"SKIP","floor":20},{"not_picked":["Poisoned Stab"],"picked":"SKIP","floor":21},{"not_picked":["Flechettes"],"picked":"SKIP","floor":22},{"not_picked":["Quick Slash"],"picked":"SKIP","floor":23},{"not_picked":[],"picked":"Calculated Gamble","floor":28},{"not_picked":["Concentrate+1"],"picked":"SKIP","floor":29},{"not_picked":["Bane"],"picked":"SKIP","floor":30},{"not_picked":[],"picked":"Acrobatics","floor":31}],"player_experience":808954,"relics_obtained":[{"floor":7.0,"key":"Ninja Scroll"},{"floor":9.0,"key":"HornCleat"},{"floor":23,"key":"Letter Opener"},{"floor":26,"key":"Omamori"},{"floor":28,"key":"Mummified Hand"},{"floor":31,"key":"Mercury Hourglass"}],"event_choices":[{"damage_healed":0,"gold_gain":0,"player_choice":"Upgraded Two","damage_taken":0,"max_hp_gain":0,"max_hp_loss":0,"event_name":"Designer","floor":25,"gold_loss":50,"cards_upgraded":["Strike_G","Dodge and Roll"]}],"is_beta":false,"boss_relics":[{"not_picked":["Astrolabe","Velvet Choker"],"picked":"Busted Crown"}],"items_purged_floors":[27],"is_endless":false,"potions_floor_spawned":[3,7,10,16,18,20,23,28,31],"killed_by":"Collector","ascension_level":20}}