{"host":"81iaqqr1ryudmr11","time":1613377152,"event":{"mods":["BaseMod","Highlight Path","Minty Spire (QoL Compilation)","Relic Stats"],"gold_per_floor":[109,284,134,147,222,256,279,279,305,134,144,144,157,190,190,190,190],"floor_reached":16,"language":"ENG","playtime":986,"items_purged":["Doubt","Defend_G"],"score":160,"play_id":"13801f4e-daea-4280-b871-1a4f8b413735","local_time":"20210215091912","is_ascension_mode":true,"campfire_choices":[{"floor":8,"key":"REST"},{"data":"Adrenaline","floor":12,"key":"SMITH"},{"data":"After Image","floor":15,"key":"SMITH"}],"circlet_count":0,"master_deck":["Strike_G+1","Strike_G","Strike_G","Strike_G+1","Strike_G","Defend_G","Defend_G","Defend_G","Defend_G","Survivor","Neutralize","Calculated Gamble","Underhanded Strike","PiercingWail","Adrenaline+1","Acrobatics","After Image+1"],"relics":["Ring of the Snake","NeowsBlessing","Whetstone","Odd Mushroom","Nunchaku","PreservedInsect"],"acts_visited":["Exordium"],"potions_floor_usage":[7,16],"damage_taken":[{"damage":0,"enemies":"2 Louse","floor":1,"turns":1},{"damage":0,"enemies":"Jaw Worm","floor":4,"turns":1},{"damage":0,"enemies":"Gremlin Nob","floor":6,"turns":1},{"damage":25,"enemies":"The Mushroom Lair","floor":7,"turns":6},{"damage":0,"enemies":"Small Slimes","floor":11,"turns":3},{"damage":0,"enemies":"2 Fungi Beasts","floor":13,"turns":3},{"damage":31,"enemies":"Lagavulin","floor":14,"turns":8},{"damage":50,"enemies":"Hexaghost","floor":16,"turns":15}],"seed_played":"6728327985233467666","potions_obtained":[{"floor":1,"key":"FairyPotion"},{"floor":6,"key":"Swift Potion"},{"floor":14,"key":"LiquidMemories"}],"is_trial":false,"path_per_floor":["M","?","$","M","?","E","?","R","T","$","M","R","M","E","R","B"],"character_chosen":"THE_SILENT","items_purchased":["Calculated Gamble","Adrenaline"],"campfire_rested":1,"item_purchase_floors":[3,10],"current_hp_per_floor":[70,70,70,70,59,59,34,55,55,55,55,55,55,24,24,0,0],"gold":190,"neow_bonus":"THREE_ENEMY_KILL","is_daily":false,"chose_seed":false,"campfire_upgraded":2,"win_rate":0.0,"timestamp":1613377152,"path_taken":["M","?","$","M","?","E","?","R","T","?","M","R","?","E","R","BOSS"],"items_purchased_type":["Card","Card"],"build_version":"2020-12-22","purchased_purges":2,"victory":false,"max_hp_per_floor":[70,70,70,70,70,70,70,70,70,70,70,70,70,70,70,70,70],"relic_stats":{"Nunchaku":[6],"counters":[8,38],"PreservedInsect":0,"Whetstone":["Strike_G","Strike_G"],"obtain_stats":[{"Nunchaku":9,"NeowsBlessing":0,"PreservedInsect":14,"Whetstone":6,"Odd Mushroom":7,"Ring of the Snake":0},{"Nunchaku":4,"NeowsBlessing":0,"PreservedInsect":7,"Whetstone":3,"Odd Mushroom":4,"Ring of the Snake":0},{"Nunchaku":9,"NeowsBlessing":0,"PreservedInsect":23,"Whetstone":3,"Odd Mushroom":9,"Ring of the Snake":0}],"Ring of the Snake":[16]},"card_choices":[{"not_picked":["Tactician","Deflect","Flechettes"],"picked":"SKIP","floor":1},{"not_picked":["Poisoned Stab","Bane","Dagger Spray"],"picked":"SKIP","floor":4},{"not_picked":["Catalyst","Setup"],"picked":"Underhanded Strike","floor":6},{"not_picked":["Catalyst","Flying Knee"],"picked":"PiercingWail","floor":7},{"not_picked":["Quick Slash","Corpse Explosion"],"picked":"Acrobatics","floor":11},{"not_picked":["All Out Attack","Heel Hook","Deflect"],"picked":"SKIP","floor":13},{"not_picked":["Outmaneuver","Concentrate"],"picked":"After Image","floor":14}],"player_experience":204609,"relics_obtained":[{"floor":6,"key":"Whetstone"},{"floor":7,"key":"Odd Mushroom"},{"floor":9,"key":"Nunchaku"},{"floor":14,"key":"PreservedInsect"}],"event_choices":[{"damage_healed":0,"gold_gain":175,"player_choice":"AGREE","damage_taken":0,"max_hp_gain":0,"max_hp_loss":0,"event_name":"Liars Game","floor":2,"gold_loss":0,"cards_obtained":["Doubt"]},{"damage_healed":0,"gold_gain":75,"player_choice":"Gather Gold","damage_taken":11,"max_hp_gain":0,"max_hp_loss":0,"event_name":"World of Goop","floor":5,"gold_loss":0},{"damage_healed":0,"gold_gain":0,"player_choice":"Fought Mushrooms","damage_taken":0,"max_hp_gain":0,"max_hp_loss":0,"event_name":"Mushrooms","floor":7,"gold_loss":0}],"is_beta":false,"boss_relics":[],"items_purged_floors":[3,10],"is_endless":false,"potions_floor_spawned":[1,6,14],"killed_by":"Hexaghost","ascension_level":4}}