{"host":"52m1o8iwwagurbjs","time":1613353118,"event":{"mods":["AchievementEnabler","BaseMod","Bestiary","Challenge The Spire","Colored Powertips","GifTheSpireLib","Minty Spire (QoL Compilation)","Quick Restart","Relic Stats","StSLib"],"gold_per_floor":[99,99,99,99,69,69,19,19,19,19,19,19,19,19,19,19,19,19,19,19,19,19,19,19,19,19,19,19,19,19,19,19,19,19,19,19,19,19,19,19,19,19,19,19,19],"floor_reached":44,"language":"ENG","playtime":1512,"items_purged":[],"score":500,"play_id":"d887efb8-5494-4d46-a234-23b6a7150dc3","local_time":"20210214203838","is_ascension_mode":true,"campfire_choices":[{"data":"Blade Dance","floor":6.0,"key":"SMITH"},{"data":"Noxious Fumes","floor":15.0,"key":"SMITH"},{"data":"Cloak And Dagger","floor":24.0,"key":"SMITH"},{"floor":29.0,"key":"REST"},{"data":"Envenom","floor":32.0,"key":"SMITH"},{"data":"Burst","floor":40,"key":"SMITH"},{"data":"Neutralize","floor":42,"key":"SMITH"}],"circlet_count":0,"master_deck":["Defend_G","Defend_G","Defend_G","Defend_G","Defend_G","Survivor","Neutralize+1","Dash","Blade Dance+1","Dagger Throw+1","Underhanded Strike","Deflect","Distraction","Noxious Fumes+1","Blade Dance","Envenom+1","Slice","Cloak And Dagger+1","Glass Knife","Bite","Bite","Bite","Bite","Bite","Acrobatics","Burst+1","PiercingWail","Deflect"],"relics":["Ectoplasm","Mango","The Courier","WristBlade","FossilizedHelix","Potion Belt","Anchor","Tiny House","StoneCalendar"],"acts_visited":["Exordium","TheCity","TheBeyond"],"potions_floor_usage":[33,33,37,37,37],"damage_taken":[{"damage":0.0,"enemies":"Jaw Worm","floor":1.0,"turns":4.0},{"damage":0.0,"enemies":"2 Louse","floor":2.0,"turns":3.0},{"damage":0.0,"enemies":"Cultist","floor":3.0,"turns":3.0},{"damage":2.0,"enemies":"Looter","floor":5.0,"turns":3.0},{"damage":0.0,"enemies":"Large Slime","floor":8.0,"turns":4.0},{"damage":2.0,"enemies":"3 Louse","floor":10.0,"turns":3.0},{"damage":8.0,"enemies":"Lagavulin","floor":12.0,"turns":6.0},{"damage":0.0,"enemies":"2 Fungi Beasts","floor":13.0,"turns":3.0},{"damage":0.0,"enemies":"Exordium Wildlife","floor":14.0,"turns":2.0},{"damage":3.0,"enemies":"Slime Boss","floor":16.0,"turns":7.0},{"damage":0.0,"enemies":"Chosen","floor":18.0,"turns":2.0},{"damage":9.0,"enemies":"Shell Parasite","floor":20.0,"turns":3.0},{"damage":18.0,"enemies":"3 Cultists","floor":21.0,"turns":5.0},{"damage":2.0,"enemies":"Slavers","floor":23.0,"turns":4.0},{"damage":23.0,"enemies":"Book of Stabbing","floor":25.0,"turns":6.0},{"damage":23.0,"enemies":"Snake Plant","floor":28.0,"turns":5.0},{"damage":0.0,"enemies":"Chosen and Byrds","floor":31.0,"turns":5.0},{"damage":44,"enemies":"Champ","floor":33,"turns":8},{"damage":34,"enemies":"3 Darklings","floor":35,"turns":5},{"damage":34,"enemies":"2 Orb Walkers","floor":37,"turns":5},{"damage":0,"enemies":"Orb Walker","floor":39,"turns":4},{"damage":22,"enemies":"3 Darklings","floor":41,"turns":6},{"damage":40,"enemies":"Giant Head","floor":44,"turns":6}],"seed_played":"-216256049207242302","potions_obtained":[{"floor":1.0,"key":"Explosive Potion"},{"floor":12.0,"key":"FearPotion"},{"floor":13.0,"key":"Poison Potion"},{"floor":18.0,"key":"SteroidPotion"},{"floor":21.0,"key":"CunningPotion"},{"floor":28.0,"key":"PowerPotion"},{"floor":33,"key":"LiquidBronze"},{"floor":34,"key":"LiquidBronze"},{"floor":35,"key":"Poison Potion"},{"floor":41,"key":"Explosive Potion"}],"is_trial":false,"path_per_floor":["M","M","M","?","M","R","?","M","T","M","?","E","M","M","R","B",null,"M","?","M","M","?","E","R","E","T","?","M","R","?","M","R","B",null,"M","?","?","?","M","R","M","R","T","E"],"character_chosen":"THE_SILENT","items_purchased":[],"campfire_rested":1,"item_purchase_floors":[],"current_hp_per_floor":[70,70,70,56,54,54,54,54,68,66,66,58,58,58,58,55,84,84,72,63,45,45,43,43,20,20,20,7,24,24,34,34,4,63,31,55,27,27,33,33,23,23,23,0,0],"gold":19,"neow_bonus":"BOSS_RELIC","is_daily":false,"chose_seed":false,"campfire_upgraded":6,"win_rate":0.0,"timestamp":1613353118,"path_taken":["M","M","M","?","M","R","?","M","T","M","?","E","M","M","R","BOSS","M","?","?","M","?","E","R","E","T","?","M","R","?","M","R","BOSS","M","?","?","?","M","R","M","R","T","E"],"items_purchased_type":[],"build_version":"2020-12-22","purchased_purges":0,"victory":false,"max_hp_per_floor":[70,70,70,70,70,70,70,70,84,84,84,84,84,84,84,84,84,84,84,84,84,84,84,84,84,84,58,58,58,58,58,58,58,63,63,55,55,52,52,52,52,52,52,52,52],"relic_stats":{"counters":[23,102],"StoneCalendar":[0],"Ectoplasm":839,"obtain_stats":[{"Potion Belt":25,"Anchor":26,"Tiny House":34,"WristBlade":17,"Mango":9,"StoneCalendar":37,"Ectoplasm":0,"The Courier":12,"FossilizedHelix":23,"Ring of the Snake":0},{"Potion Belt":15,"Anchor":15,"Tiny House":18,"WristBlade":10,"Mango":5,"StoneCalendar":20,"Ectoplasm":0,"The Courier":7,"FossilizedHelix":14,"Ring of the Snake":0},{"Potion Belt":58,"Anchor":58,"Tiny House":76,"WristBlade":38,"Mango":17,"StoneCalendar":86,"Ectoplasm":0,"The Courier":26,"FossilizedHelix":52,"Ring of the Snake":0}]},"card_choices":[{"not_picked":["Predator","All Out Attack"],"picked":"Dash","floor":1.0},{"not_picked":["Deadly Poison","Backflip"],"picked":"Blade Dance","floor":2.0},{"not_picked":["Accuracy","Deadly Poison"],"picked":"Dagger Throw","floor":3.0},{"not_picked":["Acrobatics","Backflip"],"picked":"Underhanded Strike","floor":5.0},{"not_picked":["Heel Hook","Flying Knee"],"picked":"Deflect","floor":8.0},{"not_picked":["Skewer","Riddle With Holes"],"picked":"Distraction","floor":10.0},{"not_picked":["Backflip","Predator"],"picked":"Noxious Fumes","floor":12.0},{"not_picked":["Poisoned Stab","Blur"],"picked":"Blade Dance","floor":13.0},{"not_picked":["Backstab","Predator","Sucker Punch"],"picked":"SKIP","floor":14.0},{"not_picked":["Tools of the Trade","Storm of Steel"],"picked":"Envenom","floor":16.0},{"not_picked":["Reflex","Quick Slash"],"picked":"Slice","floor":18.0},{"not_picked":["Masterful Stab","Backflip"],"picked":"Cloak And Dagger","floor":20.0},{"not_picked":["Sucker Punch","Deadly Poison","Dagger Spray"],"picked":"SKIP","floor":21.0},{"not_picked":["Dodge and Roll","Masterful Stab","Poisoned Stab"],"picked":"SKIP","floor":23.0},{"not_picked":["Cloak And Dagger","Blade Dance"],"picked":"Glass Knife","floor":25.0},{"not_picked":["Underhanded Strike+1","Deadly Poison"],"picked":"Acrobatics","floor":28.0},{"not_picked":["Flechettes","Masterful Stab+1","Flying Knee"],"picked":"SKIP","floor":31.0},{"not_picked":["Die Die Die","Storm of Steel"],"picked":"Burst","floor":33},{"not_picked":["Skewer+1","Quick Slash+1","Flechettes+1"],"picked":"SKIP","floor":35},{"not_picked":["Bane+1","Distraction"],"picked":"PiercingWail","floor":37},{"not_picked":["Prepared","Endless Agony","Sucker Punch"],"picked":"SKIP","floor":39},{"not_picked":["Blade Dance","PiercingWail+1"],"picked":"Deflect","floor":41}],"player_experience":1360599,"relics_obtained":[{"floor":9.0,"key":"Mango"},{"floor":12.0,"key":"The Courier"},{"floor":23.0,"key":"FossilizedHelix"},{"floor":25.0,"key":"Potion Belt"},{"floor":26.0,"key":"Anchor"},{"floor":37,"key":"StoneCalendar"}],"event_choices":[{"damage_healed":0.0,"max_hp_gain":0.0,"max_hp_loss":0.0,"gold_gain":0.0,"event_name":"Shining Light","player_choice":"Entered Light","floor":4.0,"gold_loss":0.0,"damage_taken":14.0,"cards_upgraded":["Strike_G","Strike_G"]},{"cards_removed":["Strike_G"],"damage_healed":0.0,"max_hp_gain":0.0,"max_hp_loss":0.0,"gold_gain":0.0,"event_name":"The Cleric","player_choice":"Card Removal","floor":7.0,"gold_loss":50.0,"damage_taken":0.0},{"damage_healed":0.0,"max_hp_gain":0.0,"max_hp_loss":0.0,"gold_gain":0.0,"event_name":"Liars Game","player_choice":"Ignored","floor":11.0,"gold_loss":0.0,"damage_taken":0.0},{"damage_healed":0.0,"max_hp_gain":0.0,"max_hp_loss":0.0,"gold_gain":0.0,"event_name":"Knowing Skull","player_choice":"POTION ","floor":19.0,"potions_obtained":["Swift Potion"],"gold_loss":0.0,"damage_taken":12.0,"cards_obtained":[]},{"damage_healed":0.0,"max_hp_gain":0.0,"max_hp_loss":26.0,"gold_gain":0.0,"event_name":"Vampires","player_choice":"Became a vampire","floor":27.0,"gold_loss":0.0,"damage_taken":0.0,"cards_obtained":["Bite","Bite","Bite","Bite","Bite"]},{"damage_healed":0.0,"max_hp_gain":0.0,"max_hp_loss":0.0,"gold_gain":99.0,"event_name":"Nest","player_choice":"Stole From Cult","floor":30.0,"gold_loss":0.0,"damage_taken":0.0},{"damage_healed":55,"gold_gain":0,"player_choice":"Heal","damage_taken":0,"max_hp_gain":0,"max_hp_loss":8,"event_name":"The Moai Head","floor":36,"gold_loss":0},{"damage_healed":0,"gold_gain":0,"player_choice":"Fight","damage_taken":0,"max_hp_gain":0,"max_hp_loss":0,"event_name":"Mysterious Sphere","floor":37,"gold_loss":0},{"damage_healed":0,"gold_gain":0,"player_choice":"Max HP","damage_taken":0,"max_hp_gain":0,"max_hp_loss":3,"event_name":"Winding Halls","floor":38,"gold_loss":0}],"is_beta":false,"boss_relics":[{"not_picked":["Cursed Key","Coffee Dripper"],"picked":"WristBlade"},{"not_picked":["Sozu","Busted Crown"],"picked":"Tiny House"}],"items_purged_floors":[],"is_endless":false,"potions_floor_spawned":[1,12,13,18,21,28,33,35,41],"killed_by":"Giant Head","ascension_level":1}}