{"host":"1ooxfz79hmpvpehx","time":1613427443,"event":{"mods":["BaseMod","Better Altar","Better Match","Better Note","Better Sensory Stone","Better Skull","Better Third Choice","Infinite Spire","Marked Mod","Minty Spire (QoL Compilation)","Quick Restart","RNG Fix","Replay The Spire","StSLib","SuperFastMode"],"gold_per_floor":[113,127,171,171,171,200,210,210,292,321,337,337,117,143,143,246,246,186,186,86,98,98,115,115,115],"floor_reached":24,"language":"ENG","playtime":683,"items_purged":["Defend_B","Dualcast","ReplayTheSpireMod:Repulse+1"],"score":238,"play_id":"5a29ac22-2af1-4626-aa7a-2c633f05cc7a","local_time":"20210215191723","is_ascension_mode":true,"campfire_choices":[{"data":"Zap","floor":8.0,"key":"SMITH"},{"data":"Defragment","floor":15.0,"key":"SMITH"}],"circlet_count":0,"master_deck":["Strike_B","Strike_B","Strike_B","Strike_B","Zap+1","Conserve Battery","Heatsinks","Defragment+1","Echo Form","Beam Cell+1","Machine Learning+1","Heatsinks","FIFO Queue","infinitespire:UltimateForm","BootSequence"],"relics":["Cracked Core","NeowsBlessing","Orichalcum","MealTicket","Garlic","Gremlin Food","Lee\u0027s Waffle","Geode","Astrolabe","Frozen Eye"],"acts_visited":["Exordium","TheCity"],"potions_floor_usage":[23,24],"damage_taken":[{"damage":0.0,"enemies":"Cultist","floor":1.0,"turns":1.0},{"damage":0.0,"enemies":"2 Louse","floor":2.0,"turns":1.0},{"damage":0.0,"enemies":"3 Sentries","floor":6.0,"turns":1.0},{"damage":0.0,"enemies":"Jaw Worm","floor":7.0,"turns":4.0},{"damage":23.0,"enemies":"Gremlin Nob","floor":10.0,"turns":5.0},{"damage":4.0,"enemies":"Exordium Wildlife","floor":11.0,"turns":4.0},{"damage":24.0,"enemies":"The Guardian","floor":16.0,"turns":10.0},{"damage":18.0,"enemies":"2 Thieves","floor":18.0,"turns":4.0},{"damage":10,"enemies":"Shell Parasite","floor":21,"turns":4},{"damage":15,"enemies":"Cultist and Chosen","floor":23,"turns":5},{"damage":61,"enemies":"Gremlin Leader","floor":24,"turns":5}],"seed_played":"6431993331969576947","potions_obtained":[{"floor":3.0,"key":"Swift Potion"},{"floor":3.0,"key":"PowerPotion"},{"floor":3.0,"key":"Dexterity Potion"},{"floor":7.0,"key":"Dexterity Potion"},{"floor":10.0,"key":"LifebloodPotion"},{"floor":11.0,"key":"SkillPotion"},{"floor":21,"key":"ColorlessPotion"},{"floor":23,"key":"CultistPotion"}],"is_trial":false,"path_per_floor":["M","M","?","?","?","E","M","R","T","E","M","?","$","T","R","B",null,"M","?","$","M","AVR","M","E"],"character_chosen":"DEFECT","items_purchased":["Lee\u0027s Waffle"],"campfire_rested":0,"item_purchase_floors":[13],"current_hp_per_floor":[75,75,45,45,45,45,45,45,45,22,18,18,82,82,82,58,82,64,64,79,69,69,54,0,0],"gold":115,"neow_bonus":"THREE_ENEMY_KILL","is_daily":false,"chose_seed":false,"campfire_upgraded":2,"win_rate":0.0,"timestamp":1613427443,"path_taken":["M","M","?","?","?","E","M","R","T","E","?","?","$","?","R","BOSS","M","?","$","M","AVR","M","E"],"items_purchased_type":["Relic"],"build_version":"2020-12-22","purchased_purges":3,"victory":false,"max_hp_per_floor":[75,75,75,75,75,75,75,75,75,75,75,75,82,82,82,82,82,82,82,82,82,82,82,82,82],"card_choices":[{"not_picked":["Coolheaded","Undo","Streamline"],"picked":"SKIP","floor":1.0},{"not_picked":["Scrape","Steam","Ball Lightning"],"picked":"SKIP","floor":2.0},{"not_picked":["Crystallizer","BasicCrystalCard"],"picked":"Conserve Battery","floor":3.0},{"not_picked":["Genetic Algorithm","Rebound","Compile Driver"],"picked":"SKIP","floor":6.0},{"not_picked":["Go for the Eyes","Compile Driver"],"picked":"Heatsinks","floor":7.0},{"not_picked":["All For One","Chaos","Time Bomb"],"picked":"SKIP","floor":10.0},{"not_picked":["All For One","Chaos","Time Bomb"],"picked":"SKIP","floor":10.0},{"not_picked":["All For One","Chaos","Time Bomb"],"picked":"SKIP","floor":10.0},{"not_picked":["Compile Driver","Sweeping Beam"],"picked":"Defragment","floor":11.0},{"not_picked":["Core Surge","Rainbow"],"picked":"Echo Form","floor":16.0},{"not_picked":["Cold Snap","Redo","Darkness+1"],"picked":"SKIP","floor":18.0},{"not_picked":["Melter","Scrape"],"picked":"FIFO Queue","floor":21},{"not_picked":["BasicCrystalCard","Sweeping Beam"],"picked":"BootSequence","floor":23}],"player_experience":31007,"relics_obtained":[{"floor":4.0,"key":"Orichalcum"},{"floor":6.0,"key":"MealTicket"},{"floor":9.0,"key":"Garlic"},{"floor":10.0,"key":"Gremlin Food"},{"floor":14.0,"key":"Geode"}],"event_choices":[{"damage_healed":0.0,"max_hp_gain":0.0,"max_hp_loss":0.0,"gold_gain":0.0,"event_name":"Wheel of Change","player_choice":"Cursed","floor":5.0,"gold_loss":0.0,"damage_taken":0.0,"cards_obtained":["Decay"]},{"cards_removed":["Decay"],"damage_healed":0.0,"max_hp_gain":0.0,"max_hp_loss":0.0,"gold_gain":0.0,"event_name":"Living Wall","player_choice":"Forget","floor":12.0,"gold_loss":0.0,"damage_taken":0.0},{"damage_healed":0.0,"max_hp_gain":0.0,"max_hp_loss":0.0,"gold_gain":0.0,"event_name":"betterNote:BetterNote","player_choice":"Take","floor":19.0,"gold_loss":0.0,"damage_taken":0.0,"cards_obtained":["Heatsinks"]}],"is_beta":false,"boss_relics":[{"not_picked":["Painkiller Herb","Cursed Key"],"picked":"Astrolabe"}],"items_purged_floors":[13,20,22],"is_endless":false,"potions_floor_spawned":[7,10,11,21,23],"killed_by":"Gremlin Leader","ascension_level":1}}