{"host":"8a3jzv7qxg3y7b6t","time":1613369008,"event":{"mods":["BaseMod","Better Third Choice","Downfall","Hermit","Minty Spire (QoL Compilation)","Relic Stats","StSLib","The Bug Knight","The Cursed"],"gold_per_floor":[111,129,31,47,58,92,112,112,158,193,206,156,156,188,188,285,285,285,285,285,285,285,285,285,285,285,285,95,95,95,95,95],"floor_reached":31,"language":"ENG","playtime":1135,"items_purged":[],"score":447,"play_id":"870bb7c6-8334-448a-92c9-847ebf2ebe7b","local_time":"20210214220328","is_ascension_mode":true,"campfire_choices":[{"floor":8,"key":"RECALL"},{"data":"Inflame","floor":13,"key":"SMITH"},{"floor":15,"key":"REST"},{"floor":29,"key":"REST"}],"circlet_count":0,"master_deck":["Defend_R","Defend_R","Defend_R","Bash","Evolve","Inflame+1","Clash","Dramatic Entrance","Armaments","Clash","Sword Boomerang+1","Clash","Flex","Armaments","Flame Barrier","Juggernaut","Anger","Whirlwind","Bite","Bite","Bite","Bite","Bite","Pummel+1","Iron Wave","Pummel+1","Anger","Cleave+1","Apotheosis+1","Pummel"],"relics":["Burning Blood","Calipers","Bottled Tornado","Whetstone","Ectoplasm","HollowMod:StagPassRelic","Torii","Akabeko","Ancient Tea Set"],"acts_visited":["Exordium","TheCity"],"potions_floor_usage":[6,10,10,16,23,24,30],"damage_taken":[{"damage":15,"enemies":"Cultist","floor":1,"turns":5},{"damage":11,"enemies":"2 Louse","floor":2,"turns":3},{"damage":3,"enemies":"Small Slimes","floor":4,"turns":3},{"damage":6,"enemies":"Exordium Thugs","floor":5,"turns":3},{"damage":10,"enemies":"3 Sentries","floor":6,"turns":6},{"damage":0,"enemies":"2 Fungi Beasts","floor":7,"turns":1},{"damage":15,"enemies":"Lagavulin","floor":10,"turns":5},{"damage":9,"enemies":"Red Slaver","floor":11,"turns":2},{"damage":16,"enemies":"Gremlin Nob","floor":14,"turns":3},{"damage":0,"enemies":"Slime Boss","floor":16,"turns":5},{"damage":1,"enemies":"3 Byrds","floor":18,"turns":4},{"damage":0,"enemies":"Spheric Guardian","floor":19,"turns":3},{"damage":12,"enemies":"Cultist and Chosen","floor":22,"turns":4},{"damage":51,"enemies":"Book of Stabbing","floor":23,"turns":5},{"damage":0,"enemies":"Centurion and Healer","floor":24,"turns":3},{"damage":18,"enemies":"Gremlin Leader","floor":25,"turns":4},{"damage":28,"enemies":"Book of Stabbing","floor":27,"turns":4},{"damage":14,"enemies":"Snake Plant","floor":30,"turns":2},{"damage":17,"enemies":"HollowMod:Nosk","floor":31,"turns":2}],"seed_played":"6330690296420755507","potions_obtained":[{"floor":2,"key":"SkillPotion"},{"floor":5,"key":"EssenceOfSteel"},{"floor":6,"key":"Dexterity Potion"},{"floor":14,"key":"PowerPotion"},{"floor":18,"key":"BloodPotion"},{"floor":23,"key":"DistilledChaos"},{"floor":27,"key":"GamblersBrew"}],"is_trial":false,"path_per_floor":["M","M","$","M","M","E","M","R","T","E","M","?","R","E","R","B",null,"M","M","?","?","M","E","M","E","T","E","$","R","M","E"],"character_chosen":"IRONCLAD","items_purchased":["Dramatic Entrance","Apotheosis"],"campfire_rested":2,"item_purchase_floors":[3,28],"current_hp_per_floor":[71,66,66,69,69,65,71,71,71,62,59,59,59,49,73,79,80,80,80,80,56,52,26,36,32,32,12,12,28,20,9,9],"gold":95,"neow_bonus":"TRANSFORM_CARD","is_daily":false,"chose_seed":false,"campfire_upgraded":1,"win_rate":0.0,"timestamp":1613369008,"path_taken":["M","M","$","?","M","E","M","R","T","E","M","?","R","E","R","BOSS","M","M","?","?","M","E","M","E","T","E","$","R","M","E"],"items_purchased_type":["Card","Card"],"build_version":"2020-12-22","purchased_purges":0,"victory":false,"max_hp_per_floor":[80,80,80,80,80,80,80,80,80,80,80,80,80,80,80,80,80,80,80,80,56,56,56,56,56,56,56,56,56,56,56,56],"relic_stats":{"Torii":4,"counters":[19,67],"Ectoplasm":230,"Whetstone":["Sword Boomerang","Strike_R"],"obtain_stats":[{"Calipers":6,"Torii":25,"Ectoplasm":17,"Whetstone":14,"Bottled Tornado":10,"HollowMod:StagPassRelic":23,"Ancient Tea Set":27,"Burning Blood":0,"Akabeko":26},{"Calipers":5,"Torii":16,"Ectoplasm":10,"Whetstone":9,"Bottled Tornado":7,"HollowMod:StagPassRelic":14,"Ancient Tea Set":17,"Burning Blood":0,"Akabeko":16},{"Calipers":20,"Torii":59,"Ectoplasm":36,"Whetstone":31,"Bottled Tornado":26,"HollowMod:StagPassRelic":52,"Ancient Tea Set":63,"Burning Blood":0,"Akabeko":59}],"Burning Blood":97},"card_choices":[{"not_picked":["Sword Boomerang","Dropkick"],"picked":"Inflame","floor":1},{"not_picked":["Heavy Blade","Flex"],"picked":"Clash","floor":2},{"not_picked":["Pommel Strike","Sever Soul"],"picked":"Armaments","floor":4},{"not_picked":["Feel No Pain","Perfected Strike"],"picked":"Clash","floor":5},{"not_picked":["Battle Trance","Intimidate"],"picked":"Sword Boomerang","floor":6},{"not_picked":["Wild Strike","Twin Strike"],"picked":"Clash","floor":7},{"not_picked":["Thunderclap","Double Tap"],"picked":"Flex","floor":10},{"not_picked":["Dropkick","Entrench"],"picked":"Armaments","floor":11},{"not_picked":["Perfected Strike","Ghostly Armor"],"picked":"Flame Barrier","floor":14},{"not_picked":["Double Tap","Barricade"],"picked":"Juggernaut","floor":16},{"not_picked":["Iron Wave+1","Blood for Blood"],"picked":"Anger","floor":18},{"not_picked":["Pommel Strike","Sentinel"],"picked":"Whirlwind","floor":19},{"not_picked":["Wild Strike+1","Clothesline"],"picked":"Pummel+1","floor":22},{"not_picked":["Pommel Strike","Headbutt"],"picked":"Iron Wave","floor":23},{"not_picked":["Heavy Blade+1","Hemokinesis+1"],"picked":"Pummel+1","floor":24},{"not_picked":["Second Wind+1","Carnage"],"picked":"Anger","floor":25},{"not_picked":["True Grit","Clothesline+1"],"picked":"Cleave+1","floor":27},{"not_picked":["Shrug It Off","Offering"],"picked":"Pummel","floor":30}],"player_experience":685680,"relics_obtained":[{"floor":6,"key":"Calipers"},{"floor":10,"key":"Bottled Tornado"},{"floor":14,"key":"Whetstone"},{"floor":23,"key":"HollowMod:StagPassRelic"},{"floor":25,"key":"Torii"},{"floor":26,"key":"Akabeko"},{"floor":27,"key":"Ancient Tea Set"}],"event_choices":[{"cards_removed":["Defend_R"],"damage_healed":0,"gold_gain":0,"player_choice":"Card Removal","damage_taken":0,"max_hp_gain":0,"max_hp_loss":0,"event_name":"The Cleric","floor":12,"gold_loss":50},{"damage_healed":0,"gold_gain":0,"player_choice":"Ignored","damage_taken":0,"max_hp_gain":0,"max_hp_loss":0,"event_name":"Ghosts","floor":20,"gold_loss":0},{"damage_healed":0,"gold_gain":0,"player_choice":"Became a vampire","damage_taken":0,"max_hp_gain":0,"max_hp_loss":24,"event_name":"Vampires","floor":21,"gold_loss":0,"cards_obtained":["Bite","Bite","Bite","Bite","Bite"]}],"is_beta":false,"boss_relics":[{"not_picked":["Empty Cage","Runic Dome"],"picked":"Ectoplasm"}],"items_purged_floors":[],"is_endless":false,"potions_floor_spawned":[2,5,6,14,18,23,27],"killed_by":"HollowMod:Nosk","ascension_level":3}}