{"host":"jksq986fwerfio60","time":1613402797,"event":{"mods":["BaseMod","Colored Map","Colored Powertips","Downfall","Hermit","Jorbs\u0027s Wanderer Trilogy","Marisa¡]Ãú«B¡@Å]²z¨F¡^","Minty Spire (QoL Compilation)","Replay The Spire","Shop Mod","StSLib","The Construct","UnlockEverythingMod"],"gold_per_floor":[119,130,130,143,158,158,173,173,227,243,259,259,259,269,269,365,365,383,400,400,58,76,76,96,115,141,141,156,189,38,0,0,0,0],"floor_reached":33,"language":"ZHS","playtime":2400,"items_purged":[],"score":313,"play_id":"25253828-5d38-4ca7-94bd-be10a7596398","local_time":"20210215232637","is_ascension_mode":false,"campfire_choices":[{"data":"hermit:Determination","floor":6,"key":"SMITH"},{"data":"hermit:Dive","floor":8,"key":"SMITH"},{"data":"hermit:Headshot","floor":12,"key":"SMITH"},{"floor":15,"key":"RECALL"},{"data":"hermit:Snapshot","floor":23,"key":"SMITH"},{"floor":27,"key":"REST"}],"circlet_count":0,"master_deck":["hermit:Strike_Hermit","hermit:Strike_Hermit","hermit:Strike_Hermit","hermit:Defend_Hermit","hermit:Defend_Hermit","hermit:Snapshot+1","hermit:Covet","hermit:Ricochet","hermit:Enervate","hermit:Glare","hermit:Determination+1","hermit:LowProfile","hermit:Dive+1","hermit:Headshot+1","hermit:Coalescence","hermit:ItchyTrigger+1","hermit:HeroicBravado","hermit:ShadowCloak+1","hermit:Snipe","Secret Technique","hermit:Gestalt+1","hermit:PistolWhip","hermit:BigShot+1"],"relics":["hermit:Momento","NeowsBlessing","ReplayTheSpireMod:TigerMarble","Empty Cage","MutagenicStrength","Lantern","White Beast Statue","Juzu Bracelet"],"acts_visited":["Exordium","TheCity"],"potions_floor_usage":[16,16,29,29,33],"damage_taken":[{"damage":0,"enemies":"Small Slimes","floor":1,"turns":1},{"damage":0,"enemies":"Cultist","floor":2,"turns":1},{"damage":0,"enemies":"Jaw Worm","floor":4,"turns":1},{"damage":19,"enemies":"Gremlin Gang","floor":5,"turns":4},{"damage":7,"enemies":"2 Fungi Beasts","floor":7,"turns":2},{"damage":0,"enemies":"3 Louse","floor":10,"turns":3},{"damage":0,"enemies":"Exordium Thugs","floor":11,"turns":3},{"damage":5,"enemies":"Red Slaver","floor":14,"turns":2},{"damage":0,"enemies":"Slime Boss","floor":16,"turns":7},{"damage":20,"enemies":"3 Byrds","floor":18,"turns":5},{"damage":3,"enemies":"Chosen","floor":19,"turns":4},{"damage":14,"enemies":"Sentry and Sphere","floor":22,"turns":5},{"damage":11,"enemies":"3 Cultists","floor":24,"turns":5},{"damage":23,"enemies":"Snake Plant","floor":25,"turns":3},{"damage":2,"enemies":"Centurion and Healer","floor":28,"turns":5},{"damage":4,"enemies":"Book of Stabbing","floor":29,"turns":4},{"damage":68,"enemies":"Automaton","floor":33,"turns":6}],"seed_played":"8783273284123414870","potions_obtained":[{"floor":1,"key":"SmokeBomb"},{"floor":7,"key":"Fire Potion"},{"floor":11,"key":"ColorlessPotion"},{"floor":13,"key":"champ:CounterPotion"},{"floor":14,"key":"hermit:Tonic"},{"floor":18,"key":"Adrenaline Potion"},{"floor":19,"key":"DistilledChaos"}],"is_trial":false,"path_per_floor":["M","M","?","M","M","R","M","R","T","M","M","R","?","M","R_BF","B",null,"M","M","?","$","M","R","M","M","T","R","M","E","$","?","R_BF","B"],"character_chosen":"HERMIT","items_purchased":["Lantern","Secret Technique","Juzu Bracelet"],"campfire_rested":1,"item_purchase_floors":[21,21,30],"current_hp_per_floor":[75,75,75,75,56,56,49,49,49,49,49,49,49,44,44,48,75,55,52,52,52,38,38,27,4,4,26,24,20,20,20,42,0,0],"gold":0,"neow_bonus":"THREE_ENEMY_KILL","is_daily":false,"chose_seed":false,"campfire_upgraded":4,"win_rate":0.0,"timestamp":1613402797,"path_taken":["M","M","?","M","M","R","?","R","T","M","M","R","?","M","R_BF","BOSS","M","?","?","$","M","R","M","M","T","R","M","E","$","?","R_BF","BOSS"],"items_purchased_type":["Relic","Card","Relic"],"build_version":"2020-12-22","purchased_purges":0,"victory":false,"max_hp_per_floor":[75,75,75,75,75,75,75,75,75,75,75,75,75,75,75,75,75,75,75,75,75,75,75,75,75,75,75,75,75,75,75,75,75,75],"card_choices":[{"not_picked":["hermit:Brawl","hermit:Roulette"],"picked":"hermit:Ricochet","floor":1},{"not_picked":["hermit:CalledShot","hermit:Desperado"],"picked":"hermit:Enervate","floor":2},{"not_picked":["hermit:Roulette","hermit:Desperado"],"picked":"hermit:Determination","floor":4},{"not_picked":["hermit:Coalescence","hermit:BodyArmor"],"picked":"hermit:LowProfile","floor":5},{"not_picked":["hermit:SprayPray","hermit:OverwhelmingPower"],"picked":"hermit:Dive","floor":7},{"not_picked":["hermit:Malice","hermit:ItchyTrigger"],"picked":"hermit:Headshot","floor":10},{"not_picked":["hermit:TrackingShot","hermit:HoleUp"],"picked":"hermit:Coalescence","floor":11},{"not_picked":["hermit:Misfire","hermit:Dive"],"picked":"hermit:ItchyTrigger","floor":14},{"not_picked":["hermit:FatalDesire","hermit:FromBeyond"],"picked":"hermit:HeroicBravado","floor":16},{"not_picked":["hermit:Manifest","hermit:Shortfuse"],"picked":"hermit:ShadowCloak+1","floor":18},{"not_picked":["hermit:ItchyTrigger","hermit:Desperado"],"picked":"hermit:Snipe","floor":19},{"not_picked":["hermit:ShadowCloak","hermit:Scavenge","hermit:LowProfile"],"picked":"SKIP","floor":22},{"not_picked":["hermit:LowProfile","hermit:Deadeye"],"picked":"hermit:Gestalt+1","floor":24},{"not_picked":["hermit:Glare","hermit:FinalCanter","hermit:NoHoldsBarred"],"picked":"SKIP","floor":25},{"not_picked":["hermit:Dive","hermit:Coalescence"],"picked":"hermit:PistolWhip","floor":28},{"not_picked":["hermit:Headshot","hermit:EyeOfTheStorm+1"],"picked":"hermit:BigShot+1","floor":29}],"player_experience":23852,"relics_obtained":[{"floor":9,"key":"ReplayTheSpireMod:TigerMarble"},{"floor":29,"key":"White Beast Statue"}],"event_choices":[{"damage_healed":0,"gold_gain":0,"cards_transformed":["hermit:Defend_Hermit"],"player_choice":"Transformed","damage_taken":0,"max_hp_gain":0,"max_hp_loss":0,"event_name":"Transmorgrifier","floor":3,"gold_loss":0,"cards_obtained":["hermit:Glare"]},{"damage_healed":0,"gold_gain":0,"player_choice":"Got Potions","damage_taken":0,"max_hp_gain":0,"max_hp_loss":0,"event_name":"Lab","floor":13,"gold_loss":0},{"damage_healed":0,"gold_gain":0,"player_choice":"Inject Mutagens","damage_taken":0,"relics_obtained":["MutagenicStrength"],"max_hp_gain":0,"max_hp_loss":0,"event_name":"Drug Dealer","floor":20,"gold_loss":0},{"damage_healed":0,"gold_gain":0,"player_choice":"Paid Fearfully","damage_taken":0,"max_hp_gain":0,"max_hp_loss":0,"event_name":"Masked Bandits","floor":31,"gold_loss":38}],"is_beta":false,"boss_relics":[{"not_picked":["Coffee Dripper","Painkiller Herb"],"picked":"Empty Cage"}],"items_purged_floors":[],"is_endless":false,"potions_floor_spawned":[1,7,11,14,18,19,25],"killed_by":"Automaton","ascension_level":0}}