{"host":"sav7uxregyirlf69","time":1613370156,"event":{"mods":["AchievementEnabler","BaseMod","Colored Map","DeckTracker","Keyboard Shortcuts","Minty Spire (QoL Compilation)","READ ME - Guardian Mod","StSLib","SuperFastMode"],"gold_per_floor":[113,123,139,159,174,174,200,200,200,200,200,211,239,239,239,318,318,333,345,345,345,345,345,103,103,103],"floor_reached":25,"language":"KOR","playtime":416,"items_purged":["Strike_B"],"score":422,"play_id":"fd915cad-06a1-4ff0-8f10-c0696341ad48","local_time":"20210215152236","is_ascension_mode":true,"campfire_choices":[{"data":"Zap","floor":6,"key":"SMITH"},{"data":"Doom and Gloom","floor":11,"key":"SMITH"},{"floor":15,"key":"REST"},{"floor":23,"key":"REST"}],"circlet_count":0,"master_deck":["AscendersBane","Strike_B","Strike_B","Defend_B","Defend_B","Defend_B","Defend_B","Zap+1","Dualcast","Reinforced Body","Doom and Gloom+1","Compile Driver","Conserve Battery","Capacitor","Cold Snap","Go for the Eyes","Undo","Biased Cognition","Double Energy","Consume","Coolheaded"],"relics":["Cracked Core","Bag of Preparation","Blue Candle","InkBottle","Toy Ornithopter","Runic Pyramid","Orrery"],"acts_visited":["Exordium","TheCity"],"potions_floor_usage":[13,25],"damage_taken":[{"damage":11,"enemies":"2 Louse","floor":1,"turns":2},{"damage":0,"enemies":"Small Slimes","floor":2,"turns":3},{"damage":1,"enemies":"Cultist","floor":3,"turns":4},{"damage":2,"enemies":"3 Louse","floor":4,"turns":4},{"damage":5,"enemies":"Exordium Wildlife","floor":5,"turns":5},{"damage":13,"enemies":"Lagavulin","floor":7,"turns":6},{"damage":10,"enemies":"Looter","floor":12,"turns":3},{"damage":12,"enemies":"3 Sentries","floor":13,"turns":5},{"damage":16,"enemies":"Slime Boss","floor":16,"turns":6},{"damage":14,"enemies":"Shell Parasite","floor":18,"turns":8},{"damage":18,"enemies":"2 Thieves","floor":19,"turns":3},{"damage":66,"enemies":"Book of Stabbing","floor":25,"turns":8}],"seed_played":"9017672108781932707","potions_obtained":[{"floor":1,"key":"SpeedPotion"},{"floor":3,"key":"EssenceOfSteel"},{"floor":13,"key":"BlessingOfTheForge"},{"floor":16,"key":"Regen Potion"}],"is_trial":false,"path_per_floor":["M","M","M","M","M","R","E","?","T","?","R","M","E","?","R","B",null,"M","M","?","?","?","R","$","E"],"character_chosen":"DEFECT","items_purchased":["Orrery"],"campfire_rested":2,"item_purchase_floors":[24],"current_hp_per_floor":[53,53,52,50,45,45,32,32,32,32,32,22,10,10,31,15,57,43,25,39,19,19,41,41,0,0],"gold":103,"neow_bonus":"RANDOM_COMMON_RELIC","is_daily":false,"chose_seed":false,"campfire_upgraded":2,"win_rate":0.0,"timestamp":1613370156,"path_taken":["M","M","M","M","M","R","E","?","T","?","R","?","E","?","R","BOSS","M","M","?","?","?","R","$","E"],"items_purchased_type":["Relic"],"build_version":"2020-12-22","purchased_purges":1,"victory":false,"max_hp_per_floor":[71,71,71,71,71,71,71,71,71,71,71,71,71,71,71,71,71,71,71,71,76,76,76,76,76,76],"card_choices":[{"not_picked":["Undo","Consume"],"picked":"Reinforced Body","floor":1},{"not_picked":["Leap","Melter"],"picked":"Doom and Gloom","floor":2},{"not_picked":["Rip and Tear","Chaos"],"picked":"Compile Driver","floor":3},{"not_picked":["Recycle","Tempest"],"picked":"Conserve Battery","floor":4},{"not_picked":["Turbo","Genetic Algorithm"],"picked":"Capacitor","floor":5},{"not_picked":["Go for the Eyes","Sweeping Beam"],"picked":"Cold Snap","floor":7},{"not_picked":["Capacitor","Beam Cell"],"picked":"Go for the Eyes","floor":12},{"not_picked":["Storm","Doom and Gloom"],"picked":"Undo","floor":13},{"not_picked":["Multi-Cast","Meteor Strike"],"picked":"Biased Cognition","floor":16},{"not_picked":["Tempest","Leap+1"],"picked":"Double Energy","floor":18},{"not_picked":["Ball Lightning","Compile Driver","Sunder"],"picked":"SKIP","floor":19},{"not_picked":["Gash","Conserve Battery"],"picked":"Consume","floor":24},{"not_picked":["Double Energy","Chaos"],"picked":"Coolheaded","floor":24}],"player_experience":1576035,"relics_obtained":[{"floor":7,"key":"Blue Candle"},{"floor":9,"key":"InkBottle"},{"floor":13,"key":"Toy Ornithopter"}],"event_choices":[{"damage_healed":0,"gold_gain":0,"player_choice":"Ignored","damage_taken":0,"max_hp_gain":0,"max_hp_loss":0,"event_name":"Liars Game","floor":8,"gold_loss":0},{"cards_removed":["Strike_B"],"damage_healed":0,"gold_gain":0,"player_choice":"Offered Basic","damage_taken":0,"max_hp_gain":0,"max_hp_loss":0,"event_name":"Bonfire Elementals","floor":10,"gold_loss":0},{"damage_healed":0,"gold_gain":0,"player_choice":"Searched \u00270\u0027 times","damage_taken":0,"max_hp_gain":0,"max_hp_loss":0,"event_name":"Dead Adventurer","floor":14,"gold_loss":0},{"damage_healed":14,"gold_gain":0,"player_choice":"Heal","damage_taken":0,"max_hp_gain":0,"max_hp_loss":0,"event_name":"The Library","floor":20,"gold_loss":0},{"damage_healed":0,"gold_gain":0,"player_choice":"Shed Blood","damage_taken":25,"max_hp_gain":5,"max_hp_loss":0,"event_name":"Forgotten Altar","floor":21,"gold_loss":0},{"damage_healed":0,"gold_gain":0,"player_choice":"Ignored","damage_taken":0,"max_hp_gain":0,"max_hp_loss":0,"event_name":"The Mausoleum","floor":22,"gold_loss":0}],"is_beta":false,"boss_relics":[{"not_picked":["Cursed Key","Runic Dome"],"picked":"Runic Pyramid"}],"items_purged_floors":[24],"is_endless":false,"potions_floor_spawned":[1,3,4,13,16],"killed_by":"Book of Stabbing","ascension_level":20}}