{"host":"0vi0gkvt1l5rvyqa","time":1613412539,"event":{"mods":["BaseMod","Card Forge","Minty Spire (QoL Compilation)","StSLib"],"gold_per_floor":[112,112,128,128,151,192,206,206,206,239,239,297,225,238,238,359,359,378,22,22,35,48,89,113,133,133,177,200,235,235,157,157,287,287,306,324,385,385,385,385,416,441,467,32,32,32,32,66,66,66],"floor_reached":51,"language":"DEU","playtime":4926,"items_purged":[],"score":964,"play_id":"05fe7513-1af7-4bfa-8467-975b5fba170e","local_time":"20210215190859","is_ascension_mode":true,"campfire_choices":[{"floor":8,"key":"REST"},{"floor":11,"key":"REST"},{"floor":15,"key":"RECALL"},{"floor":32,"key":"REST"},{"floor":40,"key":"REST"},{"floor":45,"key":"REST"},{"floor":47,"key":"REST"},{"floor":49,"key":"REST"}],"circlet_count":0,"master_deck":["Defend_R+1","Defend_R+1","Bash+1","Body Slam+1","Pommel Strike+1","Metallicize+1","Metallicize+1","Uppercut+1","Barricade+1","Berserk+1","Shrug It Off+1","Body Slam+1","Entrench+1","Caltrops+1","Blur+1","Burst+1","Juggernaut+1","Inflame+1"],"relics":["Burning Blood","Hammer of Thor","Seething Fire","Anvil of the Gods","NeowsBlessing","Golden Idol","Letter Opener","Pear","Molten Egg 2","Black Star","Bronze Scales","Ancient Tea Set","Bottled Lightning","Red Skull","The Courier","Ginger","Orichalcum","Bag of Marbles","Bird Faced Urn","Peace Pipe","Mercury Hourglass","MealTicket","PreservedInsect","TheAbacus","Mango","Nunchaku","Unceasing Top"],"acts_visited":["Exordium","TheCity","TheBeyond"],"potions_floor_usage":[6,6,14,16,21,21,23,24,28,31,36,36,50,50,50],"damage_taken":[{"damage":0,"enemies":"2 Louse","floor":1,"turns":1},{"damage":0,"enemies":"Small Slimes","floor":3,"turns":1},{"damage":0,"enemies":"Jaw Worm","floor":5,"turns":1},{"damage":34,"enemies":"3 Sentries","floor":6,"turns":11},{"damage":2,"enemies":"Large Slime","floor":7,"turns":6},{"damage":16,"enemies":"Gremlin Nob","floor":10,"turns":4},{"damage":6,"enemies":"Red Slaver","floor":14,"turns":3},{"damage":5,"enemies":"The Guardian","floor":16,"turns":8},{"damage":6,"enemies":"Shell Parasite","floor":18,"turns":5},{"damage":0,"enemies":"3 Byrds","floor":21,"turns":4},{"damage":6,"enemies":"Snecko","floor":22,"turns":5},{"damage":24,"enemies":"Gremlin Leader","floor":23,"turns":6},{"damage":9,"enemies":"3 Cultists","floor":24,"turns":6},{"damage":15,"enemies":"Chosen and Byrds","floor":25,"turns":6},{"damage":19,"enemies":"Book of Stabbing","floor":27,"turns":5},{"damage":2,"enemies":"Snake Plant","floor":28,"turns":4},{"damage":21,"enemies":"Slavers","floor":29,"turns":6},{"damage":10,"enemies":"Automaton","floor":33,"turns":7},{"damage":0,"enemies":"3 Shapes","floor":35,"turns":4},{"damage":4,"enemies":"Orb Walker","floor":36,"turns":3},{"damage":54,"enemies":"2 Orb Walkers","floor":37,"turns":7},{"damage":1,"enemies":"Giant Head","floor":41,"turns":6},{"damage":71,"enemies":"Jaw Worm Horde","floor":42,"turns":5},{"damage":0,"enemies":"Nemesis","floor":48,"turns":4},{"damage":43,"enemies":"Donu and Deca","floor":50,"turns":10}],"seed_played":"-1738329583498588974","potions_obtained":[{"floor":1,"key":"FearPotion"},{"floor":5,"key":"Swift Potion"},{"floor":14,"key":"DistilledChaos"},{"floor":16,"key":"PowerPotion"},{"floor":18,"key":"LiquidMemories"},{"floor":23,"key":"ElixirPotion"},{"floor":25,"key":"Ancient Potion"},{"floor":27,"key":"HeartOfIron"},{"floor":28,"key":"ElixirPotion"},{"floor":33,"key":"AttackPotion"},{"floor":37,"key":"Ancient Potion"},{"floor":42,"key":"DuplicationPotion"}],"is_trial":false,"path_per_floor":["M","?","M","?","M","E","M","R","T","E","R","?","$","M","R","B",null,"M","$","?","M","M","E","M","M","T","E","M","E","?","$","R","B",null,"M","M","?","?","$","R","E","M","T","$","R","?","R","E","R","B",null],"character_chosen":"IRONCLAD","items_purchased":["EssenceOfSteel","Bronze Scales","Ancient Tea Set","Block Potion","Fruit Juice","TheAbacus","HeartOfIron","Mango"],"campfire_rested":7,"item_purchase_floors":[13,19,19,19,31,44,44,44],"current_hp_per_floor":[80,80,80,80,80,52,56,80,90,80,90,90,90,90,90,90,90,90,90,90,90,90,72,69,60,60,47,51,36,36,41,69,79,95,95,95,55,55,55,83,95,36,36,65,97,97,109,109,109,80],"gold":66,"neow_bonus":"THREE_ENEMY_KILL","is_daily":false,"chose_seed":false,"campfire_upgraded":0,"win_rate":0.0,"timestamp":1613412539,"path_taken":["M","?","M","?","M","E","M","R","T","E","R","?","$","M","R","BOSS","M","$","?","M","M","E","?","M","T","E","M","E","?","$","R","BOSS","M","M","?","?","$","R","E","?","T","$","R","?","R","E","R","BOSS"],"items_purchased_type":["Potion","Relic","Relic","Potion","Potion","Relic","Potion","Relic"],"build_version":"2020-12-22","purchased_purges":0,"victory":true,"max_hp_per_floor":[80,80,80,80,80,80,80,80,90,90,90,90,90,90,90,90,90,90,90,90,90,90,90,90,90,90,90,90,90,90,95,95,95,95,95,95,95,95,95,95,95,95,95,109,109,109,109,109,109,109],"card_choices":[{"not_picked":["Dual Wield","Perfected Strike"],"picked":"Body Slam","floor":1},{"not_picked":["Disarm","Sword Boomerang"],"picked":"Pommel Strike","floor":3},{"not_picked":["Clothesline","Heavy Blade"],"picked":"Metallicize","floor":5},{"not_picked":["Heavy Blade","Demon Form"],"picked":"Metallicize","floor":6},{"not_picked":["Ghostly Armor","Disarm","Bloodletting"],"picked":"SKIP","floor":7},{"not_picked":["Wild Strike+1","Armaments"],"picked":"Uppercut+1","floor":10},{"not_picked":["Shrug It Off","Berserk"],"picked":"Body Slam+1","floor":14},{"not_picked":["Berserk","Barricade"],"picked":"Corruption","floor":16},{"not_picked":["Pommel Strike+1","Infernal Blade"],"picked":"Entrench","floor":18},{"not_picked":["Heavy Blade+1","Entrench","Clash+1"],"picked":"SKIP","floor":21},{"not_picked":["Evolve","Entrench+1","Battle Trance"],"picked":"SKIP","floor":22},{"not_picked":["Blood for Blood+1","Clothesline+1","Sword Boomerang+1"],"picked":"SKIP","floor":23},{"not_picked":["Body Slam+1","Sword Boomerang+1","Wild Strike+1"],"picked":"SKIP","floor":24},{"not_picked":["Perfected Strike+1","Clash+1","Pummel+1"],"picked":"SKIP","floor":25},{"not_picked":["Combust","Wild Strike+1"],"picked":"Juggernaut","floor":27},{"not_picked":["Sword Boomerang+1","Clothesline+1"],"picked":"Inflame+1","floor":28},{"not_picked":["Wild Strike+1","Iron Wave+1","Disarm+1"],"picked":"SKIP","floor":29},{"not_picked":["Armaments+1","Power Through","Combust"],"picked":"SKIP","floor":35},{"not_picked":["Twin Strike+1","Clash+1","Headbutt+1"],"picked":"SKIP","floor":36},{"not_picked":["Dropkick+1","True Grit","Clash+1"],"picked":"SKIP","floor":41},{"not_picked":["Clash+1","Dark Embrace+1","Flex+1"],"picked":"SKIP","floor":42},{"not_picked":["Dark Embrace+1","Battle Trance","Evolve+1"],"picked":"SKIP","floor":48}],"player_experience":66374,"relics_obtained":[{"floor":6,"key":"Letter Opener"},{"floor":9,"key":"Pear"},{"floor":10,"key":"Molten Egg 2"},{"floor":23,"key":"Bottled Lightning"},{"floor":23,"key":"Red Skull"},{"floor":26,"key":"The Courier"},{"floor":27,"key":"Ginger"},{"floor":27,"key":"Orichalcum"},{"floor":29,"key":"Bag of Marbles"},{"floor":29,"key":"Bird Faced Urn"},{"floor":37,"key":"Peace Pipe"},{"floor":41,"key":"Mercury Hourglass"},{"floor":41,"key":"MealTicket"},{"floor":43,"key":"PreservedInsect"},{"floor":48,"key":"Nunchaku"},{"floor":48,"key":"Unceasing Top"}],"event_choices":[{"damage_healed":0,"gold_gain":0,"player_choice":"Leave","damage_taken":0,"max_hp_gain":0,"max_hp_loss":0,"event_name":"The Cleric","floor":2,"gold_loss":0},{"damage_healed":0,"gold_gain":0,"player_choice":"Take Wound","damage_taken":0,"relics_obtained":["Golden Idol"],"max_hp_gain":0,"max_hp_loss":0,"event_name":"Golden Idol","floor":4,"gold_loss":0,"cards_obtained":["Injury"]},{"damage_healed":0,"gold_gain":58,"player_choice":"Gained Gold","damage_taken":0,"max_hp_gain":0,"max_hp_loss":0,"event_name":"Golden Wing","floor":12,"gold_loss":0},{"cards_removed":["Defend_R"],"damage_healed":0,"gold_gain":0,"player_choice":"Card Removal","damage_taken":0,"max_hp_gain":0,"max_hp_loss":0,"event_name":"Wheel of Change","floor":20,"gold_loss":0},{"damage_healed":0,"gold_gain":0,"player_choice":"Simplicity","damage_taken":0,"max_hp_gain":0,"max_hp_loss":0,"event_name":"Back to Basics","floor":30,"gold_loss":0,"cards_upgraded":[]},{"damage_healed":0,"gold_gain":0,"player_choice":"Fight","damage_taken":0,"max_hp_gain":0,"max_hp_loss":0,"event_name":"Mysterious Sphere","floor":37,"gold_loss":0},{"damage_healed":0,"gold_gain":0,"player_choice":"Ignored","damage_taken":0,"max_hp_gain":0,"max_hp_loss":0,"event_name":"Purifier","floor":38,"gold_loss":0},{"damage_healed":0,"gold_gain":0,"player_choice":"0 cards matched","damage_taken":0,"max_hp_gain":0,"max_hp_loss":0,"event_name":"Match and Keep!","floor":46,"gold_loss":0,"cards_obtained":[]}],"is_beta":false,"boss_relics":[{"not_picked":["Runic Dome","Snecko Eye"],"picked":"Black Star"},{"not_picked":["Calling Bell","Velvet Choker","Philosopher\u0027s Stone"]}],"items_purged_floors":[],"is_endless":false,"potions_floor_spawned":[1,5,14,16,18,23,25,27,28,33,37,42],"ascension_level":3}}