{"host":"97k3n5kp0psabqmo","time":1613423942,"event":{"mods":["BaseMod","Colored Powertips","Minty Spire (QoL Compilation)","StSLib"],"gold_per_floor":[117,117,141,165,165,196,196,121,121,154,168,243,268,218,218,218,218],"floor_reached":16,"language":"ENG","playtime":545,"items_purged":["Strike_G"],"score":127,"play_id":"85ca6d5a-284e-444e-ad95-16cd7454bc46","local_time":"20210215161902","is_ascension_mode":true,"campfire_choices":[{"floor":7,"key":"REST"},{"data":"Backflip","floor":15,"key":"SMITH"}],"circlet_count":0,"master_deck":["Strike_G","Strike_G","Strike_G","Strike_G","Defend_G","Defend_G","Defend_G","Defend_G","Survivor","Neutralize","Dagger Spray","Escape Plan","Blade Dance","Backflip+1","Well Laid Plans","Backflip","All Out Attack"],"relics":["Ring of the Snake","Pen Nib","Golden Idol","Pear","White Beast Statue","HornCleat","Incense Burner"],"acts_visited":["Exordium"],"potions_floor_usage":[16,16,16],"damage_taken":[{"damage":4,"enemies":"Small Slimes","floor":1,"turns":4},{"damage":2,"enemies":"Jaw Worm","floor":3,"turns":4},{"damage":5,"enemies":"2 Louse","floor":4,"turns":2},{"damage":33,"enemies":"Lagavulin","floor":6,"turns":9},{"damage":5,"enemies":"3 Sentries","floor":10,"turns":7},{"damage":0,"enemies":"Blue Slaver","floor":11,"turns":3},{"damage":1,"enemies":"2 Fungi Beasts","floor":13,"turns":3},{"damage":24,"enemies":"Slime Boss","floor":16,"turns":7}],"seed_played":"5615367035034294115","potions_obtained":[{"floor":10,"key":"Block Potion"},{"floor":11,"key":"Regen Potion"},{"floor":13,"key":"CunningPotion"}],"is_trial":false,"path_per_floor":["M","?","M","M","?","E","R","$","T","E","M","?","M","?","R","B"],"character_chosen":"THE_SILENT","items_purchased":[],"campfire_rested":1,"item_purchase_floors":[],"current_hp_per_floor":[66,49,47,42,34,1,25,25,25,20,20,9,8,8,8,0,0],"gold":218,"neow_bonus":"RANDOM_COMMON_RELIC","is_daily":false,"chose_seed":false,"campfire_upgraded":1,"win_rate":0.0,"timestamp":1613423942,"path_taken":["M","?","M","M","?","E","R","$","T","E","M","?","?","?","R","BOSS"],"items_purchased_type":[],"build_version":"2020-12-22","purchased_purges":1,"victory":false,"max_hp_per_floor":[70,70,70,70,80,80,80,80,80,80,80,80,80,80,80,80,80],"card_choices":[{"not_picked":["Deadly Poison","Flying Knee"],"picked":"Dagger Spray","floor":1},{"not_picked":["Quick Slash","Prepared"],"picked":"Escape Plan","floor":3},{"not_picked":["Venomology","Dodge and Roll"],"picked":"Blade Dance","floor":4},{"not_picked":["Flechettes","Blur"],"picked":"Backflip","floor":6},{"not_picked":["Choke","Eviscerate"],"picked":"Well Laid Plans","floor":10},{"not_picked":["Reflex","Blade Dance"],"picked":"Backflip","floor":11},{"not_picked":["Prepared","Dodge and Roll"],"picked":"All Out Attack","floor":13}],"player_experience":65771,"relics_obtained":[{"floor":6,"key":"White Beast Statue"},{"floor":9,"key":"HornCleat"},{"floor":10,"key":"Incense Burner"}],"event_choices":[{"damage_healed":0,"gold_gain":0,"player_choice":"Take Damage","damage_taken":17,"relics_obtained":["Golden Idol"],"max_hp_gain":0,"max_hp_loss":0,"event_name":"Golden Idol","floor":2,"gold_loss":0},{"damage_healed":0,"gold_gain":0,"player_choice":"Success","damage_taken":18,"relics_obtained":["Pear"],"max_hp_gain":0,"max_hp_loss":0,"event_name":"Scrap Ooze","floor":5,"gold_loss":0},{"damage_healed":0,"gold_gain":75,"player_choice":"Gather Gold","damage_taken":11,"max_hp_gain":0,"max_hp_loss":0,"event_name":"World of Goop","floor":12,"gold_loss":0},{"cards_removed":["Defend_G"],"damage_healed":0,"gold_gain":0,"player_choice":"Card Removal","damage_taken":0,"max_hp_gain":0,"max_hp_loss":0,"event_name":"The Cleric","floor":14,"gold_loss":50}],"is_beta":false,"boss_relics":[],"items_purged_floors":[8],"is_endless":false,"potions_floor_spawned":[10,11,13],"killed_by":"Slime Boss","ascension_level":3}}