{"host":"e8062yfkmywf26f0","time":1613422795,"event":{"mods":["AchievementEnabler","BaseMod","Colored Map","Minty Spire (QoL Compilation)","Quick Restart","Shop Mod","StSLib"],"gold_per_floor":[116,116,116,134,149,174,193,193,275,290,300,300,88,117,117,212,212,223,223,223,223,223],"floor_reached":21,"language":"ENG","playtime":1191,"items_purged":[],"score":189,"play_id":"42b0cd15-e270-4593-8fe1-c67430b55601","local_time":"20210215205955","is_ascension_mode":false,"campfire_choices":[{"floor":8.0,"key":"REST"},{"data":"Noxious Fumes","floor":12.0,"key":"SMITH"},{"data":"Neutralize","floor":15,"key":"SMITH"}],"circlet_count":0,"master_deck":["Survivor","Neutralize+1","Noxious Fumes+1","Blade Dance","Dagger Throw","Outmaneuver","Blade Dance","Cloak And Dagger","Corpse Explosion","Well Laid Plans","Phantasmal Killer","Cloak And Dagger","Escape Plan","Outmaneuver","Flying Knee","Tactician","Envenom","Tools of the Trade","Backstab","Finisher"],"relics":["Sozu","Torii","Ninja Scroll","Bronze Scales","Regal Pillow","Pandora\u0027s Box"],"acts_visited":["Exordium","TheCity"],"potions_floor_usage":[],"damage_taken":[{"damage":0.0,"enemies":"2 Louse","floor":1.0,"turns":4.0},{"damage":0.0,"enemies":"Cultist","floor":4.0,"turns":4.0},{"damage":0.0,"enemies":"Small Slimes","floor":5.0,"turns":4.0},{"damage":17.0,"enemies":"3 Sentries","floor":6.0,"turns":12.0},{"damage":1.0,"enemies":"Red Slaver","floor":7.0,"turns":3.0},{"damage":0.0,"enemies":"Looter","floor":10.0,"turns":3.0},{"damage":0.0,"enemies":"2 Fungi Beasts","floor":11.0,"turns":3.0},{"damage":2,"enemies":"Lagavulin","floor":14,"turns":5},{"damage":31,"enemies":"The Guardian","floor":16,"turns":8},{"damage":21,"enemies":"2 Thieves","floor":18,"turns":2},{"damage":60,"enemies":"Chosen","floor":21,"turns":6}],"seed_played":"-6341242318067295887","potions_obtained":[],"is_trial":false,"path_per_floor":["M","?","?","M","M","E","M","R","T","M","M","R","$","E","R","B",null,"M","?","$","M"],"character_chosen":"THE_SILENT","items_purchased":["Bronze Scales","Outmaneuver","Blade Dance"],"campfire_rested":1,"item_purchase_floors":[13,13,13],"current_hp_per_floor":[70,56,56,56,56,39,38,59,59,59,59,59,59,57,57,26,70,49,49,49,0,0],"gold":223,"neow_bonus":"BOSS_RELIC","is_daily":false,"chose_seed":false,"campfire_upgraded":2,"win_rate":0.0,"timestamp":1613422795,"path_taken":["M","?","?","M","?","E","M","R","T","M","M","R","?","E","R","BOSS","M","?","$","M"],"items_purchased_type":["Relic","Card","Card"],"build_version":"2020-12-22","purchased_purges":0,"victory":false,"max_hp_per_floor":[70,70,70,70,70,70,70,70,70,70,70,70,70,70,70,70,70,70,70,70,70,70],"card_choices":[{"not_picked":["Calculated Gamble","Eviscerate","Sucker Punch"],"picked":"SKIP","floor":1.0},{"not_picked":["Quick Slash","Acrobatics","Blur"],"picked":"SKIP","floor":4.0},{"not_picked":["Backflip","Quick Slash","Dash"],"picked":"SKIP","floor":5.0},{"not_picked":["Escape Plan","Acrobatics"],"picked":"Noxious Fumes","floor":6.0},{"not_picked":["Cloak And Dagger","Quick Slash"],"picked":"Blade Dance","floor":7.0},{"not_picked":["Sucker Punch","Footwork"],"picked":"Dagger Throw","floor":10.0},{"not_picked":["Flying Knee","Tactician","Deflect"],"picked":"SKIP","floor":11.0},{"not_picked":["Glass Knife","Dodge and Roll"],"picked":"Cloak And Dagger","floor":14},{"not_picked":["Doppelganger","Tools of the Trade"],"picked":"Corpse Explosion","floor":16},{"not_picked":["Dagger Spray","Blur"],"picked":"Backstab","floor":18}],"player_experience":107742,"relics_obtained":[{"floor":6.0,"key":"Torii"},{"floor":9.0,"key":"Ninja Scroll"},{"floor":14,"key":"Regal Pillow"}],"event_choices":[{"damage_healed":0.0,"max_hp_gain":0.0,"max_hp_loss":0.0,"gold_gain":0.0,"event_name":"Shining Light","player_choice":"Entered Light","floor":2.0,"gold_loss":0.0,"damage_taken":14.0,"cards_upgraded":["Strike_G","Strike_G"]},{"damage_healed":0.0,"max_hp_gain":0.0,"max_hp_loss":0.0,"gold_gain":0.0,"event_name":"Lab","player_choice":"Got Potions","floor":3.0,"gold_loss":0.0,"damage_taken":0.0},{"damage_healed":0,"gold_gain":0,"cards_transformed":["Venomology"],"player_choice":"Transformed","damage_taken":0,"max_hp_gain":0,"max_hp_loss":0,"event_name":"Transmorgrifier","floor":19,"gold_loss":0,"cards_obtained":["Finisher"]}],"is_beta":false,"boss_relics":[{"not_picked":["SacredBark","Black Star"],"picked":"Pandora\u0027s Box"}],"items_purged_floors":[],"is_endless":false,"potions_floor_spawned":[1,5,7,11,16],"killed_by":"Chosen","ascension_level":0}}