{"host":"bakf0s4odzu8z5xt","time":1613358321,"event":{"mods":["2.2 Compatiblity","BaseMod","Downfall","Friendly Minions","Minty Spire (QoL Compilation)","StSLib"],"gold_per_floor":[99,116,127,127,138,138,211,222,222,256,256,166,166,200,210,311,311,311,328,338,156,156,156,156,190,205,105,119,84,84,84,98,201,201,201,216,227,227,29,47,71,89,106,106,120,20,30,62,62,62],"floor_reached":51,"language":"ENG","playtime":3899,"items_purged":["bronze:Strike","bronze:Strike","bronze:Defend"],"score":752,"play_id":"a20db082-19b2-479d-8e98-95535093e363","local_time":"20210214210521","is_ascension_mode":true,"campfire_choices":[{"data":"bronze:Goto","floor":1,"key":"SMITH"},{"data":"bronze:FineTuning","floor":9,"key":"SMITH"},{"data":"bronze:OilSpill","floor":11,"key":"SMITH"},{"data":"bronze:Iterate","floor":13,"key":"SMITH"},{"data":"bronze:Hardcode","floor":18,"key":"SMITH"},{"floor":23,"key":"RECALL"},{"data":"bronze:Fortify","floor":27,"key":"SMITH"},{"data":"bronze:Return","floor":30,"key":"SMITH"},{"data":"bronze:Repulsor","floor":35,"key":"SMITH"},{"data":"bronze:BugBarrage","floor":46,"key":"SMITH"},{"data":"bronze:BuggyMess","floor":49,"key":"SMITH"}],"circlet_count":0,"master_deck":["bronze:Defend","bronze:Defend","bronze:Defend","bronze:Replicate","bronze:Goto+1","bronze:FineTuning+1","bronze:OilSpill+1","bronze:Shield","bronze:FunctionCard","bronze:Overheat+1","bronze:Repair","bronze:Constructor","bronze:Allocate","bronze:FollowUp","bronze:Fortify+1","bronze:BugBarrage+1","bronze:BitShift+1","bronze:ForceShield+1","bronze:Repulsor+1","bronze:Return+1","bronze:BuggyMess+1","bronze:BurnOut","bronze:BitShift+1","bronze:Shield+1","bronze:MaxOutput","bronze:MaxOutput","bronze:FineTuning+1","bronze:BuggyMess+1","bronze:BugBarrage+1","bronze:ItsAFeature"],"relics":["bronze:BronzeCore","Bottled Flame","Art of War","Slimebound:StickyStick","SlaversCollar","Question Card","Orrery","hexamod:CandleOfCauterizing","Ginger","downfall:HeartBlessingRed","bronze:MakeshiftBattery","bronze:BottledCode","downfall:HeartBlessingBlue","Ice Cream"],"acts_visited":["Exordium","TheCity","TheBeyond"],"potions_floor_usage":[10,19,19,21,25,31,37,50,50,50],"damage_taken":[{"damage":6,"enemies":"2 Louse","floor":2,"turns":3},{"damage":0,"enemies":"Small Slimes","floor":3,"turns":3},{"damage":2,"enemies":"Jaw Worm","floor":5,"turns":3},{"damage":0,"enemies":"Large Slime","floor":8,"turns":4},{"damage":3,"enemies":"Lagavulin","floor":10,"turns":3},{"damage":0,"enemies":"downfall:FleeingMerchant","floor":12,"turns":4},{"damage":0,"enemies":"Gremlin Nob","floor":14,"turns":3},{"damage":6,"enemies":"downfall:LooterAlt","floor":15,"turns":2},{"damage":29,"enemies":"WA_ARCHETYPE_RETAIN","floor":16,"turns":6},{"damage":24,"enemies":"Shell Parasite","floor":19,"turns":7},{"damage":0,"enemies":"Spheric Guardian","floor":20,"turns":2},{"damage":0,"enemies":"downfall:FleeingMerchant","floor":21,"turns":3},{"damage":7,"enemies":"Book of Stabbing","floor":25,"turns":3},{"damage":2,"enemies":"Centurion and Healer","floor":26,"turns":4},{"damage":7,"enemies":"Cultist and Chosen","floor":28,"turns":4},{"damage":17,"enemies":"Cultist and Chosen","floor":31,"turns":4},{"damage":0,"enemies":"Sentry and Sphere","floor":32,"turns":4},{"damage":6,"enemies":"SI_MIRROR_ARCHETYPE","floor":33,"turns":5},{"damage":7,"enemies":"3 Shapes","floor":36,"turns":4},{"damage":7,"enemies":"Orb Walker","floor":37,"turns":3},{"damage":0,"enemies":"Maw","floor":40,"turns":4},{"damage":0,"enemies":"3 Darklings","floor":42,"turns":3},{"damage":0,"enemies":"4 Shapes","floor":43,"turns":4},{"damage":0,"enemies":"Maw","floor":45,"turns":5},{"damage":7,"enemies":"Writhing Mass","floor":47,"turns":4},{"damage":3,"enemies":"Nemesis","floor":48,"turns":3},{"damage":27,"enemies":"IC_BLOCK_ARCHETYPE","floor":50,"turns":4}],"seed_played":"-1579694521897756066","potions_obtained":[{"floor":3,"key":"DuplicationPotion"},{"floor":8,"key":"LiquidMemories"},{"floor":15,"key":"LiquidBronze"},{"floor":16,"key":"Block Potion"},{"floor":20,"key":"Energy Potion"},{"floor":25,"key":"sneckomod:MuddlingPotion"},{"floor":28,"key":"AttackPotion"},{"floor":32,"key":"champ:CounterPotion"},{"floor":33,"key":"SneckoOil"},{"floor":36,"key":"AttackPotion"},{"floor":40,"key":"SpeedPotion"},{"floor":43,"key":"Regen Potion"},{"floor":45,"key":"LiquidBronze"}],"is_trial":false,"path_per_floor":["R","M","M","?","M","?","T","M","R","E","R","$","R","E","M","B",null,"R","M","M","$","?","R","T","E","M","R","M","$","R","?","M","B",null,"R","M","M","?","$","M","T","M","M","?","M","R","M","E","R","B",null],"character_chosen":"THE_AUTOMATON","items_purchased":["Question Card","Orrery","bronze:Return","bronze:MaxOutput"],"campfire_rested":0,"item_purchase_floors":[21,21,29,39],"current_hp_per_floor":[63,57,57,57,55,55,55,55,55,52,52,52,52,52,46,17,84,84,60,60,67,67,67,67,67,73,73,73,73,73,63,71,72,84,84,79,79,74,74,74,74,74,74,74,74,84,84,81,81,61],"gold":62,"neow_bonus":"TWENTY_PERCENT_HP_BONUS","is_daily":false,"chose_seed":false,"campfire_upgraded":10,"win_rate":0.0,"timestamp":1613358321,"path_taken":["R","M","M","?","M","?","T","M","R","E","R","$","R","E","M","BOSS","R","M","M","$","?","R","T","E","M","R","M","$","R","?","M","BOSS","R","M","M","?","$","M","T","M","M","?","M","R","M","E","R","BOSS"],"items_purchased_type":["Relic","Relic","Card","Card"],"build_version":"2020-12-22","purchased_purges":3,"victory":true,"max_hp_per_floor":[84,84,84,84,84,84,84,84,84,84,84,84,84,84,84,84,84,84,84,84,84,84,84,84,84,84,84,84,84,84,84,84,84,84,84,84,84,74,74,74,74,74,74,74,74,84,84,84,84,84],"card_choices":[{"not_picked":["bronze:Branch","bronze:DelayedSlice"],"picked":"bronze:FineTuning","floor":2},{"not_picked":["bronze:Separator","bronze:Invalidate"],"picked":"bronze:Iterate","floor":3},{"not_picked":["bronze:Overload","bronze:WildBeam"],"picked":"bronze:DelayedSlice","floor":5},{"not_picked":["bronze:DigitalCarnage","bronze:Turbo"],"picked":"bronze:OilSpill","floor":8},{"not_picked":["bronze:Frontload","bronze:Return","bronze:CutThrough"],"picked":"SKIP","floor":10},{"not_picked":["bronze:BitShift","bronze:Fortify"],"picked":"bronze:Terminator","floor":12},{"not_picked":["bronze:HyperBeam","bronze:Flail"],"picked":"bronze:Philosophize","floor":14},{"not_picked":["bronze:CloningBeam","bronze:Safeguard"],"picked":"bronze:Shield","floor":15},{"not_picked":["bronze:HyperBeam","bronze:CleanCode"],"picked":"bronze:Hardcode","floor":16},{"not_picked":["bronze:NullPointer","bronze:OilSpill"],"picked":"bronze:Overheat+1","floor":19},{"not_picked":["bronze:Branch","bronze:Backtrace+1"],"picked":"bronze:Repair","floor":20},{"not_picked":["bronze:BuggyMess","bronze:Optimize"],"picked":"bronze:Constructor","floor":21},{"not_picked":["bronze:Separator","bronze:CutThrough+1","bronze:CleanCode"],"picked":"bronze:Allocate","floor":21},{"not_picked":["bronze:WildBeam","bronze:BronzeOrb","bronze:Iterate"],"picked":"bronze:FollowUp","floor":21},{"not_picked":["bronze:BuggyMess+1","bronze:FineTuning","bronze:ChildClass"],"picked":"bronze:Fortify","floor":21},{"not_picked":["bronze:BitShift+1","bronze:Boost","bronze:Shield+1"],"picked":"bronze:BugBarrage","floor":21},{"not_picked":["bronze:Constructor","bronze:Turbo","bronze:Iterate"],"picked":"bronze:BitShift+1","floor":25},{"not_picked":["bronze:ChosenStrike+1","bronze:Frontload+1","bronze:Overheat"],"picked":"bronze:ForceShield+1","floor":26},{"not_picked":["bronze:Deprecate","bronze:Philosophize+1","bronze:WildBeam"],"picked":"bronze:Repulsor","floor":28},{"not_picked":["bronze:WhirlingStrike+1","bronze:DarkDash","bronze:OilSpill"],"picked":"bronze:BuggyMess","floor":32},{"not_picked":["bronze:ShipIt","bronze:Break","bronze:InfiniteLoop"],"picked":"bronze:BurnOut","floor":33},{"not_picked":["bronze:Iterate","bronze:Optimize","bronze:DelayedSlice"],"picked":"bronze:BitShift+1","floor":36},{"not_picked":["bronze:Allocate+1","bronze:BugBarrage+1","bronze:Separator+1"],"picked":"bronze:Shield+1","floor":37},{"not_picked":["bronze:WhirlingStrike","bronze:FollowUp","bronze:ForLoop+1"],"picked":"bronze:MaxOutput","floor":40},{"not_picked":["bronze:Constructor+1","bronze:ChosenStrike","bronze:GetLatest"],"picked":"bronze:FineTuning+1","floor":42},{"not_picked":["bronze:Flail+1","bronze:WhirlingStrike","bronze:Philosophize+1"],"picked":"bronze:BuggyMess+1","floor":43},{"not_picked":["bronze:DelayedSlice+1","bronze:GetLatest+1","bronze:Separator+1"],"picked":"bronze:BugBarrage+1","floor":45},{"not_picked":["bronze:CutThrough","bronze:Shield","bronze:Overload"],"picked":"bronze:ItsAFeature","floor":47},{"not_picked":["bronze:Flail","bronze:ItsAFeature+1","bronze:Branch","bronze:Backtrace+1"],"picked":"SKIP","floor":48}],"player_experience":2199135,"relics_obtained":[{"floor":7,"key":"Bottled Flame"},{"floor":10,"key":"Art of War"},{"floor":14,"key":"Slimebound:StickyStick"},{"floor":24,"key":"hexamod:CandleOfCauterizing"},{"floor":25,"key":"Ginger"},{"floor":48,"key":"Ice Cream"}],"event_choices":[{"cards_removed":["bronze:Strike"],"damage_healed":0,"gold_gain":0,"player_choice":"Card Removal","damage_taken":0,"max_hp_gain":0,"max_hp_loss":0,"event_name":"The Cleric","floor":4,"gold_loss":0},{"damage_healed":0,"gold_gain":0,"player_choice":"Grow","damage_taken":0,"max_hp_gain":0,"max_hp_loss":0,"event_name":"Living Wall","floor":6,"gold_loss":0,"cards_upgraded":["bronze:DelayedSlice"]}],"is_beta":false,"boss_relics":[{"not_picked":["bronze:PlatinumCore","Velvet Choker"],"picked":"SlaversCollar"},{"not_picked":["expansioncontent:StudyCardRelic","SacredBark"],"picked":"bronze:MakeshiftBattery"}],"items_purged_floors":[12,21,39],"is_endless":false,"potions_floor_spawned":[3,8,15,16,20,25,28,32,33,36,40,43,45],"ascension_level":2}}