{"host":"9anookmks9wubopy","time":1613420620,"event":{"mods":["Bard","BaseMod","Colored Map","Colored Powertips","Conspire","Energized Spire","Hermit","Minty Spire (QoL Compilation)","Replay The Spire","StSLib","The Bladedancer","The Elementalist","The Hierophant","The Jungle","The Marked","The Mystic","The Necromancer","The Runesmith"],"gold_per_floor":[110,385,3,13,33,63,238,238,238,238,262,262,275,289,289,413,413,438,459,459,475,499,499,518,534,534,534,534,534,560,560,560],"floor_reached":31,"language":"ENG","playtime":1346,"items_purged":["Regret"],"score":239,"play_id":"a76c8247-e213-4090-b333-9a7ab88d099e","local_time":"20210215152340","is_ascension_mode":false,"campfire_choices":[{"floor":12,"key":"REST"},{"floor":15,"key":"REST"},{"floor":23,"key":"REST"},{"floor":28,"key":"REST"}],"circlet_count":0,"master_deck":["Strike_G","Strike_G+1","Strike_G","Strike_G","Strike_G","Defend_G","Defend_G","Defend_G","Defend_G","Defend_G","Survivor","Neutralize","Hidden Blade","Poisoned Stab","Infinite Blades","Infinite Blades","PiercingWail","Bane","Slice","Blade Dance","Outmaneuver","Blade Dance","Slice+1","Cloak And Dagger","Die Die Die","Endless Agony+1","Deflect","Cloak And Dagger","Dagger Throw+1","Dagger Spray","Amnesia","Writhe"],"relics":["Ring of the Snake","Bronze Scales","Replay:WaspNest","Golden Idol","Blood Vial","Philosopher\u0027s Stone","ReplayTheSpireMod:Shallot","ReplayTheSpireMod:Ring of Exchange","Shovel","Whetstone"],"acts_visited":["Exordium","Exordium"],"potions_floor_usage":[6,16,16,16,21,31],"damage_taken":[{"damage":2,"enemies":"Cultist","floor":1,"turns":7},{"damage":7,"enemies":"2 Louse","floor":4,"turns":3},{"damage":2,"enemies":"Small Slimes","floor":5,"turns":3},{"damage":23,"enemies":"Lagavulin","floor":6,"turns":7},{"damage":0,"enemies":"2 Fungi Beasts","floor":11,"turns":4},{"damage":18,"enemies":"conspire:2 RoseBushes","floor":13,"turns":2},{"damage":2,"enemies":"Blue Slaver","floor":14,"turns":4},{"damage":41,"enemies":"Slime Boss","floor":16,"turns":8},{"damage":29,"enemies":"theJungle:MUSHROOMGANG","floor":18,"turns":4},{"damage":19,"enemies":"theJungle:GiantWrat","floor":19,"turns":3},{"damage":5,"enemies":"theJungle:JungleHuntersEncounter","floor":21,"turns":3},{"damage":13,"enemies":"theJungle:SlimyTreeVines","floor":22,"turns":5},{"damage":12,"enemies":"theJungle:Snecko_Cultist_And_Trap","floor":24,"turns":5},{"damage":15,"enemies":"theJungle:2_Snecko_Cultists","floor":25,"turns":3},{"damage":28,"enemies":"theJungle:Lyon","floor":31,"turns":3}],"seed_played":"-3256404665436179666","potions_obtained":[{"floor":4,"key":"Weak Potion"},{"floor":5,"key":"Elixir"},{"floor":10,"key":"Ancient Potion"},{"floor":10,"key":"Ancient Potion"},{"floor":11,"key":"LiquidBronze"},{"floor":18,"key":"Cursed Concoction"},{"floor":25,"key":"LiquidBronze"}],"is_trial":false,"path_per_floor":["M","?","$","M","M","E","?","?","T","?","M","R","M","M","R","B",null,"M","M","?","M","M","R","M","M","T","?","R","?","T","M"],"character_chosen":"THE_SILENT","items_purchased":["Bronze Scales","Infinite Blades","PiercingWail","Bane"],"campfire_rested":4,"item_purchase_floors":[3,3,3,3],"current_hp_per_floor":[68,68,68,61,59,36,36,36,36,36,38,57,41,41,60,21,65,36,19,19,16,11,30,20,7,7,7,26,26,26,0,0],"gold":560,"neow_bonus":"THREE_CARDS","is_daily":false,"chose_seed":false,"campfire_upgraded":0,"win_rate":0.0,"timestamp":1613420620,"path_taken":["M","?","$","M","?","E","?","?","T","?","?","R","M","M","R","BOSS","M","M","?","?","M","R","?","M","T","?","R","?","?","?"],"items_purchased_type":["Relic","Card","Card","Card"],"build_version":"2020-12-22","purchased_purges":1,"victory":false,"max_hp_per_floor":[70,70,70,70,70,70,70,65,65,65,65,65,65,65,65,65,65,65,65,65,65,65,65,65,65,65,65,65,65,65,65,65],"card_choices":[{"not_picked":["Terror","Fluid Movement"],"picked":"Hidden Blade","floor":0},{"not_picked":["Hidden Blade","Eviscerate"],"picked":"Poisoned Stab","floor":1},{"not_picked":["Adrenaline","Terror"],"picked":"Slice","floor":4},{"not_picked":["Dagger Throw","Flying Knee"],"picked":"Blade Dance","floor":5},{"not_picked":["Blade Dance","After Image"],"picked":"Outmaneuver","floor":6},{"not_picked":["conspire:PoisonWeapons","Outmaneuver"],"picked":"Blade Dance","floor":11},{"not_picked":["Dodge and Roll","Backflip"],"picked":"Slice","floor":13},{"not_picked":["Poisoned Stab","Underhanded Strike"],"picked":"Cloak And Dagger","floor":14},{"not_picked":["Doppelganger","A Thousand Cuts"],"picked":"Die Die Die","floor":16},{"not_picked":["All Out Attack","Dagger Throw"],"picked":"Endless Agony+1","floor":18},{"not_picked":["Dagger Throw","Prepared"],"picked":"Deflect","floor":19},{"not_picked":["Outmaneuver","Envenom"],"picked":"Cloak And Dagger","floor":21},{"not_picked":["Dodge and Roll","Well Laid Plans"],"picked":"Dagger Throw+1","floor":22},{"not_picked":["Flying Knee","ReplayTheSpireMod:The Works","Deadly Poison+1"],"picked":"SKIP","floor":24},{"not_picked":["PiercingWail","Deadly Poison"],"picked":"Dagger Spray","floor":25}],"player_experience":38881,"relics_obtained":[{"floor":6,"key":"Replay:WaspNest"},{"floor":9,"key":"Blood Vial"},{"floor":26,"key":"ReplayTheSpireMod:Shallot"},{"floor":27,"key":"ReplayTheSpireMod:Ring of Exchange"},{"floor":30,"key":"Whetstone"}],"event_choices":[{"damage_healed":0,"gold_gain":275,"player_choice":"Desecrate","damage_taken":0,"max_hp_gain":0,"max_hp_loss":0,"event_name":"Golden Shrine","floor":2,"gold_loss":0,"cards_obtained":["Regret"]},{"damage_healed":0,"gold_gain":175,"player_choice":"AGREE","damage_taken":0,"max_hp_gain":0,"max_hp_loss":0,"event_name":"Liars Game","floor":7,"gold_loss":0,"cards_obtained":["Doubt"]},{"damage_healed":0,"gold_gain":0,"player_choice":"Lose Max HP","damage_taken":0,"relics_obtained":["Golden Idol"],"max_hp_gain":0,"max_hp_loss":5,"event_name":"Golden Idol","floor":8,"gold_loss":0},{"damage_healed":0,"gold_gain":0,"player_choice":"Got Potions","damage_taken":0,"max_hp_gain":0,"max_hp_loss":0,"event_name":"Lab","floor":10,"gold_loss":0},{"cards_removed":["Doubt"],"damage_healed":0,"gold_gain":0,"player_choice":"Card Removal","damage_taken":0,"max_hp_gain":0,"max_hp_loss":0,"event_name":"Wheel of Change","floor":20,"gold_loss":0}],"is_beta":false,"boss_relics":[{"not_picked":["SlaversCollar","Snecko Scales"],"picked":"Philosopher\u0027s Stone"}],"items_purged_floors":[3],"is_endless":false,"potions_floor_spawned":[4,5,11,13,18,25],"killed_by":"theJungle:Lyon","ascension_level":0}}