{"host":"v0xbo920qxoewo3e","time":1613395129,"event":{"mods":["Act Like it!","Aspiration","Astrologer","BaseMod","Conspire","Downfall","Friendly Minions","GifTheSpireLib","Halation","Hermit","Hubris","Infinite Spire","Jedi Mod","Jorbs\u0027s Wanderer Trilogy","Koishi","Marisa????????","Minty Spire (QoL Compilation)","Potionbrewer","Rare Cards Sparkle","Reimu??????","Remilia??????","Replay The Spire","StSLib","Stuff the Spire","The Animator","The Blackbeard","The Bladedancer","The Bug Knight","The Construct","The Cursed","The Disciple","The Gatherer","The Jungle","The Problem Sleuth","The Runesmith","The Servant 0.9.4","TheBandit","Unceasing Turn Reminder"],"gold_per_floor":[118,128,146,158,6,6,6,19,42,60,60,91,102,133,133,234,234,250,263,93,93,93,121,121,136,190,209,42,42,42,62,62,163,163,183,295,24,53,53,53,93,115,115,115,143,143,67,91,91,103],"floor_reached":51,"language":"ENG","playtime":4624,"items_purged":["Strike_P","Strike_P","Strike_P"],"score":1195,"play_id":"e8b7f614-642e-4ccb-bc2f-3d580168661b","local_time":"20210215151849","is_ascension_mode":true,"campfire_choices":[{"data":"Eruption","floor":6,"key":"SMITH"},{"data":"Vigilance","floor":11,"key":"SMITH"},{"data":"Sanctity","floor":15,"key":"SMITH"},{"floor":24,"key":"REST"},{"data":"Alpha","floor":29,"key":"SMITH"},{"data":"Defend_P","floor":32,"key":"SMITH"},{"floor":40,"key":"REST"},{"data":"Omniscience","floor":44,"key":"SMITH"},{"data":"Nirvana","floor":49,"key":"SMITH"}],"circlet_count":0,"master_deck":["Strike_P","Defend_P","Defend_P","Defend_P","Eruption+1","Vigilance+1","Replay:AtTheReady","CrushJoints","FollowUp","EmptyMind+1","Tantrum+1","ReachHeaven","EmptyBody","Replay:Anticipation+1","DeceiveReality+1","Sanctity+1","LessonLearned+1","Replay:DivineShield+1","Wireheading+1","Replay:Sssssssssshield+1","Replay:Sssssssssshield","Lust_TH","Ragnarok","ReachHeaven+1","Crescendo","Alpha+1","Omniscience+1","ThirdEye+1","Protect+1","Replay:Cycle+1","ThirdEye","Nirvana+1"],"relics":["HolyWater","Dream Catcher","Blue Doll","theSleuth:SaltedMelon","theSleuth:SaltedMelon","Bottled Tornado","Simple Rune","jedi:heavyjacket","jedi:paperlyon","halation:IllGainedPizza","Replay:Rubber Ducky","potionbrewer:WarMedal","potionbrewer:MortarAndPestle","hubris:Towel","Vajra"],"acts_visited":["Exordium","TheCity","TheBeyond"],"potions_floor_usage":[10,13],"damage_taken":[{"damage":1,"enemies":"Cultist","floor":1,"turns":4},{"damage":1,"enemies":"conspire:RoseBush","floor":2,"turns":7},{"damage":5,"enemies":"Small Slimes","floor":3,"turns":5},{"damage":3,"enemies":"Looter","floor":4,"turns":2},{"damage":9,"enemies":"Red Slaver","floor":8,"turns":2},{"damage":1,"enemies":"3 Louse","floor":10,"turns":3},{"damage":0,"enemies":"Gremlin Nob","floor":12,"turns":3},{"damage":10,"enemies":"Exordium Wildlife","floor":13,"turns":3},{"damage":0,"enemies":"HollowMod:MossKnight","floor":14,"turns":3},{"damage":5,"enemies":"Fading Forest","floor":16,"turns":11},{"damage":0,"enemies":"Chosen","floor":18,"turns":3},{"damage":9,"enemies":"3 Cultists","floor":19,"turns":7},{"damage":34,"enemies":"HollowMod:Nosk","floor":23,"turns":11},{"damage":3,"enemies":"Centurion and Healer","floor":25,"turns":9},{"damage":0,"enemies":"Shelled Parasite and Fungi","floor":27,"turns":6},{"damage":0,"enemies":"Snake Plant","floor":31,"turns":8},{"damage":0,"enemies":"conspire:MysteriousRune","floor":33,"turns":10},{"damage":9,"enemies":"3 Shapes","floor":35,"turns":5},{"damage":0,"enemies":"3 Darklings","floor":38,"turns":5},{"damage":0,"enemies":"Nemesis","floor":41,"turns":5},{"damage":0,"enemies":"Transient","floor":42,"turns":5},{"damage":0,"enemies":"Jaw Worm Horde","floor":45,"turns":5},{"damage":6,"enemies":"infinitespire:MassOfShapes","floor":50,"turns":9}],"seed_played":"8205186247484027028","potions_obtained":[{"floor":2,"key":"potionbrewer:ToxicPotion"},{"floor":3,"key":"SpeedPotion"},{"floor":8,"key":"DuplicationPotion"},{"floor":12,"key":"Death Potion"},{"floor":13,"key":"Milkshake"},{"floor":23,"key":"Energy Potion"},{"floor":35,"key":"BottledMiracle"}],"is_trial":false,"path_per_floor":["M","M","M","M","$","R","?","M","T","M","R","E","M","E","R","B",null,"M","M","$","?","?","E","R","M","T","M","$","R","?","M","R","B",null,"M","?","$","M","?","R","E","M","T","R","M","?","$","T","R","B",null],"character_chosen":"WATCHER","items_purchased":["Tantrum","ReachHeaven","Wireheading+1","Replay:Sssssssssshield","Alpha","Replay:Rubber Ducky","Nirvana"],"campfire_rested":2,"item_purchase_floors":[5,5,20,20,28,37,47],"current_hp_per_floor":[64,63,58,55,55,55,60,51,51,50,50,50,40,40,40,53,71,71,62,62,62,62,28,53,50,50,50,50,52,52,52,54,54,76,67,34,34,34,34,61,61,61,61,63,63,63,63,63,65,59],"gold":103,"neow_bonus":"REMOVE_CARD","is_daily":false,"chose_seed":false,"campfire_upgraded":7,"win_rate":0.0,"timestamp":1613395129,"path_taken":["M","M","M","M","$","R","?","M","T","M","R","E","M","E","R","BOSS","M","M","$","?","?","E","R","M","T","M","$","R","?","?","R","BOSS","M","?","$","?","?","R","E","M","T","R","M","?","$","?","R","BOSS"],"items_purchased_type":["Card","Card","Card","Card","Card","Relic","Card"],"build_version":"2020-12-22","purchased_purges":3,"victory":true,"max_hp_per_floor":[72,72,72,72,72,72,77,77,77,77,77,77,77,77,77,77,77,77,77,77,77,77,77,79,79,79,79,79,81,81,81,83,83,83,83,83,83,83,83,85,85,85,85,87,87,87,87,87,89,89],"card_choices":[{"not_picked":["PathToVictory","WreathOfFlame"],"picked":"Replay:AtTheReady","floor":1},{"not_picked":["FlyingSleeves","JustLucky"],"picked":"CrushJoints","floor":2},{"not_picked":["Protect","Worship"],"picked":"FollowUp","floor":3},{"not_picked":["Replay:AtTheReady","PathToVictory"],"picked":"EmptyMind","floor":4},{"not_picked":["FlyingSleeves","Replay:DivineShield"],"picked":"EmptyBody","floor":8},{"not_picked":["SignatureMove","EmptyFist"],"picked":"Replay:Anticipation","floor":10},{"not_picked":["EmptyFist","CarveReality","ForeignInfluence"],"picked":"SKIP","floor":12},{"not_picked":["Evaluate","Halt"],"picked":"DeceiveReality","floor":13},{"not_picked":["TalkToTheHand","FearNoEvil"],"picked":"Sanctity","floor":14},{"not_picked":["DeusExMachina","Brilliance"],"picked":"LessonLearned","floor":16},{"not_picked":["Conclude","Crescendo"],"picked":"Replay:DivineShield+1","floor":18},{"not_picked":["Protect","Evaluate","TalkToTheHand"],"picked":"SKIP","floor":19},{"not_picked":["SashWhip+1","Meditate"],"picked":"Ragnarok","floor":23},{"not_picked":["WheelKick+1","Consecrate"],"picked":"ReachHeaven+1","floor":24},{"not_picked":["Wallop","WindmillStrike","EmptyFist"],"picked":"SKIP","floor":25},{"not_picked":["FlyingSleeves","JustLucky"],"picked":"Crescendo","floor":27},{"not_picked":["Vengeance","EmptyFist+1","EmptyBody"],"picked":"SKIP","floor":31},{"not_picked":["Vault","jedi:nirvanicrebirth"],"picked":"Omniscience","floor":33},{"not_picked":["EmptyFist","CrushJoints+1","ReachHeaven"],"picked":"SKIP","floor":35},{"not_picked":["TalkToTheHand","CutThroughFate+1"],"picked":"ThirdEye+1","floor":36},{"not_picked":["EmptyBody","SandsOfTime"],"picked":"Protect+1","floor":36},{"not_picked":["JustLucky+1","EmptyBody+1","Replay:AtTheReady"],"picked":"SKIP","floor":38},{"not_picked":["Fasting2+1","FollowUp+1"],"picked":"Replay:Cycle+1","floor":40},{"not_picked":["EmptyBody","CrushJoints","Devotion"],"picked":"SKIP","floor":41},{"not_picked":["Replay:BluntJabs+1","ClearTheMind+1"],"picked":"ThirdEye","floor":42},{"not_picked":["Consecrate","PathToVictory+1","InnerPeace+1"],"picked":"SKIP","floor":45}],"player_experience":1497365,"relics_obtained":[{"floor":12,"key":"Dream Catcher"},{"floor":14,"key":"Blue Doll"},{"floor":23,"key":"Bottled Tornado"},{"floor":26,"key":"Simple Rune"},{"floor":36,"key":"halation:IllGainedPizza"},{"floor":41,"key":"potionbrewer:WarMedal"},{"floor":43,"key":"potionbrewer:MortarAndPestle"},{"floor":48,"key":"Vajra"}],"event_choices":[{"damage_healed":0,"gold_gain":0,"player_choice":"Donut","damage_taken":0,"max_hp_gain":5,"max_hp_loss":0,"event_name":"Big Fish","floor":7,"gold_loss":0}],"is_beta":false,"boss_relics":[{"not_picked":["SlaversCollar","Coffee Dripper"],"picked":"HolyWater"},{"not_picked":["Runic Pyramid","hubris:CrackedHourglass"],"picked":"jedi:paperlyon"}],"items_purged_floors":[20,28,37],"is_endless":false,"potions_floor_spawned":[2,3,8,12,13,19,23,31,35,41],"ascension_level":9}}