{"host":"dug4t5o3sl9ppgxq","time":1613379546,"event":{"mods":["ATMod(∞¢Ë™Mod)","Act Like it!","Aspiration","BaseMod","BetterRewards","Card Forge","Colored Map","Colored Powertips","DNKmod","Downfall","FoggyMod","Friendly Minions","Gensokyo","Grow up Mod","Hallownest","Highlight Path","Lobotomy","LobotomyExtend","Marisa£®ÏF”Í°°ƒß¿Ì…≥£©","Minty Spire (QoL Compilation)","Reimu£®≤©¿ˆ¡È√Œ£©","Relic Filter Mod","Remilia£®¿Ÿ√◊¿Ú—«£©","Replay The Spire","Spicy Shops","StSLib","The Bug Knight","The Saiyan","Uncapped","Warlord Emblem","noobMod","°æπ¶ƒ‹Mod°øªÏ„Á÷Æª∑–ﬁ∏¥≤π∂°","°æπ¶ƒ‹Mod°ø¥œ√˜µƒ◊Ó÷’Boss","°æ“≈ŒÔø®≈∆°øREMEMod"],"gold_per_floor":[10010,10010,10085,10085,10085,10119,10136,10170,10170,8927,8927,8938,7938,7938,7938,8041,8041,8059,8158,7141,6891,6891,6920,6920,6949,6949,6979,6329,6340,6372,6372,6372,6472,6472,6483,6499,6499,6849,6849,6884,6884,6910,6910],"floor_reached":42,"language":"ZHS","playtime":5097,"items_purged":[],"score":867,"play_id":"62d47f71-a29f-445e-8abf-455f0f8d7039","local_time":"20210215165906","is_ascension_mode":true,"campfire_choices":[{"floor":15.0,"key":"RECALL"}],"circlet_count":0,"master_deck":["SpecialBullet","SpecialBullet","SpecialBullet","SpecialBullet","SpecialBullet","SpecialBullet","SpecialBullet","TrainingCode","CentralCode","InformationCode","SpecialBullet","BeautyBeast","CrumblingArmor","DreamingCurrent","SnowQueen","Soda+1","ParadiseLost+16","Soda+1","OSAHOGD","FieryBird","CENSORED_ego+1","GremboGang+1","BigBird","Lamp+16","SpiderBud","MeltingLove","Ecstasy+1","Woodsman","Porccubus","Twilight+1","HeroicMonk","GreenStem+1","FairyFestival","Laetitia_ego+1","NakedNest","GalaxyChild","GreedKing"],"relics":["CogitoBucket","Hammer of Thor","Seething Fire","Anvil of the Gods","ice","AT_ATBox","REME_ComplimentaryCards","aspiration:BabyByrd","Counterbalance","Anchor","AT_Manta","ReplayFunnel","Whetstone","Golden Egg","TheAbacus","REME_HourglassOfDeath","Bird Faced Urn","Mastiff:ReiMu","Medical Kit","Lee\u0027s Waffle","aspiration:IroncladSkillbook","HollowMod:PaleOreRelic","Ornamental Fan","Omamori","Regal Pillow","Sling","Strange Spoon","MutagenicStrength","Bottled Lightning","RedMistMask","Bag of Preparation","Potion Belt","Replay:Bottled Steam","Membership Card","Replay:Multitool","Gambling Chip","HonorFeather","Theresia","Old Coin","Bottled Tornado","Iron Hammer"],"acts_visited":["Exordium","TheCity","TheBeyond"],"potions_floor_usage":[28,28],"damage_taken":[{"damage":13.0,"enemies":"2 Louse","floor":1.0,"turns":2.0},{"damage":54.0,"enemies":"HollowMod:MossKnight","floor":6.0,"turns":9.0},{"damage":0.0,"enemies":"Jaw Worm","floor":7.0,"turns":3.0},{"damage":36.0,"enemies":"Lagavulin","floor":8.0,"turns":5.0},{"damage":0.0,"enemies":"Small Slimes","floor":12.0,"turns":2.0},{"damage":0.0,"enemies":"Fading Forest","floor":16.0,"turns":7.0},{"damage":18.0,"enemies":"Chosen","floor":18.0,"turns":6.0},{"damage":34,"enemies":"Gremlin Leader","floor":23,"turns":4},{"damage":18,"enemies":"Book of Stabbing","floor":25,"turns":5},{"damage":9,"enemies":"Replay:Snechameleon","floor":27,"turns":2},{"damage":0,"enemies":"Shell Parasite","floor":29,"turns":2},{"damage":13,"enemies":"HollowMod:Nosk","floor":30,"turns":5},{"damage":82,"enemies":"Collector","floor":33,"turns":7},{"damage":163,"enemies":"3 Shapes","floor":35,"turns":8},{"damage":15,"enemies":"Orb Walker","floor":36,"turns":2},{"damage":15,"enemies":"2 Orb Walkers","floor":38,"turns":2},{"damage":0,"enemies":"Reptomancer","floor":40,"turns":3},{"damage":0,"enemies":"Nemesis","floor":42,"turns":5}],"seed_played":"6606651386813756318","potions_obtained":[{"floor":7.0,"key":"Strength Potion"},{"floor":8.0,"key":"SteroidPotion"},{"floor":25,"key":"PowerPotion"},{"floor":29,"key":"LiquidMemories"},{"floor":42,"key":"Dexterity Potion"}],"is_trial":false,"path_per_floor":["M","?","?","?","?","E","M","E","T","$","?","M","$","?","R_BF","B",null,"M","?","$","?","?","E","R","E","T","E","$","M","E","?","R","B",null,"M","M","?","?","?","E","R","E"],"character_chosen":"Angela","items_purchased":["AT_Manta","ReplayFunnel","Whetstone","Golden Egg","TheAbacus","ParadiseLost","Soda","REME_HourglassOfDeath","Bird Faced Urn","Mastiff:ReiMu","Medical Kit","Lee\u0027s Waffle","HollowMod:PaleOreRelic","Ornamental Fan","Omamori","Regal Pillow","Sling","Strange Spoon","Replay:Bottled Steam","Membership Card","Replay:Multitool","Fruit Juice"],"campfire_rested":0,"item_purchase_floors":[10,10,10,10,10,10,10,13,13,13,13,13,20,20,20,20,20,20,28,28,28,28],"current_hp_per_floor":[1107,1117,1116,1126,1136,1092,1102,1100,1110,1120,1130,1146,1247,1257,1267,1277,1287,1297,1307,1317,1327,1337,1341,1351,1355,1365,1384,1404,1417,1427,1434,1444,1435,1471,1408,1425,1435,1463,1473,1527,1537,1541,1541],"gold":6910,"neow_bonus":"TEN_PERCENT_HP_BONUS","is_daily":false,"chose_seed":false,"campfire_upgraded":0,"win_rate":0.0,"timestamp":1613379546,"path_taken":["M","?","?","?","?","E","?","E","T","$","?","?","$","?","R_BF","BOSS","M","?","$","?","?","E","R","E","T","E","?","?","E","?","R","BOSS","M","?","?","?","?","E","R","E"],"items_purchased_type":["Relic","Relic","Relic","Relic","Relic","Card","Card","Relic","Relic","Relic","Relic","Relic","Relic","Relic","Relic","Relic","Relic","Relic","Relic","Relic","Relic","Potion"],"build_version":"2020-12-22","purchased_purges":0,"victory":false,"max_hp_per_floor":[1120,1130,1140,1150,1160,1170,1180,1190,1200,1210,1220,1230,1247,1257,1267,1277,1287,1297,1307,1317,1327,1337,1347,1357,1367,1377,1387,1407,1417,1427,1437,1447,1461,1471,1465,1479,1489,1503,1513,1527,1537,1541,1541],"card_choices":[{"not_picked":["Yin","MHz"],"picked":"BeautyBeast","floor":1.0},{"not_picked":["CUTE","Tough"],"picked":"SKIP","floor":1.0},{"not_picked":["BigBadWolf","Murderer"],"picked":"CrumblingArmor","floor":6.0},{"not_picked":["Loneliness","Amita"],"picked":"SKIP","floor":6.0},{"not_picked":["CherryBlossoms","Bloodbath"],"picked":"DreamingCurrent","floor":7.0},{"not_picked":["Penitence","Spore"],"picked":"SKIP","floor":7.0},{"not_picked":["Penitence","Spore"],"picked":"SKIP","floor":7.0},{"not_picked":["Penitence","Spore"],"picked":"SKIP","floor":7.0},{"not_picked":["ShyLook","HappyTeddy"],"picked":"SnowQueen","floor":8.0},{"not_picked":["Penitence"],"picked":"Soda","floor":8.0},{"not_picked":["HappyTeddy","CherryBlossoms"],"picked":"OSAHOGD","floor":12.0},{"not_picked":["Harvest","Lantern"],"picked":"SKIP","floor":12.0},{"not_picked":["HeroicMonk","Bloodbath"],"picked":"FieryBird","floor":16.0},{"not_picked":["Adoration"],"picked":"CENSORED_ego","floor":16.0},{"not_picked":["WristCuter+1","CherryBlossom","RapturousDream"],"picked":"SKIP","floor":18},{"not_picked":["GreedKing","BlackSwan"],"picked":"Alriune","floor":23},{"not_picked":["RapturousDream","Pinks","WristCuter"],"picked":"SKIP","floor":23},{"not_picked":["RapturousDream","Pinks","WristCuter"],"picked":"SKIP","floor":23},{"not_picked":["WallGazer","ShyLook"],"picked":"BigBird","floor":25},{"not_picked":["Penitence","Tough"],"picked":"Lamp+1","floor":25},{"not_picked":["Freischutz","CherryBlossoms"],"picked":"SpiderBud","floor":27},{"not_picked":["TodaysExpression+1","SomewhereSpear","Beak"],"picked":"SKIP","floor":27},{"not_picked":["MeatLantern","GreedKing"],"picked":"MeltingLove","floor":29},{"not_picked":["Twilight","FeatherOfHonor"],"picked":"Ecstasy","floor":29},{"not_picked":["UniverseFragment","Yin"],"picked":"Woodsman","floor":30},{"not_picked":["WristCuter+1","FourthMatchFlame","CrimsonScar"],"picked":"SKIP","floor":30},{"not_picked":["WristCuter+1","FourthMatchFlame","CrimsonScar"],"picked":"SKIP","floor":30},{"not_picked":["ShyLook","GalaxyChild"],"picked":"Porccubus","floor":33},{"not_picked":["Justitia","SoundOfStar"],"picked":"Twilight","floor":33},{"not_picked":["Wellcheers","Mercenary"],"picked":"HeroicMonk","floor":35},{"not_picked":["Wingbeat","Reverberation+1"],"picked":"GreenStem+1","floor":35},{"not_picked":["LittlePrince","ShyLook"],"picked":"FairyFestival","floor":36},{"not_picked":["Noise","MagicBullet"],"picked":"Laetitia_ego+1","floor":36},{"not_picked":["GalaxyChild","SingingMachine"],"picked":"NakedNest","floor":38},{"not_picked":["Alriune","Rudolta"],"picked":"GalaxyChild","floor":40},{"not_picked":["SwordSharpenedByTears","Justitia","BloodyDesire"],"picked":"SKIP","floor":40},{"not_picked":["RedShoes","WhitesApple"],"picked":"GreedKing","floor":42},{"not_picked":["TodaysExpression","Tough","Reverberation"],"picked":"SKIP","floor":42},{"not_picked":["TodaysExpression","Tough","Reverberation"],"picked":"SKIP","floor":42}],"player_experience":192659,"relics_obtained":[{"floor":6.0,"key":"Counterbalance"},{"floor":8.0,"key":"Anchor"},{"floor":25,"key":"Bottled Lightning"},{"floor":25,"key":"RedMistMask"},{"floor":26,"key":"Bag of Preparation"},{"floor":27,"key":"Potion Belt"},{"floor":30,"key":"Gambling Chip"},{"floor":38,"key":"Old Coin"},{"floor":40,"key":"Bottled Tornado"},{"floor":42,"key":"Iron Hammer"}],"event_choices":[{"damage_healed":0.0,"max_hp_gain":0.0,"max_hp_loss":0.0,"gold_gain":75.0,"event_name":"World of Goop","player_choice":"Gather Gold","floor":3.0,"gold_loss":0.0,"damage_taken":11.0},{"damage_healed":0.0,"max_hp_gain":0.0,"max_hp_loss":0.0,"gold_gain":0.0,"event_name":"Golden Wing","player_choice":"Ignored","floor":5.0,"gold_loss":0.0,"damage_taken":0.0},{"damage_healed":0.0,"max_hp_gain":0.0,"max_hp_loss":0.0,"gold_gain":0.0,"event_name":"Upgrade Shrine","player_choice":"Upgraded","floor":11.0,"gold_loss":0.0,"damage_taken":0.0,"cards_upgraded":["ParadiseLost"]},{"damage_healed":0,"gold_gain":99,"player_choice":"Stole From Cult","damage_taken":0,"max_hp_gain":0,"max_hp_loss":0,"event_name":"Nest","floor":19,"gold_loss":0},{"damage_healed":0,"gold_gain":0,"player_choice":"Inject Mutagens","damage_taken":0,"relics_obtained":["MutagenicStrength"],"max_hp_gain":0,"max_hp_loss":0,"event_name":"Drug Dealer","floor":22,"gold_loss":0},{"damage_healed":0,"gold_gain":0,"player_choice":"Punched","damage_taken":3,"max_hp_gain":0,"max_hp_loss":0,"event_name":"Designer","floor":31,"gold_loss":0},{"damage_healed":0,"gold_gain":0,"player_choice":"Ignored","damage_taken":0,"max_hp_gain":0,"max_hp_loss":0,"event_name":"OrinTheCat","floor":37,"gold_loss":0},{"damage_healed":0,"gold_gain":0,"player_choice":"Fight","damage_taken":0,"max_hp_gain":0,"max_hp_loss":0,"event_name":"Mysterious Sphere","floor":38,"gold_loss":0},{"cards_removed":["Alriune"],"damage_healed":0,"gold_gain":0,"player_choice":"Removed Skill","damage_taken":0,"max_hp_gain":0,"max_hp_loss":0,"event_name":"Falling","floor":39,"gold_loss":0}],"is_beta":false,"boss_relics":[{"not_picked":["Calling Bell","SlaversCollar"],"picked":"aspiration:IroncladSkillbook"},{"not_picked":["aspiration:RunicSpoon","Coffee Dripper","Replay:Grab Bag"]}],"items_purged_floors":[],"is_endless":false,"potions_floor_spawned":[7,8,25,29,33,42],"killed_by":"Nemesis","ascension_level":1}}