{"host":"eglukmwb6rueyn6u","time":1613379703,"event":{"mods":["BaseMod","Colored Map","Minty Spire (QoL Compilation)"],"gold_per_floor":[216,166,166,180,19,54,54,54,54],"floor_reached":8,"language":"ENG","playtime":700,"items_purged":[],"score":57,"play_id":"d3a852d0-c593-4a96-a42c-affb76d5dab2","local_time":"20210215110143","is_ascension_mode":true,"campfire_choices":[{"floor":7,"key":"REST"}],"circlet_count":0,"master_deck":["Strike_B","Strike_B","Strike_B","Strike_B","Defend_B","Defend_B","Defend_B","Zap","Dualcast","Ball Lightning","Static Discharge","Capacitor","Double Energy","Conserve Battery","Doom and Gloom"],"relics":["Cracked Core","Golden Idol","Toy Ornithopter"],"acts_visited":["Exordium"],"potions_floor_usage":[],"damage_taken":[{"damage":5,"enemies":"2 Louse","floor":1,"turns":2},{"damage":1,"enemies":"Jaw Worm","floor":4,"turns":3},{"damage":49,"enemies":"Gremlin Nob","floor":6,"turns":5},{"damage":24,"enemies":"Lagavulin","floor":8,"turns":3}],"seed_played":"4283716344436412301","potions_obtained":[{"floor":4,"key":"SpeedPotion"}],"is_trial":false,"path_per_floor":["M","?","?","M","$","E","R","E"],"character_chosen":"DEFECT","items_purchased":["Capacitor","Double Energy","Conserve Battery"],"campfire_rested":1,"item_purchase_floors":[5,5,5],"current_hp_per_floor":[70,70,52,51,51,2,24,0,0],"gold":54,"neow_bonus":"HUNDRED_GOLD","is_daily":false,"chose_seed":false,"campfire_upgraded":0,"win_rate":0.0,"timestamp":1613379703,"path_taken":["M","?","?","M","$","E","R","E"],"items_purchased_type":["Card","Card","Card"],"build_version":"2020-12-22","purchased_purges":0,"victory":false,"max_hp_per_floor":[75,75,75,75,75,75,75,75,75],"card_choices":[{"not_picked":["Sweeping Beam","Scrape"],"picked":"Ball Lightning","floor":1},{"not_picked":["Streamline","Conserve Battery"],"picked":"Static Discharge","floor":4},{"not_picked":["Stack","Beam Cell"],"picked":"Doom and Gloom","floor":6}],"player_experience":35473,"relics_obtained":[{"floor":6,"key":"Toy Ornithopter"}],"event_choices":[{"cards_removed":["Defend_B"],"damage_healed":0,"gold_gain":0,"player_choice":"Card Removal","damage_taken":0,"max_hp_gain":0,"max_hp_loss":0,"event_name":"The Cleric","floor":2,"gold_loss":50},{"damage_healed":0,"gold_gain":0,"player_choice":"Take Damage","damage_taken":18,"relics_obtained":["Golden Idol"],"max_hp_gain":0,"max_hp_loss":0,"event_name":"Golden Idol","floor":3,"gold_loss":0}],"is_beta":false,"boss_relics":[],"items_purged_floors":[],"is_endless":false,"potions_floor_spawned":[4],"killed_by":"Lagavulin","ascension_level":1}}