{"host":"1lwxixhv2lzh5ag1","time":1613353041,"event":{"mods":["AchievementEnabler","BaseMod","Bestiary","Better Altar","Better Match","Better Note","Better Sensory Stone","Better Silent Start","Better Skull","Better Third Choice","BetterRewards","Colored Map","Colored Powertips","DeckTracker","Displayed Cursed Tome","Downfall","Fox Events","Hubris","Minty Spire (QoL Compilation)","Permanent Neow","Relic Stats","Reliquary","Replay The Spire","Spire Arcade","StSLib","Td1madao Mod","The Blue Laboratory","Uncapped","Waifu the Spire"],"gold_per_floor":[109,109,120,120,132,132,132,157,283,283,293,303,303,322,322,422,499,499,499],"floor_reached":18,"language":"ENG","playtime":797,"items_purged":[],"score":152,"play_id":"8318e888-3bf1-40b4-a271-a5a0f45787f0","local_time":"20210214203721","is_ascension_mode":false,"campfire_choices":[{"data":"Eclipse","floor":6,"key":"SMITH"},{"data":"Flex","floor":10,"key":"SMITH"},{"floor":15,"key":"REST"}],"circlet_count":0,"master_deck":["Strike_R","Strike_R","Strike_R","Strike_R","Strike_R+1","Defend_R","Defend_R","Defend_R","Defend_R","Bash","Eclipse+1","Feel No Pain","Ghostly Armor+1","Flex+1","Flame Barrier","Twin Strike","Limit Break"],"relics":["Black Blood","foxEvents:LuckyCharm","Replay:Wax Seal"],"acts_visited":["Exordium","TheCity"],"potions_floor_usage":[],"damage_taken":[{"damage":6,"enemies":"2 Louse","floor":1,"turns":2},{"damage":8,"enemies":"Jaw Worm","floor":3,"turns":3},{"damage":5,"enemies":"Small Slimes","floor":5,"turns":4},{"damage":24,"enemies":"Colosseum Slavers","floor":8,"turns":4},{"damage":4,"enemies":"Blue Slaver","floor":11,"turns":4},{"damage":4,"enemies":"Large Slime","floor":12,"turns":9},{"damage":12,"enemies":"Gremlin Gang","floor":14,"turns":4},{"damage":27,"enemies":"Fading Forest","floor":16,"turns":11},{"damage":82,"enemies":"3 Byrds","floor":18,"turns":6}],"seed_played":"-1233454140873118429","potions_obtained":[{"floor":5,"key":"GamblersBrew"},{"floor":8,"key":"GamblersBrew"}],"is_trial":false,"path_per_floor":["M","?","M","?","M","R","$","?","T","R","M","M","?","M","R_BF","B",null,"M"],"character_chosen":"IRONCLAD","items_purchased":[],"campfire_rested":1,"item_purchase_floors":[],"current_hp_per_floor":[80,80,78,78,79,79,79,61,61,61,63,65,65,59,80,71,80,0,0],"gold":499,"neow_bonus":"ONE_RANDOM_RARE_CARD","is_daily":false,"chose_seed":false,"campfire_upgraded":2,"win_rate":0.0,"timestamp":1613353041,"path_taken":["M","?","M","?","M","R","?","?","T","R","M","?","?","M","R_BF","BOSS","M"],"items_purchased_type":[],"build_version":"2020-12-22","purchased_purges":0,"victory":false,"max_hp_per_floor":[80,80,80,80,80,80,80,80,80,80,80,80,80,80,80,80,80,80,80],"relic_stats":{"counters":[9,47],"Black Blood":48,"obtain_stats":[{"Black Blood":17,"foxEvents:LuckyCharm":8,"Replay:Wax Seal":9,"Burning Blood":0},{"Black Blood":8,"foxEvents:LuckyCharm":4,"Replay:Wax Seal":4,"Burning Blood":0},{"Black Blood":41,"foxEvents:LuckyCharm":13,"Replay:Wax Seal":13,"Burning Blood":0}]},"card_choices":[{"not_picked":["Replay:Undeath\u0027s Touch","ReplayTheSpireMod:Muscle Training"],"picked":"Feel No Pain","floor":1},{"not_picked":["ReplayTheSpireMod:Stacked","Warcry"],"picked":"Ghostly Armor","floor":3},{"not_picked":["hubris:ReadiedAction","Replay:Undeath\u0027s Touch"],"picked":"Flex","floor":5},{"not_picked":["Warcry","ReplayTheSpireMod:Limb From Limb"],"picked":"Flame Barrier","floor":11},{"not_picked":["Warcry","Shrug It Off","Carnage"],"picked":"SKIP","floor":12},{"not_picked":["Heavy Blade","ReplayTheSpireMod:Limb From Limb"],"picked":"Twin Strike","floor":14},{"not_picked":["Juggernaut","Hemogenesis"],"picked":"Limit Break","floor":16}],"player_experience":28714,"relics_obtained":[{"floor":8,"key":"foxEvents:LuckyCharm"},{"floor":9,"key":"Replay:Wax Seal"}],"event_choices":[{"damage_healed":0,"gold_gain":0,"player_choice":"Ignored","damage_taken":0,"max_hp_gain":0,"max_hp_loss":0,"event_name":"Golden Wing","floor":4,"gold_loss":0},{"damage_healed":0,"gold_gain":0,"player_choice":"Upgraded","damage_taken":0,"max_hp_gain":0,"max_hp_loss":0,"event_name":"Upgrade Shrine","floor":13,"gold_loss":0,"cards_upgraded":["Ghostly Armor"]}],"is_beta":false,"boss_relics":[{"not_picked":["Runic Cube","Replay:Grab Bag"],"picked":"Black Blood"}],"items_purged_floors":[],"is_endless":false,"potions_floor_spawned":[5,8],"killed_by":"3 Byrds","ascension_level":0}}