{"host":"eft627g0ddukeijo","time":1613374859,"event":{"mods":["AchievementEnabler","BaseMod","Bestiary","Better Note","Block Reminder","Colored Powertips","Filter the Spire","Highlight Path","Minty Spire (QoL Compilation)","Permanent Neow","Quick Restart","Rare Cards Sparkle","Relic Stats","Slay-I","StSLib","Weighted Paths"],"gold_per_floor":[119,194,211,225,239,239,251,286,309,309,309,145,145,175,175,274,274,285,297,310,360,370,370,405,405,405,416,428,463,463,474,474,571,571,585,600,250,261,281,281,281,281,281,301,301,331,343,360,360,360,360,360,68,68,68],"floor_reached":54,"language":"ENG","playtime":2277,"items_purged":[],"score":898,"play_id":"26a88741-8ca7-4919-8c50-ffc6526ba6a0","local_time":"20210215164059","is_ascension_mode":true,"campfire_choices":[{"floor":6.0,"key":"RECALL"},{"data":"Dualcast","floor":11.0,"key":"SMITH"},{"data":"Defragment","floor":15.0,"key":"SMITH"},{"data":"Thunder Strike","floor":23.0,"key":"SMITH"},{"floor":25.0,"key":"REST"},{"floor":32.0,"key":"REST"},{"data":"Biased Cognition","floor":40.0,"key":"SMITH"},{"data":"Capacitor","floor":45.0,"key":"SMITH"},{"data":"Loop","floor":49.0,"key":"SMITH"},{"data":"Consume","floor":52.0,"key":"SMITH"}],"circlet_count":0,"master_deck":["Defend_B","Defend_B","Defend_B","Defend_B","Zap+1","Dualcast+1","Coolheaded+1","Rip and Tear+1","Buffer+1","Glacier","Self Repair","Genetic Algorithm","Loop+1","Defragment+1","Panacea","Thunder Strike+1","Electrodynamics","Ball Lightning","Skim","Static Discharge","Turbo+1","Consume+1","Static Discharge","Biased Cognition+1","Go for the Eyes","Cold Snap+1","Capacitor+1","Coolheaded","Capacitor+1","Blizzard+1"],"relics":["Astrolabe","Du-Vu Doll","TungstenRod","Centennial Puzzle","Velvet Choker","MealTicket","Orichalcum","Vajra","Black Star","Pantograph","Blood Vial","Shovel","Meat on the Bone","Bottled Lightning"],"acts_visited":["Exordium","TheCity","TheBeyond","TheEnding"],"potions_floor_usage":[54],"damage_taken":[{"damage":0.0,"enemies":"Small Slimes","floor":1.0,"turns":3.0},{"damage":0.0,"enemies":"Jaw Worm","floor":3.0,"turns":4.0},{"damage":0.0,"enemies":"Cultist","floor":4.0,"turns":4.0},{"damage":1.0,"enemies":"2 Fungi Beasts","floor":5.0,"turns":5.0},{"damage":12.0,"enemies":"Lots of Slimes","floor":7.0,"turns":5.0},{"damage":4.0,"enemies":"Lagavulin","floor":8.0,"turns":8.0},{"damage":0.0,"enemies":"Gremlin Nob","floor":14.0,"turns":4.0},{"damage":9.0,"enemies":"Slime Boss","floor":16.0,"turns":15.0},{"damage":0.0,"enemies":"Spheric Guardian","floor":18.0,"turns":5.0},{"damage":3.0,"enemies":"Shell Parasite","floor":19.0,"turns":5.0},{"damage":21.0,"enemies":"Centurion and Healer","floor":20.0,"turns":5.0},{"damage":0.0,"enemies":"Snecko","floor":22.0,"turns":5.0},{"damage":17.0,"enemies":"Gremlin Leader","floor":24.0,"turns":5.0},{"damage":4.0,"enemies":"Sentry and Sphere","floor":27.0,"turns":6.0},{"damage":0.0,"enemies":"Chosen and Byrds","floor":28.0,"turns":5.0},{"damage":27.0,"enemies":"Slavers","floor":29.0,"turns":4.0},{"damage":12.0,"enemies":"Shelled Parasite and Fungi","floor":31.0,"turns":5.0},{"damage":7.0,"enemies":"Automaton","floor":33.0,"turns":10.0},{"damage":0.0,"enemies":"3 Shapes","floor":35.0,"turns":6.0},{"damage":15.0,"enemies":"3 Darklings","floor":36.0,"turns":3.0},{"damage":0.0,"enemies":"Maw","floor":38.0,"turns":9.0},{"damage":18.0,"enemies":"Writhing Mass","floor":39.0,"turns":9.0},{"damage":3.0,"enemies":"Transient","floor":44.0,"turns":5.0},{"damage":0.0,"enemies":"Nemesis","floor":46.0,"turns":9.0},{"damage":9.0,"enemies":"Spire Growth","floor":47.0,"turns":7.0},{"damage":7.0,"enemies":"Writhing Mass","floor":48.0,"turns":9.0},{"damage":21.0,"enemies":"Time Eater","floor":50.0,"turns":8.0},{"damage":76,"enemies":"Shield and Spear","floor":54,"turns":5}],"seed_played":"-7105878303517396815","potions_obtained":[{"floor":4.0,"key":"Energy Potion"},{"floor":7.0,"key":"FearPotion"},{"floor":8.0,"key":"SteroidPotion"},{"floor":16.0,"key":"BlessingOfTheForge"},{"floor":18.0,"key":"PotionOfCapacity"},{"floor":22.0,"key":"Dexterity Potion"},{"floor":24.0,"key":"Strength Potion"},{"floor":27.0,"key":"Explosive Potion"},{"floor":29.0,"key":"AttackPotion"},{"floor":35.0,"key":"AttackPotion"},{"floor":39.0,"key":"BlessingOfTheForge"},{"floor":47.0,"key":"SmokeBomb"}],"is_trial":false,"path_per_floor":["M","?","M","M","M","R","M","E","T","?","R","$","T","E","R","B",null,"M","M","M","?","M","R","E","R","T","M","M","E","?","M","R","B",null,"M","M","$","M","M","R","?","$","T","M","R","E","M","M","R","B",null,"R","$","E"],"character_chosen":"DEFECT","items_purchased":["Defragment","Panacea","Pantograph","Capacitor","Coolheaded","Bottled Lightning","SkillPotion"],"campfire_rested":2,"item_purchase_floors":[12,12,37,37,37,53,53],"current_hp_per_floor":[75,64,64,64,70,70,65,68,68,68,68,68,68,75,75,73,75,75,72,58,58,65,65,55,75,75,75,75,48,48,43,65,65,75,75,60,75,75,64,64,64,75,75,75,75,75,73,75,75,61,75,75,75,0,0],"gold":68,"neow_bonus":"BOSS_RELIC","is_daily":false,"chose_seed":false,"campfire_upgraded":7,"win_rate":0.0,"timestamp":1613374859,"path_taken":["M","?","M","M","M","R","M","E","T","?","R","$","?","E","R","BOSS","M","M","M","?","M","R","E","R","T","M","?","E","?","M","R","BOSS","M","M","$","?","M","R","?","$","T","?","R","E","M","M","R","BOSS","R","$","E"],"items_purchased_type":["Card","Card","Relic","Card","Card","Relic","Potion"],"build_version":"2020-12-22","purchased_purges":0,"victory":false,"max_hp_per_floor":[75,75,75,75,75,75,75,75,75,75,75,75,75,75,75,75,75,75,75,75,75,75,75,75,75,75,75,75,75,75,75,75,75,75,75,75,75,75,75,75,75,75,75,75,75,75,75,75,75,75,75,75,75,75,75],"relic_stats":{"Blood Vial":2,"Centennial Puzzle":[45],"Shovel":0,"counters":[28,172],"Astrolabe":["Coolheaded","Rip and Tear","Buffer"],"Pantograph":0,"MealTicket":26,"Black Star":1,"Orichalcum":[108],"obtain_stats":[{"Astrolabe":0,"Velvet Choker":17,"Vajra":29,"Orichalcum":26,"Du-Vu Doll":8,"Blood Vial":43,"Centennial Puzzle":14,"Shovel":46,"Pantograph":37,"MealTicket":24,"Black Star":34,"Bottled Lightning":53,"Cracked Core":0,"TungstenRod":13,"Meat on the Bone":46},{"Astrolabe":0,"Velvet Choker":8,"Vajra":16,"Orichalcum":13,"Du-Vu Doll":6,"Blood Vial":22,"Centennial Puzzle":7,"Shovel":24,"Pantograph":20,"MealTicket":13,"Black Star":18,"Bottled Lightning":27,"Cracked Core":0,"TungstenRod":6,"Meat on the Bone":24},{"Astrolabe":0,"Velvet Choker":48,"Vajra":88,"Orichalcum":73,"Du-Vu Doll":29,"Blood Vial":129,"Centennial Puzzle":33,"Shovel":143,"Pantograph":111,"MealTicket":73,"Black Star":103,"Bottled Lightning":167,"Cracked Core":0,"TungstenRod":29,"Meat on the Bone":143}],"TungstenRod":31,"Meat on the Bone":0},"card_choices":[{"not_picked":["Steam","Consume"],"picked":"Glacier","floor":1.0},{"not_picked":["Rebound","Barrage","Beam Cell"],"picked":"SKIP","floor":3.0},{"not_picked":["Compile Driver","Go for the Eyes"],"picked":"Self Repair","floor":4.0},{"not_picked":["Turbo","Blizzard"],"picked":"Genetic Algorithm","floor":5.0},{"not_picked":["Chaos","Beam Cell"],"picked":"Loop","floor":7.0},{"not_picked":["Rip and Tear","Compile Driver","Stack"],"picked":"SKIP","floor":8.0},{"not_picked":["Steam","Compile Driver"],"picked":"Thunder Strike","floor":14.0},{"not_picked":["Biased Cognition","Thunder Strike"],"picked":"Electrodynamics","floor":16.0},{"not_picked":["Beam Cell","Conserve Battery"],"picked":"Ball Lightning","floor":18.0},{"not_picked":["Beam Cell","Conserve Battery"],"picked":"Skim","floor":19.0},{"not_picked":["Electrodynamics","Darkness","Aggregate"],"picked":"SKIP","floor":20.0},{"not_picked":["Electrodynamics","Darkness","Aggregate"],"picked":"SKIP","floor":20.0},{"not_picked":["Hologram+1","Sunder+1","FTL"],"picked":"SKIP","floor":22.0},{"not_picked":["Hologram","Coolheaded"],"picked":"Static Discharge","floor":24.0},{"not_picked":["Gash","Beam Cell+1","Steam+1"],"picked":"SKIP","floor":27.0},{"not_picked":["Compile Driver","Go for the Eyes+1"],"picked":"Turbo+1","floor":28.0},{"not_picked":["Reinforced Body","Beam Cell+1"],"picked":"Consume","floor":29.0},{"not_picked":["Lockon","Conserve Battery+1"],"picked":"Static Discharge","floor":31.0},{"not_picked":["Meteor Strike","All For One"],"picked":"Biased Cognition","floor":33.0},{"not_picked":["Beam Cell+1","Chaos"],"picked":"Go for the Eyes","floor":35.0},{"not_picked":["Doom and Gloom","Streamline"],"picked":"Cold Snap+1","floor":36.0},{"not_picked":["Gash+1","Hologram","Heatsinks+1"],"picked":"SKIP","floor":38.0},{"not_picked":["Steam Power","Hologram","Lockon"],"picked":"SKIP","floor":39.0},{"not_picked":["Turbo","Stack","Hologram+1"],"picked":"SKIP","floor":44.0},{"not_picked":["Auto Shields+1","Fusion"],"picked":"Capacitor+1","floor":46.0},{"not_picked":["Steam+1","Sweeping Beam"],"picked":"Blizzard+1","floor":47.0},{"not_picked":["Streamline+1","Reinforced Body+1","Amplify"],"picked":"SKIP","floor":48.0}],"player_experience":587704,"relics_obtained":[{"floor":8.0,"key":"Du-Vu Doll"},{"floor":13.0,"key":"TungstenRod"},{"floor":14.0,"key":"Centennial Puzzle"},{"floor":24.0,"key":"MealTicket"},{"floor":26.0,"key":"Orichalcum"},{"floor":29.0,"key":"Vajra"},{"floor":43.0,"key":"Blood Vial"},{"floor":46.0,"key":"Shovel"},{"floor":46.0,"key":"Meat on the Bone"}],"event_choices":[{"damage_healed":0.0,"max_hp_gain":0.0,"max_hp_loss":0.0,"gold_gain":75.0,"event_name":"World of Goop","player_choice":"Gather Gold","floor":2.0,"gold_loss":0.0,"damage_taken":11.0},{"damage_healed":0.0,"max_hp_gain":0.0,"max_hp_loss":0.0,"gold_gain":0.0,"event_name":"Living Wall","player_choice":"Grow","floor":10.0,"gold_loss":0.0,"damage_taken":0.0,"cards_upgraded":["Zap"]},{"damage_healed":0.0,"max_hp_gain":0.0,"max_hp_loss":0.0,"gold_gain":100.0,"event_name":"The Joust","player_choice":"Bet on Murderer","floor":21.0,"gold_loss":50.0,"damage_taken":0.0},{"cards_removed":["Strike_B"],"damage_healed":0.0,"max_hp_gain":0.0,"max_hp_loss":0.0,"gold_gain":0.0,"event_name":"betterNote:BetterNote","player_choice":"Give","floor":30.0,"gold_loss":0.0,"damage_taken":0.0,"cards_obtained":["Strike_B"]},{"cards_removed":["Strike_B"],"damage_healed":0.0,"max_hp_gain":0.0,"max_hp_loss":0.0,"gold_gain":0.0,"event_name":"Purifier","player_choice":"Purged","floor":41.0,"gold_loss":0.0,"damage_taken":0.0}],"is_beta":false,"boss_relics":[{"not_picked":["Coffee Dripper","Fusion Hammer"],"picked":"Velvet Choker"},{"not_picked":["SlaversCollar","Sozu"],"picked":"Black Star"}],"items_purged_floors":[],"is_endless":false,"potions_floor_spawned":[4,7,8,16,18,22,24,27,29,35,39,47],"killed_by":"Shield and Spear","ascension_level":4}}