{"host":"yg1n0qads92lo9wl","time":1613373721,"event":{"mods":["BaseMod","Downfall","Luminous","Minty Spire (QoL Compilation)","StSLib","Warlord Emblem"],"gold_per_floor":[99,111,131,306,70,70,93,103,132,132,132,150,180,38,58,156,156,156,170,205,155,8,8,8,19,48,48,48,78,78,92,92,92,92],"floor_reached":32,"language":"ZHS","playtime":2098,"items_purged":["downfall:Bewildered"],"score":356,"play_id":"6a7e3ee6-71b3-46ae-91ff-ad07a1f979b6","local_time":"20210215152201","is_ascension_mode":true,"campfire_choices":[{"data":"champ:Execute","floor":1.0,"key":"SMITH"},{"data":"champ:Taunt","floor":10.0,"key":"SMITH"},{"data":"champ:GladiatorForm","floor":18.0,"key":"SMITH"},{"data":"champ:Improvising","floor":23.0,"key":"SMITH"},{"data":"champ:EnchantShield","floor":28,"key":"SMITH"},{"floor":30,"key":"REST"}],"circlet_count":0,"master_deck":["champ:Strike","champ:Strike","champ:Strike","champ:Strike","champ:Defend","champ:Defend","champ:Defend","champ:Defend","champ:Execute+1","champ:Taunt+1","champ:ShieldWall","champ:FocusedDefense","Doubt","champ:DefensiveShout","champ:ViciousMockery","champ:FocusedDefense","champ:TornadoPunch","champ:DefensiveStyle","champ:Circumvent","champ:GladiatorForm+1","champ:Improvising+1","champ:StanceDance+1","champ:FalseCounter","champ:Parry","champ:EnchantShield+1","champ:IronFortress"],"relics":["champ:ChampionCrownUpgraded","Ginger","Bag of Marbles","Happy Flower","Centennial Puzzle","FaceOfCleric","champ:GladiatorsBookOfMartialProwess","Mercury Hourglass","Slimebound:StickyStick","Strawberry"],"acts_visited":["Exordium","TheCity"],"potions_floor_usage":[29],"damage_taken":[{"damage":10.0,"enemies":"Small Slimes","floor":2.0,"turns":3.0},{"damage":6.0,"enemies":"Cultist","floor":3.0,"turns":5.0},{"damage":20.0,"enemies":"downfall:FleeingMerchant","floor":5.0,"turns":4.0},{"damage":18.0,"enemies":"Jaw Worm","floor":8.0,"turns":3.0},{"damage":41.0,"enemies":"3 Sentries","floor":9.0,"turns":7.0},{"damage":20.0,"enemies":"Exordium Thugs","floor":12.0,"turns":4.0},{"damage":16.0,"enemies":"Lagavulin","floor":13.0,"turns":7.0},{"damage":28.0,"enemies":"downfall:FleeingMerchant","floor":14.0,"turns":4.0},{"damage":10.0,"enemies":"Red Slaver","floor":15.0,"turns":3.0},{"damage":53.0,"enemies":"WA_ARCHETYPE_RETAIN","floor":16.0,"turns":10.0},{"damage":33.0,"enemies":"Shell Parasite","floor":19.0,"turns":4.0},{"damage":57.0,"enemies":"3 Byrds","floor":20.0,"turns":7.0},{"damage":25.0,"enemies":"downfall:FleeingMerchant","floor":22.0,"turns":4.0},{"damage":25.0,"enemies":"Centurion and Healer","floor":25.0,"turns":7.0},{"damage":72,"enemies":"Slavers","floor":26,"turns":6},{"damage":57,"enemies":"Gremlin Leader","floor":29,"turns":7},{"damage":40,"enemies":"Snake Plant","floor":31,"turns":4},{"damage":38,"enemies":"Snecko","floor":32,"turns":5}],"seed_played":"5491127592869183276","potions_obtained":[{"floor":8.0,"key":"Dexterity Potion"},{"floor":12.0,"key":"Swift Potion"},{"floor":13.0,"key":"Guardian:BlockOnCardUsePotion"},{"floor":19.0,"key":"ColorlessPotion"},{"floor":29,"key":"SteroidPotion"}],"is_trial":false,"path_per_floor":["R","M","M","?","$","?","T","M","E","R","?","M","E","$","M","B",null,"R","M","M","?","$","R","T","M","E","?","R","E","R","M","M"],"character_chosen":"THE_CHAMP","items_purchased":["Bag of Marbles","champ:DefensiveStyle","champ:Circumvent","champ:Parry","Fire Potion"],"campfire_rested":1,"item_purchase_floors":[5,14,14,22,22],"current_hp_per_floor":[90,90,84,84,84,84,84,76,65,65,65,66,61,54,55,38,95,95,88,57,91,92,92,92,93,57,57,57,28,60,36,0,0,0],"gold":92,"neow_bonus":"ONE_RARE_RELIC","is_daily":false,"chose_seed":false,"campfire_upgraded":5,"win_rate":0.0,"timestamp":1613373721,"path_taken":["R","M","M","?","$","?","T","?","E","R","?","M","E","$","M","BOSS","R","M","?","?","?","R","T","?","E","?","R","E","R","M","M"],"items_purchased_type":["Relic","Card","Card","Card","Potion"],"build_version":"2020-12-22","purchased_purges":1,"victory":false,"max_hp_per_floor":[90,90,90,90,90,90,90,90,90,90,90,91,92,93,94,95,95,95,96,97,97,98,98,98,99,100,100,100,108,108,109,109,109,109],"card_choices":[{"not_picked":["champ:PreciseThrust","champ:BerserkerStyle"],"picked":"champ:ShieldWall","floor":2.0},{"not_picked":["champ:BringItOn","champ:BerserkersShout"],"picked":"champ:FocusedDefense","floor":3.0},{"not_picked":["champ:Encircle","champ:RisingSlash","champ:AdrenalArmor"],"picked":"SKIP","floor":5.0},{"not_picked":["champ:GutPunch","champ:Haymaker"],"picked":"champ:DefensiveShout","floor":8.0},{"not_picked":["champ:TripleStrike","champ:FanOfKnives","champ:HeartStrike"],"picked":"SKIP","floor":9.0},{"not_picked":["champ:CalledShot","champ:FaceSlap"],"picked":"champ:ViciousMockery","floor":12.0},{"not_picked":["champ:PerfectedStrike","champ:EndlessRage"],"picked":"champ:FocusedDefense","floor":13.0},{"not_picked":["champ:FaceSlap","champ:Haymaker"],"picked":"champ:TornadoPunch","floor":14.0},{"not_picked":["champ:GutPunch","champ:EnGarde"],"picked":"champ:GladiatorForm","floor":15.0},{"not_picked":["champ:HeavySlash","champ:DancingMaster"],"picked":"champ:Improvising","floor":16.0},{"not_picked":["champ:PerfectedStrike","champ:Backstep"],"picked":"champ:StanceDance+1","floor":19.0},{"not_picked":["champ:FlashCut+1","champ:IronFortress"],"picked":"champ:FalseCounter","floor":20.0},{"not_picked":["champ:CrownThrow+1","champ:PerfectedStrike","champ:MurderStrike"],"picked":"SKIP","floor":22.0},{"not_picked":["champ:Shatter","champ:PerfectedStrike","champ:FaceSlap+1"],"picked":"SKIP","floor":25.0},{"not_picked":["champ:TornadoPunch","champ:Shatter"],"picked":"champ:EnchantShield","floor":26},{"not_picked":["champ:Parry","champ:EndlessRage"],"picked":"champ:IronFortress","floor":29},{"not_picked":["champ:BladeFlurry","champ:RapidStrikes+1","champ:BerserkersShout"],"picked":"SKIP","floor":31}],"player_experience":548512,"relics_obtained":[{"floor":7.0,"key":"Happy Flower"},{"floor":9.0,"key":"Centennial Puzzle"},{"floor":13.0,"key":"champ:GladiatorsBookOfMartialProwess"},{"floor":24.0,"key":"Mercury Hourglass"},{"floor":26,"key":"Slimebound:StickyStick"},{"floor":29,"key":"Strawberry"}],"event_choices":[{"damage_healed":0.0,"max_hp_gain":0.0,"max_hp_loss":0.0,"gold_gain":0.0,"event_name":"FaceTrader","player_choice":"Trade","floor":11.0,"gold_loss":0.0,"damage_taken":0.0,"relics_obtained":["FaceOfCleric"]},{"damage_healed":0,"gold_gain":0,"player_choice":"Ignored","damage_taken":0,"max_hp_gain":0,"max_hp_loss":0,"event_name":"Vampires","floor":27,"gold_loss":0}],"is_beta":false,"boss_relics":[{"not_picked":["Astrolabe","Pandora\u0027s Box"],"picked":"champ:ChampionCrownUpgraded"}],"items_purged_floors":[5],"is_endless":false,"potions_floor_spawned":[8,12,13,19,29],"killed_by":"Snecko","ascension_level":3}}