{"host":"06h77atpgiec8kbk","time":1613375665,"event":{"mods":["Act Like it!","Arknights","Aspiration","Bard","BaseMod","Bossed Relics","Colored Powertips","Downfall","Energized Spire","Hermit","Marisa£®ÏF”Í°°ƒß¿Ì…≥£©","Minty Spire (QoL Compilation)","Quick Restart","Reimu£®≤©¿ˆ¡È√Œ£©","Relic Stats","Reliquary","Replay The Spire","StSLib","The Construct","The Cursed","The Gatherer","The Hierophant","The Runesmith","[GremlinLeader]The Maniac"],"gold_per_floor":[99,116,131,131,41,41,121,135,169,179,354,374,374,374,374],"floor_reached":13,"language":"ZHS","playtime":563,"items_purged":["bronze:Strike"],"score":89,"play_id":"a4a87656-2a8b-4836-82ac-2cdfe5375321","local_time":"20210215155425","is_ascension_mode":true,"campfire_choices":[{"floor":1,"key":"RECALL"},{"data":"bronze:Replicate","floor":6,"key":"SMITH"}],"circlet_count":0,"master_deck":["bronze:Strike","bronze:Strike","bronze:Strike","bronze:Defend","bronze:Defend","bronze:Defend","bronze:Defend","bronze:Replicate+1","bronze:Goto","bronze:WhirlingStrike","bronze:WhirlingStrike","bronze:FineTuning","bronze:ClassDefault","Doubt"],"relics":["energizedSpire:DeadBattery","reliquary:PartyBalloon"],"acts_visited":["Exordium"],"potions_floor_usage":[12,12,13],"damage_taken":[{"damage":2,"enemies":"Small Slimes","floor":2,"turns":4},{"damage":0,"enemies":"Cultist","floor":3,"turns":3},{"damage":5,"enemies":"downfall:FleeingMerchant","floor":5,"turns":4},{"damage":2,"enemies":"2 Louse","floor":8,"turns":2},{"damage":28,"enemies":"Gremlin Nob","floor":9,"turns":5},{"damage":0,"enemies":"Lots of Slimes","floor":10,"turns":3},{"damage":11,"enemies":"Exordium Thugs","floor":12,"turns":6},{"damage":13,"enemies":"Lagavulin","floor":13,"turns":5}],"seed_played":"5102562093096248392","potions_obtained":[{"floor":9,"key":"Fire Potion"},{"floor":10,"key":"Weak Potion"},{"floor":12,"key":"SteroidPotion"}],"is_trial":false,"path_per_floor":["R","M","M","?","$","R","T","M","E","M","?","M","E"],"character_chosen":"THE_AUTOMATON","items_purchased":[],"campfire_rested":0,"item_purchase_floors":[],"current_hp_per_floor":[70,68,68,68,63,63,63,61,33,33,33,22,9,9,9],"gold":374,"neow_bonus":"BOSS_RELIC","is_daily":false,"chose_seed":false,"campfire_upgraded":1,"win_rate":0.0,"timestamp":1613375665,"path_taken":["R","M","M","?","?","R","T","M","E","?","?","M","E"],"items_purchased_type":[],"build_version":"2020-12-22","purchased_purges":1,"victory":false,"max_hp_per_floor":[70,70,70,70,70,70,70,70,70,70,70,70,70,70,70],"relic_stats":{"counters":[8,32],"obtain_stats":[{"bronze:BronzeCore":0,"reliquary:PartyBalloon":9,"energizedSpire:DeadBattery":0},{"bronze:BronzeCore":0,"reliquary:PartyBalloon":5,"energizedSpire:DeadBattery":0},{"bronze:BronzeCore":0,"reliquary:PartyBalloon":18,"energizedSpire:DeadBattery":0}]},"card_choices":[{"not_picked":["bronze:Frontload","bronze:Overheat"],"picked":"bronze:WhirlingStrike","floor":2},{"not_picked":["bronze:Allocate","bronze:Backtrace","bronze:Separator"],"picked":"SKIP","floor":3},{"not_picked":["bronze:ChosenStrike","bronze:Separator","bronze:WhirlingStrike"],"picked":"SKIP","floor":5},{"not_picked":["bronze:BugBarrage","bronze:ChosenStrike"],"picked":"bronze:FineTuning","floor":8},{"not_picked":["bronze:BronzeArmor","bronze:Iterate","bronze:WhirlingStrike"],"picked":"SKIP","floor":9},{"not_picked":["bronze:Turbo","bronze:ForceShield"],"picked":"bronze:ClassDefault","floor":10},{"not_picked":["bronze:Branch","bronze:CutThrough","bronze:ItsAFeature"],"picked":"SKIP","floor":12}],"player_experience":860764,"relics_obtained":[{"floor":9,"key":"reliquary:PartyBalloon"}],"event_choices":[],"is_beta":false,"boss_relics":[],"items_purged_floors":[5],"is_endless":false,"potions_floor_spawned":[9,10,12],"killed_by":"Lagavulin","ascension_level":1}}