{"host":"8rqsnaeml9gxb0kp","time":1613378577,"event":{"mods":["AchievementEnabler","BaseMod","Colored Powertips","Dark Map","Minty Spire (QoL Compilation)","Rare Cards Sparkle","Relic Stats","StSLib","slay the spire mod where everything is the same but ironclad has a cowboy hat"],"gold_per_floor":[111,111,123,133,133,133,133],"floor_reached":6,"language":"ENG","playtime":198,"items_purged":[],"score":70,"play_id":"ac819362-eff5-40a7-ad76-197f10013993","local_time":"20210215004257","is_ascension_mode":true,"campfire_choices":[],"circlet_count":0,"master_deck":["AscendersBane","Strike_R","Strike_R","Strike_R","Strike_R","Strike_R","Defend_R","Defend_R","Defend_R","Defend_R","Bash","Offering","Pommel Strike","Sword Boomerang","Sword Boomerang"],"relics":["Burning Blood","Golden Idol"],"acts_visited":["Exordium"],"potions_floor_usage":[6],"damage_taken":[{"damage":13,"enemies":"Jaw Worm","floor":1,"turns":2},{"damage":7,"enemies":"Small Slimes","floor":3,"turns":3},{"damage":12,"enemies":"Cultist","floor":4,"turns":4},{"damage":66,"enemies":"3 Sentries","floor":6,"turns":6}],"seed_played":"825543432586115143","potions_obtained":[{"floor":3,"key":"BloodPotion"}],"is_trial":false,"path_per_floor":["M","?","M","M","?","E"],"character_chosen":"IRONCLAD","items_purchased":[],"campfire_rested":0,"item_purchase_floors":[],"current_hp_per_floor":[61,61,60,54,54,0,0],"gold":133,"neow_bonus":"THREE_RARE_CARDS","is_daily":false,"chose_seed":false,"campfire_upgraded":0,"win_rate":0.0,"timestamp":1613378577,"path_taken":["M","?","M","M","?","E"],"items_purchased_type":[],"build_version":"2020-12-22","purchased_purges":0,"victory":false,"max_hp_per_floor":[68,68,68,68,62,62,62],"relic_stats":{"counters":[4,15],"Golden Idol":0,"obtain_stats":[{"Golden Idol":5,"Burning Blood":0},{"Golden Idol":3,"Burning Blood":0},{"Golden Idol":9,"Burning Blood":0}],"Burning Blood":18},"card_choices":[{"not_picked":["Exhume","Berserk"],"picked":"Offering","floor":0},{"not_picked":["Heavy Blade","Feel No Pain"],"picked":"Pommel Strike","floor":1},{"not_picked":["Feel No Pain","Pommel Strike"],"picked":"Sword Boomerang","floor":3},{"not_picked":["Heavy Blade","Metallicize"],"picked":"Sword Boomerang","floor":4}],"player_experience":244722,"relics_obtained":[],"event_choices":[{"damage_healed":0,"gold_gain":0,"player_choice":"Leave","damage_taken":0,"max_hp_gain":0,"max_hp_loss":0,"event_name":"The Cleric","floor":2,"gold_loss":0},{"damage_healed":0,"gold_gain":0,"player_choice":"Lose Max HP","damage_taken":0,"relics_obtained":["Golden Idol"],"max_hp_gain":0,"max_hp_loss":6,"event_name":"Golden Idol","floor":5,"gold_loss":0}],"is_beta":false,"boss_relics":[],"items_purged_floors":[],"is_endless":false,"potions_floor_spawned":[3],"killed_by":"3 Sentries","ascension_level":19}}