{"host":"pv3sjfzbkjl0g4yo","time":1613374286,"event":{"mods":["BaseMod","Hubris","Marisa????????","Minty Spire (QoL Compilation)","Replay The Spire","StSLib","The Necromancer"],"gold_per_floor":[212,212,222,237,256,256,291,311,385,385,414,414,414,414,414,511,511,522,303,303,320,339,365,365,9,9,9,28,45,45,74,74,175,175,192,192,192,208,222,254,45,77,100,119,137,162,162,172,172,172,172],"floor_reached":50,"language":"ENG","playtime":3113,"items_purged":["Voices","Parasite"],"score":830,"play_id":"2e272858-e550-4469-9e4b-eefb0176aae9","local_time":"20210215023126","is_ascension_mode":false,"campfire_choices":[{"data":"Uncharnel","floor":6,"key":"SMITH"},{"floor":10,"key":"DIG"},{"floor":13,"key":"DIG"},{"floor":15,"key":"DIG"},{"floor":30,"key":"DIG"},{"floor":32,"key":"DIG"},{"floor":47,"key":"DIG"},{"floor":49,"key":"DIG"}],"circlet_count":0,"master_deck":["Strike_W","Strike_W","Strike_W","Strike_W","Defend_W+1","Defend_W+1","Defend_W+1","Defend_W+1","Negative_Energy_Arrows","Bone_Wall","Death_March_Dance","Spectral_Armor","Uncharnel+1","Summon_Undead","Summon_Death_Knight+1","Summon_Death_Knight","Infinite Blades+1","Summon_Vampire_Lady"],"relics":["Vampire_Amulet","Replay:Towering Pillar of Hats","Shovel","Mummified Hand","Quantum Egg","hubris:BottledRain","Ring of Fury","Ring of Fangs","Replay:Wax Seal","Replay:Bottled Eggs","hubris:RunicObelisk","PrismaticShard","hubris:BottledHeart","Unceasing Top","The Courier","Membership Card","Nunchaku","hubris:Potato","Molten Egg 2","Art of War","Chameleon Ring","Kunai","Replay:Grab Bag","Fusion Hammer","Coffee Dripper","hubris:ScarierMask","Meat on the Bone","Pocketwatch","Gremlin Horn","Pen Nib","hubris:TinFlute","Dream Catcher","Replay:Baseball","Sundial","Orichalcum"],"acts_visited":["Exordium","TheCity","TheBeyond"],"potions_floor_usage":[11,11,23,33,42,50],"damage_taken":[{"damage":2,"enemies":"2 Louse","floor":1,"turns":4},{"damage":1,"enemies":"Cultist","floor":3,"turns":4},{"damage":0,"enemies":"Small Slimes","floor":4,"turns":3},{"damage":0,"enemies":"3 Louse","floor":5,"turns":4},{"damage":18,"enemies":"Replay:BlueRogue","floor":7,"turns":8},{"damage":8,"enemies":"Gremlin Nob","floor":11,"turns":3},{"damage":18,"enemies":"Hexaghost","floor":16,"turns":12},{"damage":10,"enemies":"Spheric Guardian","floor":18,"turns":4},{"damage":0,"enemies":"Shell Parasite","floor":21,"turns":6},{"damage":0,"enemies":"Centurion and Healer","floor":22,"turns":7},{"damage":0,"enemies":"Slavers","floor":23,"turns":6},{"damage":0,"enemies":"Snecko","floor":28,"turns":5},{"damage":0,"enemies":"Snake Plant","floor":29,"turns":4},{"damage":0,"enemies":"Replay:Snechameleon","floor":31,"turns":6},{"damage":0,"enemies":"Pondfish","floor":33,"turns":13},{"damage":0,"enemies":"Orb Walker","floor":35,"turns":4},{"damage":0,"enemies":"3 Darklings","floor":38,"turns":4},{"damage":0,"enemies":"Writhing Mass","floor":39,"turns":7},{"damage":0,"enemies":"Reptomancer","floor":40,"turns":9},{"damage":0,"enemies":"Nemesis","floor":42,"turns":7},{"damage":0,"enemies":"4 Shapes","floor":44,"turns":4},{"damage":0,"enemies":"3 Darklings","floor":45,"turns":4},{"damage":0,"enemies":"R_Hoarder","floor":46,"turns":8},{"damage":0,"enemies":"Spire Growth","floor":48,"turns":4},{"damage":0,"enemies":"hubris:GrandSnecko","floor":50,"turns":5}],"seed_played":"-5684717435923891134","potions_obtained":[{"floor":1,"key":"Death Potion"},{"floor":2,"key":"Toxic Potion"},{"floor":2,"key":"Toxic Potion"},{"floor":21,"key":"Fire Potion"},{"floor":22,"key":"Ancient Potion"},{"floor":28,"key":"Energy Potion"},{"floor":31,"key":"Block Potion"},{"floor":33,"key":"Toxic Potion"},{"floor":44,"key":"Strength Potion"}],"is_trial":false,"path_per_floor":["M","?","M","M","M","R","E","?","T","R","E","?","R","?","R","B",null,"M","$","?","M","M","E","T","$","T","?","M","M","R","E","R","B",null,"M","T","?","M","M","E","$","E","T","M","M","E","R","M","R","B"],"character_chosen":"NECROMANCER","items_purchased":["PrismaticShard","Membership Card","Nunchaku","hubris:Potato","Summon_Death_Knight","Gremlin Horn","Pen Nib"],"campfire_rested":0,"item_purchase_floors":[19,25,25,25,25,41,41],"current_hp_per_floor":[75,75,75,75,75,75,59,29,29,29,23,23,23,23,23,7,75,70,70,1,1,1,1,1,1,1,1,1,1,1,1,1,1,1,1,1,1,1,1,1,1,1,1,1,1,1,1,1,1,1,1],"gold":172,"neow_bonus":"HUNDRED_GOLD","is_daily":false,"chose_seed":false,"campfire_upgraded":1,"win_rate":0.0,"timestamp":1613374286,"path_taken":["M","?","?","M","M","R","E","?","T","R","E","?","R","?","R","BOSS","M","?","?","M","M","E","?","$","T","?","?","?","R","E","R","BOSS","M","?","?","?","M","E","?","E","T","M","M","E","R","M","R","BOSS"],"items_purchased_type":["Relic","Relic","Relic","Relic","Card","Relic","Relic"],"build_version":"2020-12-22","purchased_purges":2,"victory":false,"max_hp_per_floor":[75,75,75,75,75,75,75,75,75,75,75,75,75,75,75,75,75,75,75,1,1,1,1,1,1,1,1,1,1,1,1,1,1,1,1,1,1,1,1,1,1,1,1,1,1,1,1,1,1,1,1],"card_choices":[{"not_picked":["Epidemic","Finger_Of_Death"],"picked":"Death_March_Dance","floor":1},{"not_picked":["Negative_Energy_Javelin","Bone_Bullets"],"picked":"Spectral_Armor","floor":3},{"not_picked":["Corrupt","Blood_Shield","Consume_Illness"],"picked":"SKIP","floor":4},{"not_picked":["Life_Drain","Thousand_Bone_Knives"],"picked":"Uncharnel","floor":5},{"not_picked":["Bone_Shift","Negative_Energy_Burst","Bone_Armor"],"picked":"SKIP","floor":7},{"not_picked":["Shade_Step","Negative_Energy_Javelin"],"picked":"Summon_Undead","floor":11},{"not_picked":["Reap_The_Weak","Cloudkill"],"picked":"Summon_Death_Knight","floor":16},{"not_picked":["Finger_Of_Death","Bone_Bullets","Consume_Illness+1"],"picked":"SKIP","floor":18},{"not_picked":["Prepared+1","Wallop","Blade Dance"],"picked":"SKIP","floor":21},{"not_picked":["Acid_Javelin+1","Undo","Bone_Shift"],"picked":"SKIP","floor":22},{"not_picked":["Life_Tap","MeteoricShower","ClearTheMind"],"picked":"SKIP","floor":23},{"not_picked":["Accuracy","CrushJoints+1"],"picked":"Infinite Blades+1","floor":28},{"not_picked":["Scrape+1","Discovery","Replay:AtTheReady"],"picked":"SKIP","floor":29},{"not_picked":["GrandCross+1","Swivel","Steam Power"],"picked":"SKIP","floor":31},{"not_picked":["PowerUp","Rebound+1","ReplaySolidLightProjector+1"],"picked":"SKIP","floor":35},{"not_picked":["Wild Strike+1","Expertise+1","OpenUniverse+1"],"picked":"SKIP","floor":38},{"not_picked":["ReplayGash+1","Massacre+1","Consume_Illness+1"],"picked":"SKIP","floor":39},{"not_picked":["Pray","Armaments+1","Bone_Shift"],"picked":"SKIP","floor":40},{"not_picked":["Backflip+1","Orbital"],"picked":"Summon_Vampire_Lady","floor":42},{"not_picked":["Plague_Bolt+1","Deadly Poison+1","Steam"],"picked":"SKIP","floor":44},{"not_picked":["Bane+1","Bone_Armory+1","BowlingBash+1"],"picked":"SKIP","floor":45},{"not_picked":["SporeBomb","Core Surge+1","Flying Knee+1"],"picked":"SKIP","floor":46},{"not_picked":["Beam Cell+1","Cloak And Dagger+1","Second Wind"],"picked":"SKIP","floor":48}],"player_experience":555314,"relics_obtained":[{"floor":7,"key":"Replay:Towering Pillar of Hats"},{"floor":8,"key":"Shovel"},{"floor":9,"key":"Mummified Hand"},{"floor":10,"key":"Quantum Egg"},{"floor":11,"key":"hubris:BottledRain"},{"floor":12,"key":"Ring of Fury"},{"floor":12,"key":"Ring of Fangs"},{"floor":13,"key":"Replay:Wax Seal"},{"floor":15,"key":"Replay:Bottled Eggs"},{"floor":23,"key":"Unceasing Top"},{"floor":24,"key":"The Courier"},{"floor":26,"key":"Molten Egg 2"},{"floor":30,"key":"Art of War"},{"floor":31,"key":"Chameleon Ring"},{"floor":32,"key":"Kunai"},{"floor":36,"key":"Meat on the Bone"},{"floor":40,"key":"Pocketwatch"},{"floor":42,"key":"hubris:TinFlute"},{"floor":43,"key":"Dream Catcher"},{"floor":46,"key":"Replay:Baseball"},{"floor":47,"key":"Sundial"},{"floor":49,"key":"Orichalcum"}],"event_choices":[{"damage_healed":0,"gold_gain":0,"player_choice":"Got Potions","damage_taken":0,"max_hp_gain":0,"max_hp_loss":0,"event_name":"Lab","floor":2,"gold_loss":0},{"damage_healed":0,"gold_gain":0,"player_choice":"Bought 0 Potions","damage_taken":0,"max_hp_gain":0,"max_hp_loss":0,"event_name":"The Woman in Blue","floor":14,"gold_loss":0},{"damage_healed":0,"gold_gain":0,"player_choice":"Forge","damage_taken":0,"max_hp_gain":0,"max_hp_loss":0,"event_name":"Accursed Blacksmith","floor":37,"gold_loss":0,"cards_upgraded":["Summon_Death_Knight"]}],"is_beta":false,"boss_relics":[{"not_picked":["ReplayTheSpireMod:DimensionalGlitch","hubris:GrandSneckoEye"],"picked":"hubris:RunicObelisk"},{"not_picked":["Black Star","Painkiller Herb"],"picked":"Replay:Grab Bag"},{"not_picked":["ChewingGum","Runic Dome"],"picked":"Fusion Hammer"},{"not_picked":["Philosopher\u0027s Stone","Cursed Key"],"picked":"Coffee Dripper"},{"not_picked":["hubris:Stopwatch","Runic Pyramid"],"picked":"hubris:ScarierMask"}],"items_purged_floors":[19,41],"is_endless":false,"potions_floor_spawned":[1,4,7,21,22,28,31,33,38,44,46,48],"killed_by":"hubris:GrandSnecko","ascension_level":0}}