{"host":"sav7uxregyirlf69","time":1613393071,"event":{"mods":["AchievementEnabler","BaseMod","Colored Map","DeckTracker","Keyboard Shortcuts","Minty Spire (QoL Compilation)","READ ME - Guardian Mod","StSLib","SuperFastMode"],"gold_per_floor":[109,124,137,137,153,153,180,193,193,210,210,210,210],"floor_reached":12,"language":"KOR","playtime":208,"items_purged":[],"score":164,"play_id":"b45242b6-2a2d-4461-8e01-a1c2af45b4e0","local_time":"20210215214431","is_ascension_mode":true,"campfire_choices":[{"floor":6,"key":"REST"}],"circlet_count":0,"master_deck":["AscendersBane","Strike_G","Strike_G","Strike_G","Strike_G","Defend_G","Defend_G","Defend_G","Defend_G","Survivor","Neutralize","Dagger Throw","Heel Hook","Cloak And Dagger","Escape Plan","A Thousand Cuts","Noxious Fumes","Blade Dance","Escape Plan"],"relics":["Ring of the Snake","Omamori","Ginger","Thread and Needle"],"acts_visited":["Exordium"],"potions_floor_usage":[7,7,12],"damage_taken":[{"damage":2,"enemies":"Small Slimes","floor":1,"turns":3},{"damage":5,"enemies":"2 Louse","floor":2,"turns":4},{"damage":0,"enemies":"Cultist","floor":3,"turns":3},{"damage":11,"enemies":"Exordium Wildlife","floor":5,"turns":7},{"damage":24,"enemies":"Lagavulin","floor":7,"turns":7},{"damage":4,"enemies":"Blue Slaver","floor":8,"turns":5},{"damage":0,"enemies":"2 Fungi Beasts","floor":10,"turns":4},{"damage":32,"enemies":"Gremlin Nob","floor":12,"turns":3}],"seed_played":"-998364295560417966","potions_obtained":[{"floor":1,"key":"DistilledChaos"},{"floor":3,"key":"FearPotion"},{"floor":10,"key":"Regen Potion"}],"is_trial":false,"path_per_floor":["M","M","M","?","M","R","E","M","T","M","?","E"],"character_chosen":"THE_SILENT","items_purchased":[],"campfire_rested":1,"item_purchase_floors":[],"current_hp_per_floor":[57,52,52,26,15,34,10,6,6,6,6,0,0],"gold":210,"neow_bonus":"TRANSFORM_CARD","is_daily":false,"chose_seed":false,"campfire_upgraded":0,"win_rate":0.0,"timestamp":1613393071,"path_taken":["M","M","M","?","M","R","E","M","T","M","?","E"],"items_purchased_type":[],"build_version":"2020-12-22","purchased_purges":0,"victory":false,"max_hp_per_floor":[66,66,66,66,66,66,66,66,66,66,66,66,66],"card_choices":[{"not_picked":["Choke","Concentrate"],"picked":"Heel Hook","floor":1},{"not_picked":["Bane","Calculated Gamble"],"picked":"Cloak And Dagger","floor":2},{"not_picked":["Sucker Punch","Outmaneuver"],"picked":"Escape Plan","floor":3},{"not_picked":["Acrobatics","Slice","Dodge and Roll"],"picked":"SKIP","floor":5},{"not_picked":["Dodge and Roll","Escape Plan"],"picked":"A Thousand Cuts","floor":7},{"not_picked":["Dagger Spray","Quick Slash"],"picked":"Noxious Fumes","floor":8},{"not_picked":["Dagger Spray","Quick Slash"],"picked":"Blade Dance","floor":10}],"player_experience":1581574,"relics_obtained":[{"floor":7,"key":"Ginger"},{"floor":9,"key":"Thread and Needle"}],"event_choices":[{"damage_healed":0,"gold_gain":0,"player_choice":"Success","damage_taken":26,"relics_obtained":["Omamori"],"max_hp_gain":0,"max_hp_loss":0,"event_name":"Scrap Ooze","floor":4,"gold_loss":0},{"damage_healed":0,"gold_gain":0,"cards_transformed":["Strike_G"],"player_choice":"Transformed","damage_taken":0,"max_hp_gain":0,"max_hp_loss":0,"event_name":"Transmorgrifier","floor":11,"gold_loss":0,"cards_obtained":["Escape Plan"]}],"is_beta":false,"boss_relics":[],"items_purged_floors":[],"is_endless":false,"potions_floor_spawned":[1,3,5,10],"killed_by":"Gremlin Nob","ascension_level":20}}