{"host":"dlqyscxstsnu98l1","time":1613349294,"event":{"mods":["AchievementEnabler","BaseMod","Colored Map","Colored Powertips","GifTheSpireLib","Highlight Path","Minty Spire (QoL Compilation)","Random Character Button","SacredBarkPlus","StSLib","everything is the same but u backflip on backflip"],"gold_per_floor":[112,37,37,51,71,71,83,83,110,130,149,176,141,174,174,269,269,279,554,567,323,323,323,348,248,248,248,273,303,503,112,112,210,210,229,247,14,14,31,65,77,77,77,26,26,60,76,76,76,76,76],"floor_reached":50,"language":"ENG","playtime":2870,"items_purged":["Decay","Regret","Strike_B"],"score":680,"play_id":"36cfbc3a-999d-4cd0-98ed-39009f55c593","local_time":"20210214183454","is_ascension_mode":true,"campfire_choices":[{"data":"1","floor":6,"key":"LIFT"},{"data":"2","floor":8,"key":"LIFT"},{"data":"Static Discharge","floor":15,"key":"SMITH"},{"data":"3","floor":23,"key":"LIFT"},{"floor":32,"key":"REST"},{"floor":42,"key":"REST"},{"floor":45,"key":"REST"},{"floor":49,"key":"RECALL"}],"circlet_count":0,"master_deck":["Strike_B","Strike_B","Defend_B","Defend_B","Defend_B","Defend_B+1","Zap+1","Dualcast","FTL","Coolheaded","Leap+1","Cold Snap","Conserve Battery","Echo Form","Static Discharge+1","Core Surge","Leap+1","Barrage","Barrage","Necronomicurse","Hyperbeam+1","Core Surge","Capacitor","Auto Shields","Barrage","Undo+1","Steam","Steam"],"relics":["Cracked Core","Girya","Lantern","Toy Ornithopter","Regal Pillow","Philosopher\u0027s Stone","War Paint","Emotion Chip","Singing Bowl","Bronze Scales","Necronomicon","Bottled Flame","Red Mask","HornCleat","Bag of Marbles","SlaversCollar","Pantograph","Meat on the Bone"],"acts_visited":["Exordium","TheCity","TheBeyond"],"potions_floor_usage":[24,28,28,29,29,33,40,40,40,46],"damage_taken":[{"damage":6,"enemies":"Jaw Worm","floor":1,"turns":3},{"damage":0,"enemies":"2 Louse","floor":4,"turns":2},{"damage":0,"enemies":"Cultist","floor":5,"turns":2},{"damage":4,"enemies":"Red Slaver","floor":7,"turns":3},{"damage":0,"enemies":"Large Slime","floor":10,"turns":4},{"damage":3,"enemies":"2 Fungi Beasts","floor":11,"turns":4},{"damage":13,"enemies":"Gremlin Nob","floor":12,"turns":3},{"damage":14,"enemies":"3 Sentries","floor":14,"turns":7},{"damage":17,"enemies":"The Guardian","floor":16,"turns":12},{"damage":12,"enemies":"Shell Parasite","floor":18,"turns":5},{"damage":6,"enemies":"3 Byrds","floor":20,"turns":3},{"damage":24,"enemies":"Book of Stabbing","floor":24,"turns":6},{"damage":23,"enemies":"Slavers","floor":28,"turns":3},{"damage":13,"enemies":"Masked Bandits","floor":29,"turns":4},{"damage":20,"enemies":"Collector","floor":33,"turns":7},{"damage":10,"enemies":"Orb Walker","floor":35,"turns":2},{"damage":12,"enemies":"3 Darklings","floor":36,"turns":4},{"damage":0,"enemies":"Jaw Worm Horde","floor":39,"turns":2},{"damage":56,"enemies":"Giant Head","floor":40,"turns":8},{"damage":10,"enemies":"Maw","floor":41,"turns":7},{"damage":44,"enemies":"Nemesis","floor":46,"turns":9},{"damage":19,"enemies":"3 Darklings","floor":47,"turns":4},{"damage":70,"enemies":"Time Eater","floor":50,"turns":3}],"seed_played":"8322908445652484233","potions_obtained":[{"floor":10,"key":"LiquidMemories"},{"floor":12,"key":"Strength Potion"},{"floor":14,"key":"SkillPotion"},{"floor":16,"key":"Explosive Potion"},{"floor":28,"key":"Fire Potion"},{"floor":29,"key":"AttackPotion"},{"floor":33,"key":"DuplicationPotion"},{"floor":35,"key":"AttackPotion"},{"floor":36,"key":"SkillPotion"},{"floor":46,"key":"Explosive Potion"}],"is_trial":false,"path_per_floor":["M","$","?","M","M","R","M","R","T","M","M","E","?","E","R","B",null,"M","?","M","$","T","R","E","$","T","?","E","?","?","$","R","B",null,"M","M","$","?","M","E","M","R","T","$","R","E","M","?","R","B"],"character_chosen":"DEFECT","items_purchased":["War Paint","Barrage","Dexterity Potion","HornCleat","Bag of Marbles","Auto Shields","Barrage","Dexterity Potion"],"campfire_rested":3,"item_purchase_floors":[21,25,25,31,31,37,37,44],"current_hp_per_floor":[69,69,69,69,69,69,65,65,65,65,62,49,67,53,53,36,75,63,63,57,57,57,57,40,40,40,24,13,10,10,10,48,33,79,71,59,59,59,61,20,10,49,49,49,83,41,34,34,34,0,0],"gold":76,"neow_bonus":"ONE_RARE_RELIC","is_daily":false,"chose_seed":false,"campfire_upgraded":1,"win_rate":0.0,"timestamp":1613349294,"path_taken":["M","$","?","M","M","R","M","R","T","M","M","E","?","E","R","BOSS","M","?","?","$","?","R","E","$","T","?","E","?","?","$","R","BOSS","M","M","$","?","M","E","M","R","T","?","R","E","M","?","R","BOSS"],"items_purchased_type":["Relic","Card","Potion","Relic","Relic","Card","Card","Potion"],"build_version":"2020-12-22","purchased_purges":3,"victory":false,"max_hp_per_floor":[75,75,75,75,75,75,75,75,75,75,75,75,75,75,75,75,75,75,75,75,75,75,75,77,77,77,77,79,79,79,79,79,79,79,81,81,81,81,83,83,83,83,83,83,83,85,85,85,85,85,85],"card_choices":[{"not_picked":["Stack","Aggregate"],"picked":"FTL","floor":1},{"not_picked":["Compile Driver","Barrage"],"picked":"Coolheaded","floor":4},{"not_picked":["Turbo","Amplify"],"picked":"Leap","floor":5},{"not_picked":["Turbo","Rebound"],"picked":"Cold Snap","floor":7},{"not_picked":["Coolheaded","Compile Driver"],"picked":"Conserve Battery","floor":10},{"not_picked":["Streamline","Coolheaded"],"picked":"Echo Form","floor":11},{"not_picked":["Conserve Battery","Hologram","Lockon"],"picked":"SKIP","floor":12},{"not_picked":["Steam","Steam Power"],"picked":"Static Discharge","floor":14},{"not_picked":["All For One","Echo Form"],"picked":"Core Surge","floor":16},{"not_picked":["Rebound","Ball Lightning"],"picked":"Leap+1","floor":18},{"not_picked":["Compile Driver+1","Lockon"],"picked":"Barrage","floor":20},{"not_picked":["Heatsinks","Lockon","Gash"],"picked":"Singing Bowl","floor":24},{"not_picked":["Turbo","Stack","Cold Snap"],"picked":"Singing Bowl","floor":28},{"not_picked":["Ball Lightning","White Noise"],"picked":"Hyperbeam","floor":29},{"not_picked":["Multi-Cast","Fission"],"picked":"Core Surge","floor":33},{"not_picked":["Conserve Battery","Hello World","Redo"],"picked":"Singing Bowl","floor":35},{"not_picked":["Tempest+1","Fusion"],"picked":"Capacitor","floor":36},{"not_picked":["Consume+1","Compile Driver","Sweeping Beam"],"picked":"Singing Bowl","floor":39},{"not_picked":["Melter","Cold Snap"],"picked":"Undo+1","floor":40},{"not_picked":["Conserve Battery","Scrape+1"],"picked":"Steam","floor":41},{"not_picked":["Ball Lightning","Reboot","Streamline"],"picked":"Singing Bowl","floor":46},{"not_picked":["Ball Lightning","Scrape+1"],"picked":"Steam","floor":47}],"player_experience":206253,"relics_obtained":[{"floor":9,"key":"Lantern"},{"floor":12,"key":"Toy Ornithopter"},{"floor":14,"key":"Regal Pillow"},{"floor":22,"key":"Emotion Chip"},{"floor":24,"key":"Singing Bowl"},{"floor":26,"key":"Bronze Scales"},{"floor":27,"key":"Necronomicon"},{"floor":28,"key":"Bottled Flame"},{"floor":29,"key":"Red Mask"},{"floor":40,"key":"Pantograph"},{"floor":46,"key":"Meat on the Bone"}],"event_choices":[{"damage_healed":0,"gold_gain":0,"player_choice":"Grow","damage_taken":0,"max_hp_gain":0,"max_hp_loss":0,"event_name":"Living Wall","floor":3,"gold_loss":0,"cards_upgraded":["Zap"]},{"damage_healed":18,"gold_gain":0,"player_choice":"Healed","damage_taken":0,"max_hp_gain":0,"max_hp_loss":0,"event_name":"The Cleric","floor":13,"gold_loss":35},{"damage_healed":0,"gold_gain":275,"player_choice":"Desecrate","damage_taken":0,"max_hp_gain":0,"max_hp_loss":0,"event_name":"Golden Shrine","floor":19,"gold_loss":0,"cards_obtained":["Regret"]},{"damage_healed":0,"gold_gain":0,"player_choice":"Obtained Book","damage_taken":16,"max_hp_gain":0,"max_hp_loss":0,"event_name":"Cursed Tome","floor":27,"gold_loss":0},{"damage_healed":0,"gold_gain":0,"player_choice":"Fought Bandits","damage_taken":0,"max_hp_gain":0,"max_hp_loss":0,"event_name":"Masked Bandits","floor":29,"gold_loss":0},{"damage_healed":0,"gold_gain":250,"player_choice":"Bet on Owner","damage_taken":0,"max_hp_gain":0,"max_hp_loss":0,"event_name":"The Joust","floor":30,"gold_loss":50},{"cards_removed":["Strike_B"],"damage_healed":0,"gold_gain":0,"player_choice":"Purged","damage_taken":0,"max_hp_gain":0,"max_hp_loss":0,"event_name":"Purifier","floor":38,"gold_loss":0},{"damage_healed":0,"gold_gain":0,"player_choice":"Upgraded","damage_taken":0,"max_hp_gain":0,"max_hp_loss":0,"event_name":"Upgrade Shrine","floor":48,"gold_loss":0,"cards_upgraded":["Hyperbeam"]}],"is_beta":false,"boss_relics":[{"not_picked":["Runic Pyramid","Busted Crown"],"picked":"Philosopher\u0027s Stone"},{"not_picked":["SacredBark","Runic Dome"],"picked":"SlaversCollar"}],"items_purged_floors":[2,21,37],"is_endless":false,"potions_floor_spawned":[10,12,14,16,28,29,33,35,36,46],"killed_by":"Time Eater","ascension_level":4}}