{"host":"AZZAM","time":1613351171,"event":{"mods":["BaseMod","Colored Map","Highlight Path","Minty Spire (QoL Compilation)","Relic Stats","Unceasing Turn Reminder"],"gold_per_floor":[214,225,244,244,4,30,130,130,130,162,162,188,207,218,218,313,313,333,47,67,87,87,115,115,115,115],"floor_reached":25,"language":"ENG","playtime":908,"items_purged":["Strike_B"],"score":289,"play_id":"6cef54d9-d074-42b3-97db-2abe44a07963","local_time":"20210215040611","is_ascension_mode":true,"campfire_choices":[{"data":"Rainbow","floor":8.0,"key":"SMITH"},{"floor":11.0,"key":"REST"},{"floor":15.0,"key":"REST"},{"data":"Defragment","floor":24,"key":"SMITH"}],"circlet_count":0,"master_deck":["Strike_B","Strike_B","Defend_B","Defend_B","Defend_B","Defend_B","Zap","Dualcast","Reinforced Body","Beam Cell","Loop","Rainbow+1","Barrage","Melter","Hyperbeam","Glacier","Defragment+1","White Noise","Echo Form","Turbo+1","Cold Snap","Ball Lightning","Beam Cell+1","Sweeping Beam+1"],"relics":["Cracked Core","Thread and Needle","Mercury Hourglass","Boot","Orichalcum","Nuclear Battery","Lantern","Eternal Feather","The Courier"],"acts_visited":["Exordium","TheCity"],"potions_floor_usage":[],"damage_taken":[{"damage":3.0,"enemies":"Small Slimes","floor":1.0,"turns":3.0},{"damage":5.0,"enemies":"2 Louse","floor":2.0,"turns":3.0},{"damage":0.0,"enemies":"Cultist","floor":3.0,"turns":3.0},{"damage":28.0,"enemies":"3 Sentries","floor":6.0,"turns":8.0},{"damage":27.0,"enemies":"Gremlin Nob","floor":10.0,"turns":4.0},{"damage":24.0,"enemies":"Lagavulin","floor":12.0,"turns":6.0},{"damage":0.0,"enemies":"Red Slaver","floor":13.0,"turns":3.0},{"damage":0.0,"enemies":"Large Slime","floor":14.0,"turns":3.0},{"damage":19.0,"enemies":"Hexaghost","floor":16.0,"turns":11.0},{"damage":14.0,"enemies":"Spheric Guardian","floor":18.0,"turns":4.0},{"damage":11.0,"enemies":"Chosen","floor":20.0,"turns":6.0},{"damage":18.0,"enemies":"Shelled Parasite and Fungi","floor":21.0,"turns":5.0},{"damage":14,"enemies":"Book of Stabbing","floor":23,"turns":6},{"damage":35,"enemies":"Gremlin Leader","floor":25,"turns":4}],"seed_played":"-4658070415811055596","potions_obtained":[{"floor":1.0,"key":"PotionOfCapacity"},{"floor":2.0,"key":"EntropicBrew"},{"floor":10.0,"key":"Ancient Potion"}],"is_trial":false,"path_per_floor":["M","M","M","?","$","E","?","R","T","E","R","E","M","M","R","B",null,"M","$","M","M","T","E","R","E"],"character_chosen":"DEFECT","items_purchased":["Rainbow","Barrage","PowerPotion","Cold Snap","Lantern"],"campfire_rested":2,"item_purchase_floors":[5,5,5,19,19],"current_hp_per_floor":[72,67,67,67,67,39,39,39,39,12,34,10,10,10,32,13,75,61,61,50,32,32,18,30,0,0],"gold":115,"neow_bonus":"HUNDRED_GOLD","is_daily":false,"chose_seed":false,"campfire_upgraded":2,"win_rate":0.0,"timestamp":1613351171,"path_taken":["M","M","M","?","$","E","?","R","T","E","R","E","M","?","R","BOSS","M","$","M","M","?","E","R","E"],"items_purchased_type":["Card","Card","Potion","Card","Relic"],"build_version":"2020-12-18","purchased_purges":1,"victory":false,"max_hp_per_floor":[75,75,75,75,75,75,75,75,75,75,75,75,75,75,75,75,75,75,75,75,75,75,75,75,75,75],"relic_stats":{"counters":[14,66],"Eternal Feather":12,"Orichalcum":[96],"Boot":[40],"obtain_stats":[{"Lantern":19,"Thread and Needle":6,"Eternal Feather":22,"The Courier":23,"Orichalcum":12,"Cracked Core":0,"Boot":10,"Mercury Hourglass":9,"Nuclear Battery":17},{"Lantern":10,"Thread and Needle":4,"Eternal Feather":12,"The Courier":13,"Orichalcum":6,"Cracked Core":0,"Boot":5,"Mercury Hourglass":4,"Nuclear Battery":9},{"Lantern":46,"Thread and Needle":17,"Eternal Feather":57,"The Courier":62,"Orichalcum":26,"Cracked Core":0,"Boot":20,"Mercury Hourglass":17,"Nuclear Battery":42}],"Mercury Hourglass":[135]},"card_choices":[{"not_picked":["Blizzard","Steam Power"],"picked":"Reinforced Body","floor":1.0},{"not_picked":["Self Repair","Coolheaded"],"picked":"Beam Cell","floor":2.0},{"not_picked":["Beam Cell","Barrage","Self Repair"],"picked":"SKIP","floor":3.0},{"not_picked":["Hologram","Gash"],"picked":"Melter","floor":6.0},{"not_picked":["Coolheaded","Ball Lightning"],"picked":"Hyperbeam","floor":10.0},{"not_picked":["Reprogram","Coolheaded"],"picked":"Glacier","floor":12.0},{"not_picked":["Cold Snap","Steam"],"picked":"Defragment","floor":13.0},{"not_picked":["Gash","Coolheaded"],"picked":"White Noise","floor":14.0},{"not_picked":["Seek","Meteor Strike"],"picked":"Echo Form","floor":16.0},{"not_picked":["Streamline","Compile Driver"],"picked":"Turbo+1","floor":18.0},{"not_picked":["BootSequence","Static Discharge"],"picked":"Ball Lightning","floor":20.0},{"not_picked":["Darkness","Double Energy"],"picked":"Beam Cell+1","floor":21.0},{"not_picked":["Barrage","Multi-Cast"],"picked":"Sweeping Beam+1","floor":23}],"player_experience":91098,"relics_obtained":[{"floor":6.0,"key":"Thread and Needle"},{"floor":9.0,"key":"Mercury Hourglass"},{"floor":10.0,"key":"Boot"},{"floor":12.0,"key":"Orichalcum"},{"floor":22.0,"key":"Eternal Feather"},{"floor":23,"key":"The Courier"}],"event_choices":[{"damage_healed":0.0,"max_hp_gain":0.0,"max_hp_loss":0.0,"gold_gain":0.0,"cards_transformed":["Strike_B"],"event_name":"Living Wall","player_choice":"Change","floor":4.0,"gold_loss":0.0,"damage_taken":0.0,"cards_obtained":["Loop"]},{"damage_healed":0.0,"max_hp_gain":0.0,"max_hp_loss":0.0,"gold_gain":100.0,"event_name":"Golden Shrine","player_choice":"Pray","floor":7.0,"gold_loss":0.0,"damage_taken":0.0}],"is_beta":true,"boss_relics":[{"not_picked":["SacredBark","Black Star"],"picked":"Nuclear Battery"}],"items_purged_floors":[19],"is_endless":false,"potions_floor_spawned":[1,2,10,12,23],"killed_by":"Gremlin Leader","ascension_level":4}}