{"host":"eft627g0ddukeijo","time":1613360372,"event":{"mods":["AchievementEnabler","BaseMod","Bestiary","Better Note","Block Reminder","Colored Powertips","Filter the Spire","Highlight Path","Minty Spire (QoL Compilation)","Permanent Neow","Quick Restart","Rare Cards Sparkle","Relic Stats","Slay-I","StSLib","Weighted Paths"],"gold_per_floor":[115,190,140,151,34,34,51,51,103,138,155,155,184,203,203,306,306,317,327,327,242,253,284,284,303,350,350,350,400,728,748,748,843,843,856,856,868,868,880,880,880,880,880,880,880],"floor_reached":44,"language":"ENG","playtime":1405,"items_purged":[],"score":608,"play_id":"92a12a9d-207f-4e0a-8009-54972c94b580","local_time":"20210215123932","is_ascension_mode":true,"campfire_choices":[{"floor":6.0,"key":"RECALL"},{"data":"Zap","floor":8.0,"key":"SMITH"},{"data":"Dualcast","floor":12.0,"key":"SMITH"},{"floor":15.0,"key":"REST"},{"floor":24.0,"key":"REST"},{"floor":28.0,"key":"REST"},{"floor":32.0,"key":"REST"},{"floor":40.0,"key":"REST"},{"floor":42.0,"key":"REST"}],"circlet_count":0,"master_deck":["Strike_B","Strike_B","Strike_B","Defend_B","Defend_B","Defend_B","Zap+1","Dualcast+1","Ball Lightning","Conserve Battery","Chill","Static Discharge","Chill","Conserve Battery","Genetic Algorithm","Sweeping Beam","All For One","Cold Snap+1","Glacier","Cold Snap","Consume+1","Electrodynamics","Seek"],"relics":["Calling Bell","Lantern","StrikeDummy","Thread and Needle","MealTicket","Gremlin Horn","Mercury Hourglass","Black Star","Boot","PreservedInsect","Omamori","Turnip","Old Coin","SlaversCollar","WarpedTongs","Blue Candle"],"acts_visited":["Exordium","TheCity","TheBeyond"],"potions_floor_usage":[],"damage_taken":[{"damage":0.0,"enemies":"2 Louse","floor":1.0,"turns":2.0},{"damage":3.0,"enemies":"Jaw Worm","floor":4.0,"turns":2.0},{"damage":0.0,"enemies":"Small Slimes","floor":7.0,"turns":4.0},{"damage":1.0,"enemies":"3 Sentries","floor":10.0,"turns":9.0},{"damage":0.0,"enemies":"2 Fungi Beasts","floor":11.0,"turns":3.0},{"damage":13.0,"enemies":"Gremlin Nob","floor":13.0,"turns":4.0},{"damage":0.0,"enemies":"Exordium Thugs","floor":14.0,"turns":4.0},{"damage":28.0,"enemies":"Slime Boss","floor":16.0,"turns":9.0},{"damage":5.0,"enemies":"Shell Parasite","floor":18.0,"turns":5.0},{"damage":3.0,"enemies":"3 Byrds","floor":19.0,"turns":3.0},{"damage":29.0,"enemies":"Cultist and Chosen","floor":22.0,"turns":6.0},{"damage":19.0,"enemies":"Gremlin Leader","floor":23.0,"turns":8.0},{"damage":0.0,"enemies":"Snecko","floor":25.0,"turns":6.0},{"damage":10.0,"enemies":"Slavers","floor":30.0,"turns":6.0},{"damage":0.0,"enemies":"Snake Plant","floor":31.0,"turns":4.0},{"damage":60.0,"enemies":"Automaton","floor":33.0,"turns":11.0},{"damage":11.0,"enemies":"Orb Walker","floor":35.0,"turns":5.0},{"damage":1.0,"enemies":"3 Shapes","floor":37.0,"turns":3.0},{"damage":46.0,"enemies":"Spire Growth","floor":39.0,"turns":6.0},{"damage":0.0,"enemies":"Giant Head","floor":41.0,"turns":1.0},{"damage":61,"enemies":"Nemesis","floor":44,"turns":6}],"seed_played":"1801259092423589064","potions_obtained":[{"floor":7.0,"key":"SmokeBomb"},{"floor":11.0,"key":"SkillPotion"},{"floor":16.0,"key":"GamblersBrew"},{"floor":22.0,"key":"AttackPotion"},{"floor":25.0,"key":"SteroidPotion"},{"floor":37.0,"key":"Dexterity Potion"},{"floor":39.0,"key":"Energy Potion"}],"is_trial":false,"path_per_floor":["M","?","?","M","$","R","M","R","T","E","M","R","E","M","R","B",null,"M","M","?","?","M","E","R","M","T","?","R","?","E","M","R","B",null,"M","?","M","?","M","R","E","R","T","E"],"character_chosen":"DEFECT","items_purchased":["Chill","Static Discharge"],"campfire_rested":6,"item_purchase_floors":[5,5],"current_hp_per_floor":[75,64,64,61,61,61,61,61,61,60,60,60,47,47,69,41,75,70,67,67,67,38,19,41,41,41,41,63,63,53,53,75,15,75,64,64,63,63,17,39,39,61,61,0,0],"gold":880,"neow_bonus":"BOSS_RELIC","is_daily":false,"chose_seed":false,"campfire_upgraded":2,"win_rate":0.0,"timestamp":1613360372,"path_taken":["M","?","?","M","$","R","M","R","T","E","M","R","E","M","R","BOSS","M","M","?","?","M","E","R","M","T","?","R","?","E","?","R","BOSS","M","?","M","?","?","R","E","R","T","E"],"items_purchased_type":["Card","Card"],"build_version":"2020-12-22","purchased_purges":0,"victory":false,"max_hp_per_floor":[75,75,75,75,75,75,75,75,75,75,75,75,75,75,75,75,75,75,75,75,75,75,75,75,75,75,75,75,75,75,75,75,75,75,75,75,75,75,75,75,75,75,75,75,75],"relic_stats":{"Gremlin Horn":[19,19],"counters":[21,107],"Blue Candle":[0],"MealTicket":0,"PreservedInsect":211,"Turnip":[2],"Black Star":3,"Boot":[28],"obtain_stats":[{"Lantern":0,"Gremlin Horn":10,"Blue Candle":43,"Thread and Needle":0,"PreservedInsect":23,"Omamori":23,"Boot":21,"Mercury Hourglass":13,"Old Coin":30,"WarpedTongs":38,"Calling Bell":0,"SlaversCollar":34,"MealTicket":9,"Turnip":30,"Black Star":17,"Cracked Core":0,"StrikeDummy":0},{"Lantern":0,"Gremlin Horn":4,"Blue Candle":20,"Thread and Needle":0,"PreservedInsect":12,"Omamori":12,"Boot":10,"Mercury Hourglass":6,"Old Coin":14,"WarpedTongs":18,"Calling Bell":0,"SlaversCollar":16,"MealTicket":3,"Turnip":14,"Black Star":8,"Cracked Core":0,"StrikeDummy":0},{"Lantern":0,"Gremlin Horn":17,"Blue Candle":101,"Thread and Needle":0,"PreservedInsect":59,"Omamori":59,"Boot":45,"Mercury Hourglass":24,"Old Coin":71,"WarpedTongs":94,"Calling Bell":0,"SlaversCollar":86,"MealTicket":8,"Turnip":71,"Black Star":37,"Cracked Core":0,"StrikeDummy":0}],"Mercury Hourglass":[356],"WarpedTongs":[13]},"card_choices":[{"not_picked":["Double Energy","Loop"],"picked":"Ball Lightning","floor":1.0},{"not_picked":["Static Discharge","Redo"],"picked":"Conserve Battery","floor":4.0},{"not_picked":["Rebound","Stack"],"picked":"Chill","floor":7.0},{"not_picked":["Rebound","Steam"],"picked":"Conserve Battery","floor":10.0},{"not_picked":["Force Field","Steam","Tempest"],"picked":"SKIP","floor":11.0},{"not_picked":["Rainbow","Steam"],"picked":"Genetic Algorithm","floor":13.0},{"not_picked":["Redo","Compile Driver"],"picked":"Sweeping Beam","floor":14.0},{"not_picked":["Multi-Cast","Hyperbeam"],"picked":"All For One","floor":16.0},{"not_picked":["Conserve Battery","White Noise"],"picked":"Cold Snap+1","floor":18.0},{"not_picked":["Hologram","Lockon"],"picked":"Glacier","floor":19.0},{"not_picked":["Ball Lightning","Genetic Algorithm"],"picked":"Cold Snap","floor":22.0},{"not_picked":["Double Energy","Chaos","Hyperbeam"],"picked":"SKIP","floor":23.0},{"not_picked":["Go for the Eyes","Rebound+1"],"picked":"Consume+1","floor":25.0},{"not_picked":["Barrage","Doom and Gloom"],"picked":"Electrodynamics","floor":30.0},{"not_picked":["Steam Power","Streamline+1","Consume"],"picked":"SKIP","floor":31.0},{"not_picked":["Amplify","Meteor Strike"],"picked":"Seek","floor":33.0},{"not_picked":["Conserve Battery","Ball Lightning","Sweeping Beam"],"picked":"SKIP","floor":35.0},{"not_picked":["Hologram+1","Chaos","Tempest+1"],"picked":"SKIP","floor":37.0},{"not_picked":["Gash+1","Leap","Rebound+1"],"picked":"SKIP","floor":39.0}],"player_experience":581885,"relics_obtained":[{"floor":0.0,"key":"Lantern"},{"floor":0.0,"key":"StrikeDummy"},{"floor":0.0,"key":"Thread and Needle"},{"floor":9.0,"key":"MealTicket"},{"floor":10.0,"key":"Gremlin Horn"},{"floor":13.0,"key":"Mercury Hourglass"},{"floor":23.0,"key":"PreservedInsect"},{"floor":23.0,"key":"Omamori"},{"floor":30.0,"key":"Turnip"},{"floor":30.0,"key":"Old Coin"},{"floor":43.0,"key":"Blue Candle"}],"event_choices":[{"damage_healed":0.0,"max_hp_gain":0.0,"max_hp_loss":0.0,"gold_gain":75.0,"event_name":"World of Goop","player_choice":"Gather Gold","floor":2.0,"gold_loss":0.0,"damage_taken":11.0},{"cards_removed":["Strike_B"],"damage_healed":0.0,"max_hp_gain":0.0,"max_hp_loss":0.0,"gold_gain":0.0,"event_name":"The Cleric","player_choice":"Card Removal","floor":3.0,"gold_loss":50.0,"damage_taken":0.0},{"cards_removed":["Strike_B"],"damage_healed":0.0,"max_hp_gain":0.0,"max_hp_loss":0.0,"gold_gain":0.0,"event_name":"betterNote:BetterNote","player_choice":"Give","floor":20.0,"gold_loss":0.0,"damage_taken":0.0,"cards_obtained":["Strike_R"]},{"damage_healed":0.0,"max_hp_gain":0.0,"max_hp_loss":0.0,"gold_gain":0.0,"event_name":"Addict","player_choice":"Obtained Relic","floor":21.0,"gold_loss":85.0,"damage_taken":0.0,"relics_obtained":["Boot"]},{"damage_healed":0.0,"max_hp_gain":0.0,"max_hp_loss":0.0,"gold_gain":0.0,"event_name":"Vampires","player_choice":"Ignored","floor":27.0,"gold_loss":0.0,"damage_taken":0.0},{"damage_healed":0.0,"max_hp_gain":0.0,"max_hp_loss":0.0,"gold_gain":100.0,"event_name":"The Joust","player_choice":"Bet on Murderer","floor":29.0,"gold_loss":50.0,"damage_taken":0.0},{"cards_removed":["Defend_B"],"damage_healed":0.0,"max_hp_gain":0.0,"max_hp_loss":0.0,"gold_gain":0.0,"event_name":"Falling","player_choice":"Removed Skill","floor":36.0,"gold_loss":0.0,"damage_taken":0.0},{"damage_healed":0.0,"max_hp_gain":0.0,"max_hp_loss":0.0,"gold_gain":0.0,"event_name":"Accursed Blacksmith","player_choice":"Rummage","floor":38.0,"gold_loss":0.0,"damage_taken":0.0,"relics_obtained":["WarpedTongs"],"cards_obtained":["Pain"]}],"is_beta":false,"boss_relics":[{"not_picked":["Velvet Choker","Ectoplasm"],"picked":"Black Star"},{"not_picked":["Cursed Key","Empty Cage"],"picked":"SlaversCollar"}],"items_purged_floors":[],"is_endless":false,"potions_floor_spawned":[7,11,16,19,22,25,37,39],"killed_by":"Nemesis","ascension_level":4}}