{"host":"dn6kke80v5f7isus","time":1613414159,"event":{"mods":["AchievementEnabler","Act Like it!","BaseMod","Colored Powertips","Custom Start","Defuse TimeMaze Blight","Energized Spire","Gremlin Skip","Highlight Path","Hubris","Infinite Spire","Marisa????????","Minty Spire (QoL Compilation)","Quick Restart","Rare Cards Sparkle","Reliquary","Replay The Spire","StSLib","The Hierophant","The Servant 0.9.4","Uncapped","Unceasing Turn Reminder"],"gold_per_floor":[190,207,207,213,213,202,227,227,227,246,321,321,331,198,198,261,261,241,241],"floor_reached":18,"language":"ENG","playtime":643,"items_purged":["hierophant:Strike_Hierophant"],"score":170,"play_id":"ec9df431-0eac-40c2-b298-30a020493cb6","local_time":"20210215133559","is_ascension_mode":true,"campfire_choices":[{"floor":12,"key":"REST"}],"circlet_count":0,"master_deck":["hierophant:Strike_Hierophant","hierophant:Strike_Hierophant","hierophant:Strike_Hierophant","hierophant:Punish","hierophant:Defend_Hierophant","hierophant:Defend_Hierophant","hierophant:Defend_Hierophant","hierophant:Defend_Hierophant","hierophant:ChurchCoffers","hierophant:Chorus","hierophant:RepressedViolence","hierophant:RepressedViolence+1","hierophant:Determination","hierophant:FieryStrike","Bandage Up+1"],"relics":["hierophant:PropheticMaskRelic","reliquary:BoilingFlask","Blue Doll","PreservedInsect","energizedSpire:NeverEndingSparkler"],"acts_visited":["Exordium","TheCity"],"potions_floor_usage":[16,16,16],"damage_taken":[{"damage":4.0,"enemies":"Cultist","floor":1.0,"turns":4.0},{"damage":4.0,"enemies":"Small Slimes","floor":2.0,"turns":3.0},{"damage":1.0,"enemies":"2 Louse","floor":4.0,"turns":2.0},{"damage":0.0,"enemies":"Looter","floor":6.0,"turns":4.0},{"damage":37.0,"enemies":"Replay:BlueRogue","floor":7.0,"turns":7.0},{"damage":17,"enemies":"2 Fungi Beasts","floor":10,"turns":4},{"damage":21,"enemies":"Exordium Thugs","floor":13,"turns":5},{"damage":36,"enemies":"Fading Forest","floor":16,"turns":11},{"damage":0,"enemies":"2 Thieves","floor":18,"turns":1}],"seed_played":"-3750656152021880811","potions_obtained":[{"floor":2.0,"key":"LiquidBronze"},{"floor":5.0,"key":"DuplicationPotion"},{"floor":5.0,"key":"Doom Potion"},{"floor":6.0,"key":"Milkshake"},{"floor":7.0,"key":"CultistPotion"}],"is_trial":false,"path_per_floor":["M","M","T","M","?","M","E","?","T","M","?","R","M","$","R","B",null,"M"],"character_chosen":"HIEROPHANT","items_purchased":["Bandage Up+1"],"campfire_rested":1,"item_purchase_floors":[14],"current_hp_per_floor":[71,67,67,66,66,66,29,29,29,18,7,29,12,12,34,19,75,75,75],"gold":241,"neow_bonus":"HUNDRED_GOLD","is_daily":false,"chose_seed":false,"campfire_upgraded":0,"win_rate":0.0,"timestamp":1613414159,"path_taken":["M","M","?","?","?","?","E","?","T","?","?","R","M","$","R","BOSS","M"],"items_purchased_type":["Card"],"build_version":"2020-12-22","purchased_purges":1,"victory":false,"max_hp_per_floor":[75,75,75,75,75,75,75,75,75,75,75,75,75,75,75,75,75,75,75],"card_choices":[{"not_picked":["hierophant:Upheaval","hierophant:FlamingChariot","hierophant:Zeal"],"picked":"SKIP","floor":1.0},{"not_picked":["hierophant:HolyVerse","hierophant:Rebuild"],"picked":"hierophant:Chorus","floor":2.0},{"not_picked":["hierophant:HammerAndAnvil","hierophant:Prophecy"],"picked":"hierophant:RepressedViolence","floor":4.0},{"not_picked":["hierophant:HolyVerse","hierophant:AuricBeam","hierophant:DisplayOfPower"],"picked":"SKIP","floor":6.0},{"not_picked":["hierophant:DeathKnell","hierophant:Remorse"],"picked":"hierophant:RepressedViolence","floor":7.0},{"not_picked":["hierophant:HammerAndAnvil","hierophant:MorningPrayer","hierophant:FieryStrike"],"picked":"SKIP","floor":10},{"not_picked":["hierophant:Rebuild","hierophant:ThreeLashes"],"picked":"hierophant:FieryStrike","floor":13}],"player_experience":460590,"relics_obtained":[{"floor":3.0,"key":"reliquary:BoilingFlask"},{"floor":7.0,"key":"Blue Doll"},{"floor":9,"key":"PreservedInsect"}],"event_choices":[{"damage_healed":0.0,"max_hp_gain":0.0,"max_hp_loss":0.0,"gold_gain":0.0,"event_name":"Lab","player_choice":"Got Potions","floor":5.0,"gold_loss":0.0,"damage_taken":0.0},{"damage_healed":0,"gold_gain":0,"player_choice":"1 cards matched","damage_taken":0,"max_hp_gain":0,"max_hp_loss":0,"event_name":"Match and Keep!","floor":8,"gold_loss":0,"cards_obtained":["hierophant:Determination"]},{"damage_healed":0,"gold_gain":75,"player_choice":"Gather Gold","damage_taken":11,"max_hp_gain":0,"max_hp_loss":0,"event_name":"World of Goop","floor":11,"gold_loss":0}],"is_beta":false,"boss_relics":[{"not_picked":["Replay:Ancient Bell","Velvet Choker"],"picked":"energizedSpire:NeverEndingSparkler"}],"items_purged_floors":[14],"is_endless":false,"potions_floor_spawned":[2,6,7,13],"killed_by":"2 Thieves","ascension_level":1}}