{"host":"2no1vwhhkhf0ohz3","time":1613390312,"event":{"mods":["AchievementEnabler","BaseMod","Colored Map","DeckTracker","Keyboard Shortcuts","Minty Spire (QoL Compilation)","SuperFastMode"],"gold_per_floor":[119,133,152,227,241,241,241,89,114,132,132,82,82,101,101,101,101],"floor_reached":16,"language":"KOR","playtime":268,"items_purged":["Strike_G"],"score":133,"play_id":"f7ce6840-229e-445c-8caa-a96bac9892db","local_time":"20210215205832","is_ascension_mode":true,"campfire_choices":[{"data":"Deadly Poison","floor":6,"key":"SMITH"},{"data":"Well Laid Plans","floor":11,"key":"SMITH"},{"data":"Adrenaline","floor":15,"key":"SMITH"}],"circlet_count":0,"master_deck":["Strike_G","Strike_G","Defend_G","Defend_G","Defend_G","Defend_G","Defend_G","Survivor","Neutralize","Deadly Poison+1","Poisoned Stab","Well Laid Plans+1","Adrenaline+1"],"relics":["Ring of the Snake","Boot"],"acts_visited":["Exordium"],"potions_floor_usage":[10],"damage_taken":[{"damage":0,"enemies":"Jaw Worm","floor":1,"turns":6},{"damage":10,"enemies":"Small Slimes","floor":2,"turns":4},{"damage":2,"enemies":"2 Louse","floor":3,"turns":3},{"damage":0,"enemies":"Large Slime","floor":5,"turns":5},{"damage":38,"enemies":"Gremlin Gang","floor":10,"turns":5},{"damage":1,"enemies":"Blue Slaver","floor":14,"turns":3},{"damage":25,"enemies":"Hexaghost","floor":16,"turns":10}],"seed_played":"7736129912021451846","potions_obtained":[{"floor":3,"key":"EssenceOfSteel"}],"is_trial":false,"path_per_floor":["M","M","M","?","M","R","?","$","T","M","R","?","?","M","R","B"],"character_chosen":"THE_SILENT","items_purchased":["Well Laid Plans"],"campfire_rested":0,"item_purchase_floors":[8],"current_hp_per_floor":[63,53,51,40,40,40,63,63,63,25,25,25,25,24,24,0,0],"gold":101,"neow_bonus":"REMOVE_CARD","is_daily":false,"chose_seed":false,"campfire_upgraded":3,"win_rate":0.0,"timestamp":1613390312,"path_taken":["M","M","M","?","M","R","?","$","T","M","R","?","?","M","R","BOSS"],"items_purchased_type":["Card"],"build_version":"2020-12-22","purchased_purges":1,"victory":false,"max_hp_per_floor":[70,70,70,70,70,70,70,70,70,70,70,70,70,70,70,70,70],"card_choices":[{"not_picked":["Flying Knee","Flechettes"],"picked":"Deadly Poison","floor":1},{"not_picked":["Choke","Blade Dance"],"picked":"Poisoned Stab","floor":2},{"not_picked":["Quick Slash","Deadly Poison","Slice"],"picked":"SKIP","floor":3},{"not_picked":["Expertise","Choke","Quick Slash"],"picked":"SKIP","floor":5},{"not_picked":["Crippling Poison","Leg Sweep"],"picked":"Adrenaline","floor":10},{"not_picked":["Cloak And Dagger","Outmaneuver","Finisher"],"picked":"SKIP","floor":14}],"player_experience":305823,"relics_obtained":[{"floor":9,"key":"Boot"}],"event_choices":[{"damage_healed":0,"gold_gain":75,"player_choice":"Gather Gold","damage_taken":11,"max_hp_gain":0,"max_hp_loss":0,"event_name":"World of Goop","floor":4,"gold_loss":0},{"damage_healed":23,"gold_gain":0,"player_choice":"Banana","damage_taken":0,"max_hp_gain":0,"max_hp_loss":0,"event_name":"Big Fish","floor":7,"gold_loss":0},{"cards_removed":["Strike_G"],"damage_healed":0,"gold_gain":0,"player_choice":"Card Removal","damage_taken":0,"max_hp_gain":0,"max_hp_loss":0,"event_name":"The Cleric","floor":12,"gold_loss":50},{"damage_healed":0,"gold_gain":0,"player_choice":"Ignored","damage_taken":0,"max_hp_gain":0,"max_hp_loss":0,"event_name":"Liars Game","floor":13,"gold_loss":0}],"is_beta":false,"boss_relics":[],"items_purged_floors":[8],"is_endless":false,"potions_floor_spawned":[3],"killed_by":"Hexaghost","ascension_level":9}}