{"host":"u7bb6mvzuirwfcqo","time":1613348382,"event":{"mods":["2.2 Compatiblity","AchievementEnabler","BaseMod","Card Forge","Downfall","Hermit","Minty Spire (QoL Compilation)","Relic Stats","StSLib"],"gold_per_floor":[113,130,146,159,259,259,289,301,328,356,356,366,55,70,70,174,174,192,211,24,24,24,24,39,39,39,57,57,57,75,86,86,188,188,199,549,549,568,238,238,248,279,305,23,41,41,5,5,5,5],"floor_reached":48,"language":"ENG","playtime":4887,"items_purged":[],"score":574,"play_id":"78e249cd-e75b-4fad-8b44-b997440dd90c","local_time":"20210214191942","is_ascension_mode":false,"campfire_choices":[{"data":"Slimebound:SplitAcid","floor":6.0,"key":"SMITH"},{"data":"Slimebound:OozeBath","floor":11.0,"key":"SMITH"},{"floor":15.0,"key":"REST"},{"data":"Slimebound:Equalize","floor":23,"key":"SMITH"},{"data":"Slimebound:Recycling","floor":29,"key":"SMITH"},{"data":"Slimebound:FormOfPuddle","floor":32,"key":"SMITH"},{"data":"Slimebound:DouseInSlime","floor":40,"key":"SMITH"},{"floor":46,"key":"RECALL"}],"circlet_count":0,"master_deck":["Slimebound:Strike_Slimebound","Slimebound:Strike_Slimebound+1","Slimebound:Strike_Slimebound+1","Slimebound:Tackle","Slimebound:Defend_Slimebound","Slimebound:Defend_Slimebound","Slimebound:Defend_Slimebound","Slimebound:Defend_Slimebound","Slimebound:Split+1","Slimebound:CorrosiveSpit","Slimebound:Recycling+1","Slimebound:SplitLeeching+1","Slimebound:BestDefense","Slimebound:SplitLeeching","Slimebound:SplitAcid+1","Slimebound:OozeBath+1","Slimebound:LeechingTouch","Slimebound:SplitLeeching","Slimebound:Equalize+1","Slimebound:HungryTackle","Slimebound:BestDefense","Slimebound:RallyTheTroops","Slimebound:LeechingTouch+1","Slimebound:PressTheAttack","Slimebound:FormOfPuddle+1","Slimebound:Prepare+1","Slimebound:DouseInSlime+1","Slimebound:Replication+1","Slimebound:LeadByExample","Slimebound:Recycling+1","Parasite","Slimebound:LeechEnergy+1","Slimebound:SelfFormingGoo","Slimebound:PrepareCrush","Slimebound:SplitLeeching+1","Slimebound:SpikyOuterGoop"],"relics":["Slimebound:AbsorbEndCombat","Hammer of Thor","Seething Fire","Anvil of the Gods","Nunchaku","Whetstone","Strawberry","Anchor","Runic Pyramid","Chemical X","Pear","War Paint","Slimebound:MaxSlimesRelic","Sozu","Old Coin","DollysMirror","Ancient Tea Set","CaptainsWheel"],"acts_visited":["Exordium","TheCity","TheBeyond"],"potions_floor_usage":[24,33,45],"damage_taken":[{"damage":6.0,"enemies":"2 Louse","floor":1.0,"turns":3.0},{"damage":3.0,"enemies":"Cultist","floor":2.0,"turns":4.0},{"damage":7.0,"enemies":"Jaw Worm","floor":3.0,"turns":4.0},{"damage":6.0,"enemies":"Looter","floor":4.0,"turns":4.0},{"damage":19.0,"enemies":"Lagavulin","floor":7.0,"turns":7.0},{"damage":5.0,"enemies":"3 Louse","floor":8.0,"turns":4.0},{"damage":26.0,"enemies":"Gremlin Nob","floor":10.0,"turns":4.0},{"damage":0.0,"enemies":"Blue Slaver","floor":12.0,"turns":5.0},{"damage":12.0,"enemies":"Exordium Thugs","floor":14.0,"turns":5.0},{"damage":32.0,"enemies":"Slime Boss","floor":16.0,"turns":8.0},{"damage":28.0,"enemies":"Spheric Guardian","floor":18.0,"turns":5.0},{"damage":0.0,"enemies":"Chosen","floor":19.0,"turns":4.0},{"damage":28,"enemies":"Snecko","floor":24,"turns":7},{"damage":13,"enemies":"Snake Plant","floor":27,"turns":5},{"damage":1,"enemies":"Centurion and Healer","floor":30,"turns":7},{"damage":3,"enemies":"Shelled Parasite and Fungi","floor":31,"turns":5},{"damage":87,"enemies":"Automaton","floor":33,"turns":11},{"damage":24,"enemies":"Orb Walker","floor":35,"turns":4},{"damage":0,"enemies":"Mind Bloom Boss Battle","floor":36,"turns":8},{"damage":6,"enemies":"3 Darklings","floor":38,"turns":7},{"damage":9,"enemies":"Writhing Mass","floor":41,"turns":7},{"damage":16,"enemies":"Giant Head","floor":42,"turns":9},{"damage":8,"enemies":"Sphere and 2 Shapes","floor":45,"turns":5},{"damage":93,"enemies":"Nemesis","floor":48,"turns":6}],"seed_played":"-5148214033121339433","potions_obtained":[{"floor":3.0,"key":"SteroidPotion"},{"floor":4.0,"key":"FearPotion"},{"floor":8.0,"key":"Dexterity Potion"},{"floor":24,"key":"BlessingOfTheForge"}],"is_trial":false,"path_per_floor":["M","M","M","M","?","R","E","M","T","E","R","M","$","M","R","B",null,"M","M","$","T","?","R","M","?","T","M","?","R","M","M","R","B",null,"M","?","?","M","$","R","M","E","T","$","M","R","$","E"],"character_chosen":"SLIMEBOUND","items_purchased":["Anchor","Slimebound:HungryTackle","Slimebound:BestDefense","Chemical X","Slimebound:FormOfPuddle","Slimebound:LeadByExample","DollysMirror","Ancient Tea Set","Slimebound:SelfFormingGoo","Slimebound:PrepareCrush","Slimebound:SpikyOuterGoop"],"campfire_rested":1,"item_purchase_floors":[13,13,13,20,20,39,39,39,44,44,47],"current_hp_per_floor":[61,60,55,51,51,51,40,35,35,22,22,26,26,26,47,31,72,54,60,60,70,70,70,56,56,56,59,59,59,76,82,82,13,82,60,76,76,78,78,78,77,71,71,71,65,65,65,0,0,0],"gold":5,"neow_bonus":"ONE_RANDOM_RARE_CARD","is_daily":false,"chose_seed":false,"campfire_upgraded":6,"win_rate":0.0,"timestamp":1613348382,"path_taken":["M","M","M","M","?","R","E","M","T","E","R","M","$","M","R","BOSS","M","M","$","?","?","R","M","?","T","M","?","R","M","M","R","BOSS","M","?","?","M","$","R","M","E","T","$","M","R","$","E"],"items_purchased_type":["Relic","Card","Card","Relic","Card","Card","Relic","Relic","Card","Card","Card"],"build_version":"2020-12-22","purchased_purges":0,"victory":false,"max_hp_per_floor":[65,65,65,65,65,65,65,65,65,72,72,72,72,72,72,72,72,72,72,72,82,82,82,82,82,82,82,82,82,82,82,82,82,82,82,82,82,82,82,82,82,82,82,82,82,82,82,82,82,82],"relic_stats":{"Sozu":3,"Nunchaku":[14],"counters":[24,134],"Whetstone":["Slimebound:Strike_Slimebound","Slimebound:Strike_Slimebound"],"Chemical X":[1],"War Paint":["Slimebound:Split","Slimebound:SplitLeeching"],"obtain_stats":[{"Pear":21,"Hammer of Thor":0,"Seething Fire":0,"Whetstone":9,"War Paint":25,"Ancient Tea Set":39,"Old Coin":36,"Sozu":34,"Nunchaku":7,"Anchor":13,"CaptainsWheel":42,"Slimebound:MaxSlimesRelic":26,"Anvil of the Gods":0,"DollysMirror":39,"Strawberry":10,"Slimebound:AbsorbEndCombat":0,"Chemical X":20,"Runic Pyramid":17},{"Pear":12,"Hammer of Thor":0,"Seething Fire":0,"Whetstone":6,"War Paint":13,"Ancient Tea Set":20,"Old Coin":19,"Sozu":17,"Nunchaku":5,"Anchor":8,"CaptainsWheel":22,"Slimebound:MaxSlimesRelic":13,"Anvil of the Gods":0,"DollysMirror":20,"Strawberry":7,"Slimebound:AbsorbEndCombat":0,"Chemical X":12,"Runic Pyramid":10},{"Pear":54,"Hammer of Thor":0,"Seething Fire":0,"Whetstone":24,"War Paint":61,"Ancient Tea Set":107,"Old Coin":100,"Sozu":89,"Nunchaku":21,"Anchor":32,"CaptainsWheel":123,"Slimebound:MaxSlimesRelic":61,"Anvil of the Gods":0,"DollysMirror":107,"Strawberry":28,"Slimebound:AbsorbEndCombat":0,"Chemical X":54,"Runic Pyramid":45}]},"card_choices":[{"not_picked":["Slimebound:RainOfGoop","Slimebound:GoopSpray"],"picked":"Slimebound:SplitLeeching","floor":1.0},{"not_picked":["Slimebound:FinishingTackle","Slimebound:Schlurp"],"picked":"Slimebound:BestDefense","floor":2.0},{"not_picked":["Slimebound:GoopSpray","Slimebound:ServeAndProtect"],"picked":"Slimebound:SplitLeeching","floor":3.0},{"not_picked":["Slimebound:LeechingTouch","Slimebound:Schlurp"],"picked":"Slimebound:SplitAcid","floor":4.0},{"not_picked":["Slimebound:ComboTackle","Slimebound:RejuvenatingLick"],"picked":"Slimebound:OozeBath","floor":7.0},{"not_picked":["Slimebound:TongueLash","Slimebound:SlimeSpikes"],"picked":"Slimebound:LeechingTouch","floor":8.0},{"not_picked":["Slimebound:Dissolve","Slimebound:FinishingTackle"],"picked":"Slimebound:SplitLeeching","floor":10.0},{"not_picked":["Slimebound:Schlurp","Slimebound:FinishingTackle"],"picked":"Slimebound:Equalize","floor":12.0},{"not_picked":["Slimebound:DisruptingSlam","Slimebound:ServeAndProtect","Slimebound:RollThrough"],"picked":"SKIP","floor":14.0},{"not_picked":["Slimebound:MinionMaster","Slimebound:CheckThePlaybook"],"picked":"Slimebound:RallyTheTroops","floor":16.0},{"not_picked":["Slimebound:Gluttony","Slimebound:RollThrough"],"picked":"Slimebound:LeechingTouch+1","floor":18.0},{"not_picked":["Slimebound:ItLooksTasty","Slimebound:ComboTackle+1"],"picked":"Slimebound:PressTheAttack","floor":19.0},{"not_picked":["Slimebound:LeechingTouch","Slimebound:GoopTackle","Slimebound:SplitLeeching+1"],"picked":"SKIP","floor":24},{"not_picked":["Slimebound:RollThrough","Slimebound:Schlurp","Slimebound:Grow"],"picked":"SKIP","floor":27},{"not_picked":["Slimebound:Equalize+1","Slimebound:LivingWall"],"picked":"Slimebound:Prepare+1","floor":30},{"not_picked":["Slimebound:ComboTackle+1","Slimebound:PressTheAttack","Slimebound:Prepare"],"picked":"SKIP","floor":31},{"not_picked":["Slimebound:DuplicatedForm","Slimebound:RallyTheTroops"],"picked":"Slimebound:DouseInSlime","floor":33},{"not_picked":["Slimebound:LeechingTouch","Slimebound:GoopSpray","Slimebound:GoopTackle"],"picked":"SKIP","floor":35},{"not_picked":["Slimebound:Gluttony+1","Slimebound:Nibble"],"picked":"Slimebound:Replication+1","floor":36},{"not_picked":["Slimebound:Grow+1","Slimebound:ViciousTackle+1","Slimebound:FinishingTackle"],"picked":"SKIP","floor":38},{"not_picked":["Slimebound:Repurpose","Slimebound:MegaLick"],"picked":"Slimebound:LeechEnergy+1","floor":41},{"not_picked":["Slimebound:GoopTackle","Slimebound:RejuvenatingLick","Slimebound:SplitLeeching"],"picked":"SKIP","floor":42},{"not_picked":["Slimebound:RollThrough","Slimebound:Chomp+1"],"picked":"Slimebound:SplitLeeching+1","floor":45}],"player_experience":59673,"relics_obtained":[{"floor":7.0,"key":"Nunchaku"},{"floor":9.0,"key":"Whetstone"},{"floor":10.0,"key":"Strawberry"},{"floor":21,"key":"Pear"},{"floor":26,"key":"Slimebound:MaxSlimesRelic"},{"floor":36,"key":"Old Coin"},{"floor":42,"key":"CaptainsWheel"}],"event_choices":[{"damage_healed":0.0,"max_hp_gain":0.0,"max_hp_loss":0.0,"gold_gain":100.0,"event_name":"Golden Shrine","player_choice":"Pray","floor":5.0,"gold_loss":0.0,"damage_taken":0.0},{"damage_healed":0,"gold_gain":0,"player_choice":"Opened","damage_taken":0,"relics_obtained":["War Paint"],"max_hp_gain":0,"max_hp_loss":0,"event_name":"The Mausoleum","floor":25,"gold_loss":0},{"damage_healed":0,"gold_gain":0,"player_choice":"Fight","damage_taken":0,"max_hp_gain":0,"max_hp_loss":0,"event_name":"MindBloom","floor":36,"gold_loss":0},{"damage_healed":0,"gold_gain":0,"player_choice":"Memory 1","damage_taken":0,"max_hp_gain":0,"max_hp_loss":0,"event_name":"SensoryStone","floor":37,"gold_loss":0}],"is_beta":false,"boss_relics":[{"not_picked":["Tiny House","SacredBark"],"picked":"Runic Pyramid"},{"not_picked":["Busted Crown","Slimebound:AbsorbEndCombatUpgraded"],"picked":"Sozu"}],"items_purged_floors":[],"is_endless":false,"potions_floor_spawned":[3,4,8,10,16,19,24,30,36,41,42],"killed_by":"Nemesis","ascension_level":0}}