{"host":"d52brwsy6af8zvaq","time":1613430778,"event":{"mods":["AchievementEnabler","BaseMod","Bestiary","Highlight Path","Minty Spire (QoL Compilation)","Quick Restart","Relic Stats","ojb\u0027s Better Paths Mod"],"gold_per_floor":[109,120,45,62,82,113,113,145,168,168,185,185,26,0,0,74,74,74,103,103,49,49,49],"floor_reached":22,"language":"ENG","playtime":681,"items_purged":["Strike_B","Strike_B"],"score":384,"play_id":"49f579b5-c28f-4439-8428-a5fcf23deaee","local_time":"20210215161258","is_ascension_mode":true,"campfire_choices":[{"floor":7.0,"key":"REST"},{"data":"Defragment","floor":12.0,"key":"SMITH"},{"floor":15.0,"key":"REST"}],"circlet_count":0,"master_deck":["AscendersBane","Strike_B","Strike_B","Defend_B","Defend_B","Defend_B","Defend_B","Zap+1","Dualcast","Chaos","Melter","Ball Lightning","Static Discharge","Leap","Defragment+1","Cold Snap","Amplify","BootSequence","Pain","Leap"],"relics":["Cracked Core","DataDisk","Anchor","Lantern","Black Star","Red Mask","WarpedTongs"],"acts_visited":["Exordium","TheCity"],"potions_floor_usage":[18],"damage_taken":[{"damage":2.0,"enemies":"Small Slimes","floor":1.0,"turns":3.0},{"damage":4.0,"enemies":"Jaw Worm","floor":2.0,"turns":5.0},{"damage":0.0,"enemies":"2 Louse","floor":4.0,"turns":2.0},{"damage":0.0,"enemies":"Exordium Thugs","floor":5.0,"turns":3.0},{"damage":33.0,"enemies":"Gremlin Nob","floor":6.0,"turns":4.0},{"damage":25.0,"enemies":"3 Sentries","floor":8.0,"turns":6.0},{"damage":6.0,"enemies":"Gremlin Gang","floor":11.0,"turns":4.0},{"damage":19.0,"enemies":"Slime Boss","floor":16.0,"turns":8.0},{"damage":0,"enemies":"Chosen","floor":18,"turns":1},{"damage":48,"enemies":"Masked Bandits","floor":19,"turns":4},{"damage":16,"enemies":"3 Byrds","floor":22,"turns":2}],"seed_played":"1684528168339391292","potions_obtained":[{"floor":1.0,"key":"DuplicationPotion"},{"floor":5.0,"key":"DistilledChaos"},{"floor":8.0,"key":"FocusPotion"},{"floor":16.0,"key":"SmokeBomb"}],"is_trial":false,"path_per_floor":["M","M","$","M","M","E","R","E","T","?","M","R","$","?","R","B",null,"M","?","?","$","M"],"character_chosen":"DEFECT","items_purchased":["Cold Snap","Leap"],"campfire_rested":2,"item_purchase_floors":[13,21],"current_hp_per_floor":[62,58,58,58,58,25,46,21,21,21,15,15,15,15,36,17,58,58,10,10,10,0,0],"gold":49,"neow_bonus":"RANDOM_COMMON_RELIC","is_daily":false,"chose_seed":false,"campfire_upgraded":1,"win_rate":0.0,"timestamp":1613430778,"path_taken":["M","M","$","M","M","E","R","E","T","?","M","R","$","?","R","BOSS","M","?","?","$","?"],"items_purchased_type":["Card","Card"],"build_version":"2020-12-22","purchased_purges":2,"victory":false,"max_hp_per_floor":[71,71,71,71,71,71,71,71,71,71,71,71,71,71,71,71,71,71,71,71,71,71,71],"relic_stats":{"counters":[11,42],"Black Star":0,"obtain_stats":[{"DataDisk":0,"Anchor":6,"Lantern":8,"Black Star":17,"Red Mask":19,"Cracked Core":0,"WarpedTongs":20},{"DataDisk":0,"Anchor":5,"Lantern":6,"Black Star":8,"Red Mask":10,"Cracked Core":0,"WarpedTongs":10},{"DataDisk":0,"Anchor":17,"Lantern":23,"Black Star":35,"Red Mask":40,"Cracked Core":0,"WarpedTongs":40}],"WarpedTongs":[2]},"card_choices":[{"not_picked":["Hologram","Chill"],"picked":"Chaos","floor":1.0},{"not_picked":["Turbo","Hologram"],"picked":"Melter","floor":2.0},{"not_picked":["Double Energy","Heatsinks"],"picked":"Ball Lightning","floor":4.0},{"not_picked":["Ball Lightning","Leap"],"picked":"Static Discharge","floor":5.0},{"not_picked":["Static Discharge","Go for the Eyes"],"picked":"Leap","floor":6.0},{"not_picked":["Leap","Compile Driver","Ball Lightning"],"picked":"SKIP","floor":8.0},{"not_picked":["Meteor Strike","Barrage"],"picked":"Defragment","floor":11.0},{"not_picked":["Reboot","Meteor Strike"],"picked":"Amplify","floor":16.0},{"not_picked":["Leap","Hello World"],"picked":"BootSequence","floor":19}],"player_experience":2280176,"relics_obtained":[{"floor":6.0,"key":"Anchor"},{"floor":8.0,"key":"Lantern"},{"floor":19,"key":"Red Mask"}],"event_choices":[{"damage_healed":0.0,"max_hp_gain":0.0,"max_hp_loss":0.0,"gold_gain":0.0,"event_name":"Living Wall","player_choice":"Grow","floor":10.0,"gold_loss":0.0,"damage_taken":0.0,"cards_upgraded":["Zap"]},{"damage_healed":0.0,"max_hp_gain":0.0,"max_hp_loss":0.0,"gold_gain":0.0,"event_name":"World of Goop","player_choice":"Left Gold","floor":14.0,"gold_loss":26.0,"damage_taken":0.0},{"damage_healed":0,"gold_gain":0,"player_choice":"Fought Bandits","damage_taken":0,"max_hp_gain":0,"max_hp_loss":0,"event_name":"Masked Bandits","floor":19,"gold_loss":0},{"damage_healed":0,"gold_gain":0,"player_choice":"Rummage","damage_taken":0,"relics_obtained":["WarpedTongs"],"max_hp_gain":0,"max_hp_loss":0,"event_name":"Accursed Blacksmith","floor":20,"gold_loss":0,"cards_obtained":["Pain"]}],"is_beta":false,"boss_relics":[{"not_picked":["Runic Dome","Ectoplasm"],"picked":"Black Star"}],"items_purged_floors":[3,13],"is_endless":false,"potions_floor_spawned":[1,5,8,16],"killed_by":"3 Byrds","ascension_level":20}}