{"host":"2j7k79oxv8es4yqd","time":1613363935,"event":{"mods":["BaseMod","Minty Spire (QoL Compilation)","Permanent Neow","StSLib"],"gold_per_floor":[112,112,112,129,129,129,148,148,148,173,123,123,143,170,170,269,269,287,304,304,304,304,304,35,50,50,82,82,95,114,132,132,231,231,248,265,93,105,152,152,152],"floor_reached":40,"language":"ZHT","playtime":3265,"items_purged":["Outmaneuver"],"score":466,"play_id":"aef7356c-90db-4e87-9012-b29aff689e86","local_time":"20210215123855","is_ascension_mode":false,"campfire_choices":[{"floor":6,"key":"RECALL"},{"floor":12,"key":"REST"},{"data":"Footwork","floor":15,"key":"SMITH"},{"data":"Footwork","floor":23,"key":"SMITH"},{"data":"Caltrops","floor":28,"key":"SMITH"},{"data":"Predator","floor":32,"key":"SMITH"}],"circlet_count":0,"master_deck":["Survivor","Adrenaline","Corpse Explosion","Footwork+1","Footwork+1","Predator+1","Caltrops+1","Flame Barrier","Self Repair","Masterful Stab","Envenom","Dagger Spray","Setup","Accuracy","Infinite Blades","Escape Plan","Cloak And Dagger","Dash","Bouncing Flask+1","Evaluate"],"relics":["Snecko Eye","Mummified Hand","Strawberry","Tiny Chest","Kunai","Velvet Choker","InkBottle","PrismaticShard","Vajra","Pandora\u0027s Box","Ice Cream"],"acts_visited":["Exordium","TheCity","TheBeyond"],"potions_floor_usage":[10,14,16,33,40],"damage_taken":[{"damage":6,"enemies":"2 Louse","floor":1,"turns":4},{"damage":0,"enemies":"Cultist","floor":4,"turns":3},{"damage":0,"enemies":"Jaw Worm","floor":7,"turns":6},{"damage":33,"enemies":"3 Sentries","floor":10,"turns":15},{"damage":1,"enemies":"Exordium Wildlife","floor":13,"turns":3},{"damage":22,"enemies":"Lagavulin","floor":14,"turns":4},{"damage":31,"enemies":"The Guardian","floor":16,"turns":11},{"damage":0,"enemies":"Shell Parasite","floor":18,"turns":8},{"damage":0,"enemies":"Chosen","floor":19,"turns":8},{"damage":13,"enemies":"3 Cultists","floor":25,"turns":4},{"damage":0,"enemies":"Slavers","floor":27,"turns":3},{"damage":0,"enemies":"Centurion and Healer","floor":29,"turns":6},{"damage":0,"enemies":"Snecko","floor":30,"turns":6},{"damage":9,"enemies":"Sentry and Sphere","floor":31,"turns":6},{"damage":16,"enemies":"Automaton","floor":33,"turns":11},{"damage":4,"enemies":"Orb Walker","floor":35,"turns":3},{"damage":30,"enemies":"3 Darklings","floor":36,"turns":3},{"damage":0,"enemies":"Transient","floor":38,"turns":5},{"damage":53,"enemies":"2 Orb Walkers","floor":39,"turns":4},{"damage":39,"enemies":"Reptomancer","floor":40,"turns":3}],"seed_played":"7244770697015899748","potions_obtained":[{"floor":1,"key":"GhostInAJar"},{"floor":13,"key":"DuplicationPotion"},{"floor":14,"key":"Dexterity Potion"},{"floor":16,"key":"CunningPotion"},{"floor":25,"key":"Dexterity Potion"},{"floor":29,"key":"Dexterity Potion"},{"floor":31,"key":"BlessingOfTheForge"},{"floor":33,"key":"CultistPotion"}],"is_trial":false,"path_per_floor":["M","?","?","M","T","R","M","$","T","E","?","R","M","E","R","B",null,"M","M","?","?","T","R","$","M","T","E","R","M","M","M","R","B",null,"M","M","$","M","?","E"],"character_chosen":"THE_SILENT","items_purchased":["Predator","Caltrops","PrismaticShard","Cloak And Dagger","Dash"],"campfire_rested":1,"item_purchase_floors":[24,24,24,37,37],"current_hp_per_floor":[64,64,64,64,64,64,64,64,71,38,38,61,60,38,38,7,77,77,77,77,77,77,77,77,64,64,64,64,64,71,69,69,60,77,77,54,54,61,15,0,0],"gold":152,"neow_bonus":"BOSS_RELIC","is_daily":false,"chose_seed":false,"campfire_upgraded":4,"win_rate":0.0,"timestamp":1613363935,"path_taken":["M","?","?","?","?","R","M","$","T","E","?","R","M","E","R","BOSS","M","M","?","?","?","R","?","?","T","E","R","M","M","M","R","BOSS","M","M","$","M","?","E"],"items_purchased_type":["Card","Card","Relic","Card","Card"],"build_version":"2020-12-22","purchased_purges":1,"victory":false,"max_hp_per_floor":[70,70,70,70,70,70,70,70,77,77,77,77,77,77,77,77,77,77,77,77,77,77,77,77,77,77,77,77,77,77,77,77,77,77,77,77,77,77,77,77,77],"card_choices":[{"not_picked":["Noxious Fumes","Poisoned Stab","Sucker Punch"],"picked":"SKIP","floor":1},{"not_picked":["Infinite Blades","Dagger Spray","Poisoned Stab"],"picked":"SKIP","floor":4},{"not_picked":["Deflect","Blur","Quick Slash"],"picked":"SKIP","floor":7},{"not_picked":["Dagger Throw","Setup"],"picked":"Corpse Explosion","floor":10},{"not_picked":["Concentrate","Backstab","Backflip"],"picked":"SKIP","floor":13},{"not_picked":["Cloak And Dagger","Deadly Poison"],"picked":"Footwork","floor":14},{"not_picked":["Slice","Cloak And Dagger","Deflect"],"picked":"SKIP","floor":18},{"not_picked":["Dagger Throw","Accuracy","Outmaneuver"],"picked":"SKIP","floor":19},{"not_picked":["Havoc","Shrug It Off"],"picked":"Flame Barrier","floor":25},{"not_picked":["Havoc","Coolheaded","Second Wind"],"picked":"SKIP","floor":27},{"not_picked":["Reinforced Body","CrushJoints+1"],"picked":"Self Repair","floor":29},{"not_picked":["Nirvana","Acrobatics","Genetic Algorithm+1"],"picked":"SKIP","floor":30},{"not_picked":["WreathOfFlame+1","Cold Snap","Iron Wave"],"picked":"SKIP","floor":31},{"not_picked":["Spot Weakness","Barrage","Sword Boomerang+1"],"picked":"SKIP","floor":35},{"not_picked":["Prepared","Dagger Spray+1","Outmaneuver+1"],"picked":"SKIP","floor":36},{"not_picked":["Leap","Warcry"],"picked":"Bouncing Flask+1","floor":38},{"not_picked":["Clash+1","Flex+1"],"picked":"Evaluate","floor":39}],"player_experience":544293,"relics_obtained":[{"floor":5,"key":"Mummified Hand"},{"floor":9,"key":"Strawberry"},{"floor":10,"key":"Tiny Chest"},{"floor":14,"key":"Kunai"},{"floor":22,"key":"InkBottle"},{"floor":27,"key":"Vajra"},{"floor":39,"key":"Ice Cream"}],"event_choices":[{"damage_healed":0,"gold_gain":0,"cards_transformed":["Neutralize"],"player_choice":"Change","damage_taken":0,"max_hp_gain":0,"max_hp_loss":0,"event_name":"Living Wall","floor":2,"gold_loss":0,"cards_obtained":["Adrenaline"]},{"cards_removed":["Defend_G"],"damage_healed":0,"gold_gain":0,"player_choice":"Purged","damage_taken":0,"max_hp_gain":0,"max_hp_loss":0,"event_name":"Purifier","floor":3,"gold_loss":0},{"cards_removed":["Strike_G"],"damage_healed":0,"gold_gain":0,"player_choice":"Card Removal","damage_taken":0,"max_hp_gain":0,"max_hp_loss":0,"event_name":"The Cleric","floor":11,"gold_loss":50},{"damage_healed":0,"gold_gain":0,"player_choice":"Read","damage_taken":0,"max_hp_gain":0,"max_hp_loss":0,"event_name":"The Library","floor":20,"gold_loss":0,"cards_obtained":["Footwork"]},{"damage_healed":0,"gold_gain":0,"player_choice":"Bought 0 Potions","damage_taken":0,"max_hp_gain":0,"max_hp_loss":0,"event_name":"The Woman in Blue","floor":21,"gold_loss":0},{"damage_healed":0,"gold_gain":0,"player_choice":"Fight","damage_taken":0,"max_hp_gain":0,"max_hp_loss":0,"event_name":"Mysterious Sphere","floor":39,"gold_loss":0}],"is_beta":false,"boss_relics":[{"not_picked":["HoveringKite","WristBlade"],"picked":"Velvet Choker"},{"not_picked":["Fusion Hammer","Sozu"],"picked":"Pandora\u0027s Box"}],"items_purged_floors":[37],"is_endless":false,"potions_floor_spawned":[1,13,14,16,25,29,31,33,35,36],"killed_by":"Reptomancer","ascension_level":0}}