{"host":"d52brwsy6af8zvaq","time":1613356770,"event":{"mods":["AchievementEnabler","BaseMod","Bestiary","Highlight Path","Minty Spire (QoL Compilation)","Quick Restart","Relic Stats","ojb\u0027s Better Paths Mod"],"gold_per_floor":[111,111,34,45,64,64,92,92,92,68,68,86,86,118,118,195,195,208,44,57,57,57,57],"floor_reached":22,"language":"ENG","playtime":635,"items_purged":[],"score":388,"play_id":"54fbb4d3-b7e1-41b8-8250-62cfd29f9717","local_time":"20210214193930","is_ascension_mode":true,"campfire_choices":[{"data":"Coolheaded","floor":6.0,"key":"SMITH"},{"data":"Storm","floor":8.0,"key":"SMITH"},{"data":"Ball Lightning","floor":13.0,"key":"SMITH"},{"data":"Consume","floor":15.0,"key":"SMITH"}],"circlet_count":0,"master_deck":["AscendersBane","Strike_B","Defend_B","Defend_B","Defend_B","Defend_B","Zap+1","Dualcast","FTL","Self Repair","Storm+1","Coolheaded+1","White Noise","Ball Lightning+1","Conserve Battery","Consume+1","Rainbow","Fusion+1","Fusion+1","Rainbow+1","Sunder","Capacitor","Stack+1"],"relics":["Cracked Core","White Beast Statue","Matryoshka","Prayer Wheel","Membership Card","Nloth\u0027s Gift"],"acts_visited":["Exordium","TheCity"],"potions_floor_usage":[20],"damage_taken":[{"damage":6.0,"enemies":"2 Louse","floor":1.0,"turns":3.0},{"damage":0.0,"enemies":"Cultist","floor":4.0,"turns":3.0},{"damage":2.0,"enemies":"Jaw Worm","floor":5.0,"turns":3.0},{"damage":31.0,"enemies":"Gremlin Nob","floor":7.0,"turns":4.0},{"damage":20.0,"enemies":"Exordium Thugs","floor":10.0,"turns":4.0},{"damage":8.0,"enemies":"Red Slaver","floor":12.0,"turns":3.0},{"damage":6.0,"enemies":"Lagavulin","floor":14.0,"turns":5.0},{"damage":27.0,"enemies":"Hexaghost","floor":16.0,"turns":9.0},{"damage":28.0,"enemies":"Shell Parasite","floor":18.0,"turns":4.0},{"damage":22,"enemies":"2 Thieves","floor":20,"turns":2},{"damage":28,"enemies":"Snake Plant","floor":22,"turns":2}],"seed_played":"5788149692503012346","potions_obtained":[{"floor":1.0,"key":"Block Potion"},{"floor":5.0,"key":"EssenceOfDarkness"},{"floor":7.0,"key":"Weak Potion"},{"floor":12.0,"key":"FocusPotion"},{"floor":16.0,"key":"AttackPotion"},{"floor":18.0,"key":"PowerPotion"},{"floor":20,"key":"Strength Potion"}],"is_trial":false,"path_per_floor":["M","?","$","M","M","R","E","R","T","M","?","M","R","E","R","B",null,"M","$","M","?","M"],"character_chosen":"DEFECT","items_purchased":["Self Repair","Membership Card"],"campfire_rested":0,"item_purchase_floors":[3,19],"current_hp_per_floor":[65,65,65,72,77,77,53,53,53,33,38,37,37,38,38,18,67,46,46,24,24,0,0],"gold":57,"neow_bonus":"TEN_PERCENT_HP_BONUS","is_daily":false,"chose_seed":false,"campfire_upgraded":4,"win_rate":0.0,"timestamp":1613356770,"path_taken":["M","?","?","M","M","R","E","R","T","M","?","M","R","E","R","BOSS","M","$","M","?","?"],"items_purchased_type":["Card","Relic"],"build_version":"2020-12-22","purchased_purges":0,"victory":false,"max_hp_per_floor":[78,78,78,78,78,78,78,78,78,78,83,83,83,83,83,83,83,83,83,83,83,83,83],"relic_stats":{"counters":[11,42],"Prayer Wheel":2,"Nloth\u0027s Gift":0,"obtain_stats":[{"Matryoshka":9,"Astrolabe":17,"Prayer Wheel":14,"Nloth\u0027s Gift":21,"Membership Card":19,"Cracked Core":0,"White Beast Statue":7},{"Matryoshka":4,"Astrolabe":8,"Prayer Wheel":7,"Nloth\u0027s Gift":10,"Membership Card":9,"Cracked Core":0,"White Beast Statue":4},{"Matryoshka":13,"Astrolabe":34,"Prayer Wheel":25,"Nloth\u0027s Gift":40,"Membership Card":38,"Cracked Core":0,"White Beast Statue":13}]},"card_choices":[{"not_picked":["Redo","Stack"],"picked":"FTL","floor":1.0},{"not_picked":["Self Repair","Stack","Storm"],"picked":"SKIP","floor":4.0},{"not_picked":["Self Repair","Stack"],"picked":"Storm","floor":4.0},{"not_picked":["Loop","Reinforced Body"],"picked":"Coolheaded","floor":5.0},{"not_picked":["Blizzard","Hello World"],"picked":"White Noise","floor":7.0},{"not_picked":["Rebound","Scrape"],"picked":"Ball Lightning","floor":10.0},{"not_picked":["White Noise","Go for the Eyes"],"picked":"Conserve Battery","floor":12.0},{"not_picked":["Chill","Recycle"],"picked":"Consume","floor":14.0},{"not_picked":["Multi-Cast","Reboot"],"picked":"Rainbow","floor":16.0},{"not_picked":["Cold Snap","Go for the Eyes"],"picked":"Sunder","floor":18.0},{"not_picked":["Rebound","Go for the Eyes","Sweeping Beam"],"picked":"SKIP","floor":18.0},{"not_picked":["Ball Lightning","Barrage"],"picked":"Capacitor","floor":20},{"not_picked":["Cold Snap","Sweeping Beam"],"picked":"Stack+1","floor":20}],"player_experience":2268549,"relics_obtained":[{"floor":7.0,"key":"White Beast Statue"},{"floor":9.0,"key":"Matryoshka"},{"floor":14.0,"key":"Prayer Wheel"}],"event_choices":[{"damage_healed":0.0,"max_hp_gain":0.0,"max_hp_loss":0.0,"gold_gain":0.0,"event_name":"Upgrade Shrine","player_choice":"Upgraded","floor":2.0,"gold_loss":0.0,"damage_taken":0.0,"cards_upgraded":["Zap"]},{"damage_healed":0.0,"max_hp_gain":5.0,"max_hp_loss":0.0,"gold_gain":0.0,"event_name":"Big Fish","player_choice":"Donut","floor":11.0,"gold_loss":0.0,"damage_taken":0.0},{"damage_healed":0,"gold_gain":0,"player_choice":"Traded Relic","damage_taken":0,"relics_obtained":["Nloth\u0027s Gift"],"max_hp_gain":0,"max_hp_loss":0,"event_name":"N\u0027loth","floor":21,"relics_lost":["Astrolabe"],"gold_loss":0}],"is_beta":false,"boss_relics":[{"not_picked":["Nuclear Battery","Runic Pyramid"],"picked":"Astrolabe"}],"items_purged_floors":[],"is_endless":false,"potions_floor_spawned":[1,5,7,10,12,14,16,18,20],"killed_by":"Snake Plant","ascension_level":20}}