{"host":"ftf7rwqr5w72pdsx","time":1613354864,"event":{"mods":["BaseMod","Bestiary","Minty Spire (QoL Compilation)","Relic Stats","Slay the Relics Exporter"],"gold_per_floor":[110,110,124,143,162,162,162,162,188,188,219,244,263,263,263,263,263],"floor_reached":16,"language":"ENG","playtime":507,"items_purged":[],"score":155,"play_id":"fde2a1ac-ec9c-4546-8658-11a80389ccd3","local_time":"20210214200744","is_ascension_mode":true,"campfire_choices":[{"data":"Fusion","floor":6,"key":"SMITH"},{"data":"Coolheaded","floor":8,"key":"SMITH"},{"floor":10,"key":"REST"},{"data":"Reinforced Body","floor":15,"key":"SMITH"}],"circlet_count":0,"master_deck":["AscendersBane","Strike_B","Strike_B","Strike_B","Defend_B","Defend_B","Defend_B","Defend_B","Zap+1","Dualcast","Fusion+1","Fusion+1","Electrodynamics","Coolheaded+1","Reinforced Body+1","Coolheaded","Leap"],"relics":["Cracked Core","Anchor","PreservedInsect","MealTicket","Odd Mushroom","Nunchaku"],"acts_visited":["Exordium"],"potions_floor_usage":[16],"damage_taken":[{"damage":0,"enemies":"2 Louse","floor":1,"turns":2},{"damage":0,"enemies":"Cultist","floor":3,"turns":3},{"damage":1,"enemies":"Jaw Worm","floor":4,"turns":4},{"damage":10,"enemies":"Large Slime","floor":5,"turns":4},{"damage":36,"enemies":"Gremlin Nob","floor":11,"turns":4},{"damage":0,"enemies":"The Mushroom Lair","floor":12,"turns":2},{"damage":0,"enemies":"3 Louse","floor":13,"turns":3},{"damage":27,"enemies":"Hexaghost","floor":16,"turns":10}],"seed_played":"-3438994255043265873","potions_obtained":[{"floor":1,"key":"Dexterity Potion"},{"floor":4,"key":"GamblersBrew"},{"floor":12,"key":"EssenceOfSteel"},{"floor":13,"key":"Swift Potion"}],"is_trial":false,"path_per_floor":["M","?","M","M","M","R","?","R","T","R","E","?","M","T","R","B"],"character_chosen":"DEFECT","items_purchased":[],"campfire_rested":1,"item_purchase_floors":[],"current_hp_per_floor":[68,53,53,52,42,42,35,35,35,57,21,21,21,21,21,0,0],"gold":263,"neow_bonus":"RANDOM_COMMON_RELIC","is_daily":false,"chose_seed":false,"campfire_upgraded":3,"win_rate":0.0,"timestamp":1613354864,"path_taken":["M","?","M","M","M","R","?","R","T","R","E","?","M","?","R","BOSS"],"items_purchased_type":[],"build_version":"2020-12-22","purchased_purges":0,"victory":false,"max_hp_per_floor":[75,75,75,75,75,75,75,75,75,75,75,75,75,75,75,75,75],"relic_stats":{"Nunchaku":[0],"counters":[8,32],"MealTicket":0,"PreservedInsect":23,"obtain_stats":[{"Anchor":0,"Nunchaku":14,"MealTicket":11,"PreservedInsect":9,"Odd Mushroom":12,"Cracked Core":0},{"Anchor":0,"Nunchaku":7,"MealTicket":5,"PreservedInsect":4,"Odd Mushroom":6,"Cracked Core":0},{"Anchor":0,"Nunchaku":22,"MealTicket":17,"PreservedInsect":13,"Odd Mushroom":19,"Cracked Core":0}]},"card_choices":[{"not_picked":["Reinforced Body","Compile Driver"],"picked":"Fusion","floor":1},{"not_picked":["Stack","Steam"],"picked":"Fusion","floor":3},{"not_picked":["Steam Power","Rebound"],"picked":"Electrodynamics","floor":4},{"not_picked":["Sweeping Beam","Heatsinks"],"picked":"Coolheaded","floor":5},{"not_picked":["Rip and Tear","Gash"],"picked":"Reinforced Body","floor":11},{"not_picked":["Recycle","Storm"],"picked":"Coolheaded","floor":12},{"not_picked":["Hologram","Beam Cell"],"picked":"Leap","floor":13}],"player_experience":814367,"relics_obtained":[{"floor":9,"key":"PreservedInsect"},{"floor":11,"key":"MealTicket"},{"floor":12,"key":"Odd Mushroom"},{"floor":14,"key":"Nunchaku"}],"event_choices":[{"damage_healed":0,"gold_gain":0,"player_choice":"Entered Light","damage_taken":15,"max_hp_gain":0,"max_hp_loss":0,"event_name":"Shining Light","floor":2,"gold_loss":0,"cards_upgraded":["Fusion","Zap"]},{"cards_removed":["Strike_B"],"damage_healed":0,"gold_gain":0,"player_choice":"Card Removal","damage_taken":7,"max_hp_gain":0,"max_hp_loss":0,"event_name":"Golden Wing","floor":7,"gold_loss":0},{"damage_healed":0,"gold_gain":0,"player_choice":"Fought Mushrooms","damage_taken":0,"max_hp_gain":0,"max_hp_loss":0,"event_name":"Mushrooms","floor":12,"gold_loss":0}],"is_beta":false,"boss_relics":[],"items_purged_floors":[],"is_endless":false,"potions_floor_spawned":[1,4,12,13],"killed_by":"Hexaghost","ascension_level":11}}