{"host":"d5i1qeb9dejicw1z","time":1613433327,"event":{"mods":["AchievementEnabler","BaseMod","Better Note","BetterRewards","Evolution","Gold Saver","Minty Spire (QoL Compilation)","Permanent Neow","Relic Filter Mod","Reliquary","StSLib"],"gold_per_floor":[213,53,53,14,24,24,40,67,67,81,81,81,106,121,121,196,196,213,54,71,71,71,100,100,114,114,29,29,29],"floor_reached":28,"language":"ENG","playtime":976,"items_purged":["Defend_G"],"score":522,"play_id":"b0605cc8-10b6-4253-a0a5-6bea2646d25f","local_time":"20210215155527","is_ascension_mode":true,"campfire_choices":[{"data":"Cloak And Dagger","floor":6,"key":"SMITH"},{"data":"Terror","floor":15,"key":"SMITH"},{"floor":24,"key":"REST"}],"circlet_count":0,"master_deck":["AscendersBane","Strike_G","Strike_G+1","Strike_G","Strike_G","Strike_G","Defend_G+1","Defend_G","Defend_G","Defend_G","Survivor","Neutralize","Accuracy","Infinite Blades","Cloak And Dagger+1","Backflip","Blade Dance","Terror+1","Infinite Blades"],"relics":["Ring of the Snake","EVO:Axolotl","Membership Card","reliquary:Boomerang","StrikeDummy","reliquary:PartyBalloon","SlaversCollar","TwistedFunnel","Bag of Preparation","Blood Vial","Incense Burner"],"acts_visited":["Exordium","TheCity"],"potions_floor_usage":[10,10,13,20,23,23,25],"damage_taken":[{"damage":13,"enemies":"Small Slimes","floor":1,"turns":6},{"damage":1,"enemies":"Cultist","floor":5,"turns":4},{"damage":0,"enemies":"2 Louse","floor":7,"turns":4},{"damage":5,"enemies":"Exordium Thugs","floor":10,"turns":4},{"damage":0,"enemies":"Gremlin Nob","floor":13,"turns":2},{"damage":0,"enemies":"3 Louse","floor":14,"turns":3},{"damage":12,"enemies":"Hexaghost","floor":16,"turns":7},{"damage":0,"enemies":"Chosen","floor":18,"turns":5},{"damage":11,"enemies":"Shell Parasite","floor":20,"turns":4},{"damage":28,"enemies":"Slavers","floor":23,"turns":6},{"damage":10,"enemies":"Centurion and Healer","floor":25,"turns":6},{"damage":35,"enemies":"Shelled Parasite and Fungi","floor":28,"turns":2}],"seed_played":"-1167865797267923965","potions_obtained":[{"floor":1,"key":"Poison Potion"},{"floor":5,"key":"ColorlessPotion"},{"floor":10,"key":"PowerPotion"},{"floor":14,"key":"SpeedPotion"},{"floor":18,"key":"Ancient Potion"},{"floor":22,"key":"DuplicationPotion"},{"floor":23,"key":"SpeedPotion"}],"is_trial":false,"path_per_floor":["M","$","?","$","M","R","M","T","T","M","?","?","E","M","R","B",null,"M","$","M","?","?","E","R","M","T","?","M"],"character_chosen":"THE_SILENT","items_purchased":["Membership Card","Infinite Blades","Infinite Blades","TwistedFunnel"],"campfire_rested":1,"item_purchase_floors":[2,4,19,19],"current_hp_per_floor":[46,46,66,66,65,65,65,65,65,60,60,40,40,40,40,28,57,57,57,46,46,46,18,37,27,27,27,0,0],"gold":29,"neow_bonus":"HUNDRED_GOLD","is_daily":false,"chose_seed":false,"campfire_upgraded":2,"win_rate":0.0,"timestamp":1613433327,"path_taken":["M","$","?","$","M","R","?","?","T","M","?","?","E","M","R","BOSS","M","$","M","?","?","E","R","?","T","?","M"],"items_purchased_type":["Relic","Card","Card","Relic"],"build_version":"2020-12-22","purchased_purges":1,"victory":false,"max_hp_per_floor":[66,66,66,66,66,66,66,66,66,66,66,66,66,66,66,66,66,66,66,66,66,66,66,66,66,66,66,66,66],"card_choices":[{"not_picked":["Deadly Poison","Endless Agony"],"picked":"Accuracy","floor":1},{"not_picked":["Expertise","Deadly Poison"],"picked":"Cloak And Dagger","floor":5},{"not_picked":["Bane","All Out Attack"],"picked":"Backflip","floor":7},{"not_picked":["PiercingWail","Choke"],"picked":"Blade Dance","floor":10},{"not_picked":["Finisher","Night Terror"],"picked":"Terror","floor":13},{"not_picked":["Slice","Calculated Gamble","Predator"],"picked":"SKIP","floor":14},{"not_picked":["PiercingWail","Prepared","Endless Agony+1"],"picked":"SKIP","floor":18},{"not_picked":["Leg Sweep","Crippling Poison","Underhanded Strike"],"picked":"SKIP","floor":20},{"not_picked":["Bane","Acrobatics","Envenom"],"picked":"SKIP","floor":23},{"not_picked":["Poisoned Stab","Sucker Punch","PiercingWail+1"],"picked":"SKIP","floor":25}],"player_experience":1271349,"relics_obtained":[{"floor":8,"key":"reliquary:Boomerang"},{"floor":9,"key":"StrikeDummy"},{"floor":13,"key":"reliquary:PartyBalloon"},{"floor":23,"key":"Bag of Preparation"},{"floor":26,"key":"Blood Vial"}],"event_choices":[{"damage_healed":20,"gold_gain":0,"player_choice":"Full Heal","damage_taken":0,"max_hp_gain":0,"max_hp_loss":0,"event_name":"Wheel of Change","floor":3,"gold_loss":0},{"damage_healed":0,"gold_gain":0,"player_choice":"Ignored","damage_taken":0,"max_hp_gain":0,"max_hp_loss":0,"event_name":"Golden Idol","floor":11,"gold_loss":0},{"damage_healed":0,"gold_gain":0,"player_choice":"Entered Light","damage_taken":20,"max_hp_gain":0,"max_hp_loss":0,"event_name":"Shining Light","floor":12,"gold_loss":0,"cards_upgraded":["Defend_G","Strike_G"]},{"damage_healed":0,"gold_gain":0,"player_choice":"Ignored","damage_taken":0,"max_hp_gain":0,"max_hp_loss":0,"event_name":"betterNote:BetterNote","floor":21,"gold_loss":0,"cards_obtained":["Echo Form"]},{"damage_healed":0,"gold_gain":0,"player_choice":"Got Potions","damage_taken":0,"max_hp_gain":0,"max_hp_loss":0,"event_name":"Lab","floor":22,"gold_loss":0},{"damage_healed":0,"gold_gain":0,"player_choice":"Obtained Relic","damage_taken":0,"relics_obtained":["Incense Burner"],"max_hp_gain":0,"max_hp_loss":0,"event_name":"Addict","floor":27,"gold_loss":85}],"is_beta":false,"boss_relics":[{"not_picked":["SacredBark","Empty Cage"],"picked":"SlaversCollar"}],"items_purged_floors":[19],"is_endless":false,"potions_floor_spawned":[1,5,10,14,18,23],"killed_by":"Shelled Parasite and Fungi","ascension_level":20}}