{"host":"y2nx07t75db4hs5p","time":1613366988,"event":{"mods":["Act Like it!","BaseMod","Gensokyo","Lobotomy","LobotomyExtend","Minty Spire (QoL Compilation)","StSLib"],"gold_per_floor":[112,6,6,24,36,36,55,55,74,149,149,180,197,197,197,162,162,187,187,187],"floor_reached":13,"language":"ZHS","playtime":790,"items_purged":[],"score":97,"play_id":"6156ec66-646d-463b-a26a-95030951c65d","local_time":"20210215132948","is_ascension_mode":false,"campfire_choices":[{"floor":8,"key":"REST"}],"circlet_count":0,"master_deck":["SpecialBullet","SpecialBullet","SpecialBullet","SpecialBullet","SpecialBullet","SpecialBullet","SpecialBullet","SpecialBullet","CentralCode","DisciplinaryCode","WelfareCode","Lamp+8","Laetitia_ego","Adoration","PunishingBird","Moonlight","Christmas+1","LongBird"],"relics":["CogitoBucket","NeowsBlessing","LetterFromLob","Frozen Egg 2","HellTrain","Ancient Tea Set"],"acts_visited":["Gensokyo:Gensokyo"],"potions_floor_usage":[7],"damage_taken":[{"damage":0,"enemies":"Gensokyo:2_Kodama","floor":1,"turns":1},{"damage":0,"enemies":"Gensokyo:Python","floor":4,"turns":1},{"damage":0,"enemies":"Gensokyo:Gryphon","floor":5,"turns":1},{"damage":30,"enemies":"Jaw Worm","floor":1,"turns":14},{"damage":0,"enemies":"Small Slimes","floor":3,"turns":3},{"damage":4,"enemies":"Gremlin Nob","floor":6,"turns":4},{"damage":27,"enemies":"2 Louse","floor":7,"turns":11},{"damage":18,"enemies":"3 Sentries","floor":12,"turns":4},{"damage":25,"enemies":"Gremlin Gang","floor":13,"turns":2}],"seed_played":"-256811851120247887","potions_obtained":[{"floor":1,"key":"PowerPotion"},{"floor":1,"key":"SkillPotion"},{"floor":7,"key":"Dexterity Potion"}],"is_trial":false,"path_per_floor":["M","$","?","M","M","R","?","M","$","M","?","$","E","M","R","T","?","$","E","M"],"character_chosen":"Angela","items_purchased":["Lamp","Laetitia_ego"],"campfire_rested":1,"item_purchase_floors":[2,2],"current_hp_per_floor":[70,70,70,70,70,70,44,44,44,33,33,29,2,23,23,40,40,22,0,0],"gold":187,"neow_bonus":"THREE_ENEMY_KILL","is_daily":false,"chose_seed":false,"campfire_upgraded":0,"win_rate":0.0,"timestamp":1613366988,"path_taken":["M","?","?","M","M","R","?","M","$","M","?","$","E","M","R","T","?","?","E","?"],"items_purchased_type":["Card","Card"],"build_version":"2020-12-22","purchased_purges":0,"victory":false,"max_hp_per_floor":[70,70,70,70,70,70,70,70,70,70,70,70,70,70,70,70,70,70,70,70],"card_choices":[{"not_picked":["Regret_ego","SomewhereSpear"],"picked":"SKIP","floor":1},{"not_picked":["Soda"],"picked":"Adoration","floor":4},{"not_picked":["ShyLook","BlackSwan"],"picked":"PunishingBird","floor":5},{"not_picked":["Logging","Wingbeat"],"picked":"SKIP","floor":5},{"not_picked":["CherryBlossom","Harvest"],"picked":"SKIP","floor":1},{"not_picked":["Discord"],"picked":"Moonlight","floor":3},{"not_picked":["Beak"],"picked":"Christmas+1","floor":6},{"not_picked":["Harmony","Reverberation"],"picked":"SKIP","floor":7},{"not_picked":["Scorched","UniverseFragment"],"picked":"LongBird","floor":12},{"not_picked":["Harmony","Horn"],"picked":"SKIP","floor":12}],"player_experience":295403,"relics_obtained":[{"floor":1,"key":"LetterFromLob"},{"floor":1,"key":"LetterFromLob"},{"floor":6,"key":"Frozen Egg 2"},{"floor":12,"key":"Ancient Tea Set"}],"event_choices":[{"damage_healed":0,"gold_gain":75,"player_choice":"Gather Gold","damage_taken":11,"max_hp_gain":0,"max_hp_loss":0,"event_name":"World of Goop","floor":4,"gold_loss":0},{"damage_healed":17,"gold_gain":0,"player_choice":"Healed","damage_taken":0,"max_hp_gain":0,"max_hp_loss":0,"event_name":"The Cleric","floor":10,"gold_loss":35}],"is_beta":false,"boss_relics":[],"items_purged_floors":[],"is_endless":false,"potions_floor_spawned":[1,1,7],"killed_by":"Gremlin Gang","ascension_level":0}}