{"host":"11728qvdvolffudn","time":1613395572,"event":{"mods":["BaseMod","Block Reminder","Colored Powertips","Curses Come First","Custom Start","Displayed Cursed Tome","Highlight Path","Minty Spire (QoL Compilation)","Permanent Neow","Quick Restart","Rare Cards Sparkle","Relic Stats","StSLib","Weighted Paths"],"gold_per_floor":[118,142,160,172,25,25,57,73,125,139,139,64,64,89,89,193,243,259,285,384,309,323,323,323,323],"floor_reached":24,"language":"ENG","playtime":609,"items_purged":["Strike_R"],"score":233,"play_id":"e649518a-5e05-43f6-a806-75c388c8929d","local_time":"20210215132612","is_ascension_mode":true,"campfire_choices":[{"data":"Flex","floor":6,"key":"SMITH"},{"data":"Flex","floor":11,"key":"SMITH"},{"data":"Defend_R","floor":13,"key":"SMITH"},{"data":"Defend_R","floor":15,"key":"SMITH"},{"data":"Infernal Blade","floor":23,"key":"SMITH"}],"circlet_count":0,"master_deck":["Strike_R","Strike_R+1","Strike_R","Defend_R","Defend_R","Defend_R+1","Defend_R+1","Bash","Flex+1","Flex+1","Flex+1","Infernal Blade+1"],"relics":["Burning Blood","Champion Belt","Anchor","Brimstone","Darkstone Periapt","Bag of Marbles","Odd Mushroom","Tiny House","Red Mask"],"acts_visited":["Exordium","TheCity"],"potions_floor_usage":[7,16,18,18,18,24],"damage_taken":[{"damage":6,"enemies":"Cultist","floor":1,"turns":3},{"damage":11,"enemies":"Jaw Worm","floor":3,"turns":4},{"damage":0,"enemies":"2 Louse","floor":4,"turns":2},{"damage":19,"enemies":"Gremlin Nob","floor":7,"turns":3},{"damage":0,"enemies":"Looter","floor":8,"turns":2},{"damage":0,"enemies":"Exordium Wildlife","floor":10,"turns":2},{"damage":6,"enemies":"The Mushroom Lair","floor":14,"turns":4},{"damage":13,"enemies":"The Guardian","floor":16,"turns":6},{"damage":42,"enemies":"3 Byrds","floor":18,"turns":5},{"damage":40,"enemies":"Masked Bandits","floor":19,"turns":4},{"damage":0,"enemies":"Shell Parasite","floor":22,"turns":2},{"damage":25,"enemies":"Centurion and Healer","floor":24,"turns":4}],"seed_played":"-7703373436458128047","potions_obtained":[{"floor":1,"key":"SkillPotion"},{"floor":4,"key":"DistilledChaos"},{"floor":7,"key":"EssenceOfSteel"},{"floor":10,"key":"Weak Potion"},{"floor":17,"key":"Dexterity Potion"},{"floor":22,"key":"Ancient Potion"}],"is_trial":false,"path_per_floor":["M","T","M","M","$","R","E","M","T","M","R","$","R","?","R","B",null,"M","?","?","?","M","R","M"],"character_chosen":"IRONCLAD","items_purchased":["Brimstone"],"campfire_rested":0,"item_purchase_floors":[5],"current_hp_per_floor":[72,72,67,72,72,72,59,65,65,71,71,71,71,71,71,64,77,41,7,7,7,13,13,0,0],"gold":323,"neow_bonus":"ONE_RARE_RELIC","is_daily":false,"chose_seed":false,"campfire_upgraded":5,"win_rate":0.0,"timestamp":1613395572,"path_taken":["M","?","M","?","$","R","E","M","T","M","R","$","R","?","R","BOSS","M","?","?","?","M","R","?"],"items_purchased_type":["Relic"],"build_version":"2020-12-22","purchased_purges":1,"victory":false,"max_hp_per_floor":[72,72,72,72,72,72,72,72,72,72,72,72,72,72,72,72,77,77,77,77,77,77,77,77,77],"relic_stats":{"Darkstone Periapt":0,"counters":[12,41],"Champion Belt":[27],"obtain_stats":[{"Darkstone Periapt":7,"Anchor":2,"Tiny House":17,"Brimstone":5,"Bag of Marbles":9,"Red Mask":19,"Champion Belt":0,"Odd Mushroom":14,"Burning Blood":0},{"Darkstone Periapt":4,"Anchor":1,"Tiny House":8,"Brimstone":3,"Bag of Marbles":5,"Red Mask":10,"Champion Belt":0,"Odd Mushroom":7,"Burning Blood":0},{"Darkstone Periapt":12,"Anchor":3,"Tiny House":26,"Brimstone":9,"Bag of Marbles":14,"Red Mask":35,"Champion Belt":0,"Odd Mushroom":20,"Burning Blood":0}],"Burning Blood":65},"card_choices":[{"not_picked":["Power Through","Fire Breathing"],"picked":"Flex","floor":1},{"not_picked":["Power Through","Fire Breathing"],"picked":"Flex","floor":1},{"not_picked":["Bloodletting","True Grit","Anger"],"picked":"SKIP","floor":3},{"not_picked":["Fire Breathing","Perfected Strike","Body Slam"],"picked":"SKIP","floor":4},{"not_picked":["Feel No Pain","Armaments","Wild Strike"],"picked":"SKIP","floor":7},{"not_picked":["Thunderclap","Shrug It Off"],"picked":"Flex","floor":8},{"not_picked":["Perfected Strike","Entrench","Clash"],"picked":"SKIP","floor":10},{"not_picked":["Dark Embrace","Disarm"],"picked":"Infernal Blade","floor":18},{"not_picked":["Hemokinesis","Wild Strike","Pommel Strike+1"],"picked":"SKIP","floor":22}],"player_experience":212579,"relics_obtained":[{"floor":2,"key":"Anchor"},{"floor":7,"key":"Darkstone Periapt"},{"floor":9,"key":"Bag of Marbles"},{"floor":14,"key":"Odd Mushroom"},{"floor":19,"key":"Red Mask"}],"event_choices":[{"damage_healed":0,"gold_gain":0,"player_choice":"Fought Mushrooms","damage_taken":0,"max_hp_gain":0,"max_hp_loss":0,"event_name":"Mushrooms","floor":14,"gold_loss":0},{"damage_healed":0,"gold_gain":0,"player_choice":"Fought Bandits","damage_taken":0,"max_hp_gain":0,"max_hp_loss":0,"event_name":"Masked Bandits","floor":19,"gold_loss":0},{"damage_healed":0,"gold_gain":99,"player_choice":"Stole From Cult","damage_taken":0,"max_hp_gain":0,"max_hp_loss":0,"event_name":"Nest","floor":20,"gold_loss":0},{"cards_removed":["Strike_R"],"damage_healed":0,"gold_gain":0,"player_choice":"Gave Gold","damage_taken":0,"max_hp_gain":0,"max_hp_loss":0,"event_name":"Beggar","floor":21,"gold_loss":75}],"is_beta":false,"boss_relics":[{"not_picked":["Busted Crown","Pandora\u0027s Box"],"picked":"Tiny House"}],"items_purged_floors":[12],"is_endless":false,"potions_floor_spawned":[1,4,7,10,22],"killed_by":"Centurion and Healer","ascension_level":4}}