{"host":"8lvnnmfamkc2d31d","time":1613421963,"event":{"mods":["2.2 Compatiblity","Act Like it!","Arknights","BaseMod","Colored Map","Downfall","Minty Spire (QoL Compilation)","Relic Stats","StSLib"],"gold_per_floor":[110,128,128,12,12,40,40,60,60,89,108,134,99,111,111,212,212,222,222,222,240,339,339,339],"floor_reached":23,"language":"ENG","playtime":843,"items_purged":["ats:Defend"],"score":246,"play_id":"b1b9c591-1668-4ce2-9b35-ac1b976353d6","local_time":"20210215144603","is_ascension_mode":true,"campfire_choices":[{"data":"ats:Defend Order","floor":7,"key":"SMITH"},{"data":"ats:Phantom","floor":15,"key":"SMITH"}],"circlet_count":0,"master_deck":["ats:Strike C","ats:Strike G","ats:Strike S","ats:Strike V","ats:Armor Crushing Shot","ats:Defend","ats:Defend","ats:Emotion Absorption","ats:Serious Mode+1","ats:Hammer On","ats:Neurotoxin","ats:Defend Order+1","ats:Closed Bolt Burst Fire","ats:Explosion Area Strengthen","ats:Composite Medical Shells","ats:Phantom+1","ats:Dogmatic Field","ats:Consecutive Shot Auto","ats:Poison Spread"],"relics":["ats:Sanity","NeowsBlessing","ats:Originium","Mummified Hand","Lantern","ats:Ability Aura","Anchor","Cursed Key"],"acts_visited":["Exordium","TheCity"],"potions_floor_usage":[10,11,16,16],"damage_taken":[{"damage":0,"enemies":"2 Louse","floor":1,"turns":1},{"damage":0,"enemies":"Cultist","floor":2,"turns":1},{"damage":0,"enemies":"Lagavulin","floor":6,"turns":3},{"damage":7,"enemies":"Small Slimes","floor":8,"turns":3},{"damage":14,"enemies":"Gremlin Nob","floor":10,"turns":3},{"damage":8,"enemies":"Looter","floor":11,"turns":2},{"damage":18,"enemies":"Lagavulin","floor":12,"turns":4},{"damage":0,"enemies":"Large Slime","floor":14,"turns":2},{"damage":26,"enemies":"Hexaghost","floor":16,"turns":4},{"damage":31,"enemies":"Chosen","floor":18,"turns":5},{"damage":10,"enemies":"3 Byrds","floor":21,"turns":4},{"damage":27,"enemies":"Slavers","floor":23,"turns":2}],"seed_played":"3361073667093815668","potions_obtained":[{"floor":1,"key":"Slimebound:ThreeZeroPotion"},{"floor":8,"key":"champ:CounterPotion"},{"floor":11,"key":"SneckoOil"},{"floor":12,"key":"ColorlessPotion"},{"floor":14,"key":"hexamod:SoulburnPotion"},{"floor":18,"key":"SmokeBomb"}],"is_trial":false,"path_per_floor":["M","M","?","$","?","E","R","M","T","E","M","E","?","M","R","B",null,"M","?","?","M","?","E"],"character_chosen":"DOCTOR_CLASS","items_purchased":["ats:Neurotoxin"],"campfire_rested":0,"item_purchase_floors":[4],"current_hp_per_floor":[72,72,72,72,65,65,65,58,58,44,36,18,36,36,36,10,72,41,28,28,18,18,0,0],"gold":339,"neow_bonus":"THREE_ENEMY_KILL","is_daily":false,"chose_seed":false,"campfire_upgraded":2,"win_rate":0.0,"timestamp":1613421963,"path_taken":["M","M","?","?","?","E","R","M","T","E","M","E","?","M","R","BOSS","M","?","?","M","?","E"],"items_purchased_type":["Card"],"build_version":"2020-12-22","purchased_purges":1,"victory":false,"max_hp_per_floor":[72,72,72,72,72,72,72,72,72,72,72,72,72,72,72,72,72,72,77,77,77,77,77,77],"relic_stats":{"counters":[12,34],"Mummified Hand":[36],"Cursed Key":0,"obtain_stats":[{"ats:Ability Aura":10,"Lantern":9,"Anchor":12,"NeowsBlessing":0,"ats:Originium":6,"Mummified Hand":6,"ats:Sanity":0,"Cursed Key":17},{"ats:Ability Aura":5,"Lantern":4,"Anchor":7,"NeowsBlessing":0,"ats:Originium":3,"Mummified Hand":3,"ats:Sanity":0,"Cursed Key":9},{"ats:Ability Aura":11,"Lantern":8,"Anchor":17,"NeowsBlessing":0,"ats:Originium":5,"Mummified Hand":5,"ats:Sanity":0,"Cursed Key":23}]},"card_choices":[{"not_picked":["ats:Very Hot Blade","ats:Song Of Battle"],"picked":"ats:Serious Mode","floor":1},{"not_picked":["ats:Counter Healing Mode","ats:Support Order"],"picked":"ats:Hammer On","floor":2},{"not_picked":["ats:Curse Doll","ats:Sunburst"],"picked":"ats:Defend Order","floor":6},{"not_picked":["ats:Assault Order","ats:Very Hot Blade"],"picked":"ats:Closed Bolt Burst Fire","floor":8},{"not_picked":["ats:Revitalization","ats:Beaten Up"],"picked":"ats:Explosion Area Strengthen","floor":10},{"not_picked":["ats:Flexible Camouflage","ats:Absolute Focus"],"picked":"ats:Composite Medical Shells","floor":11},{"not_picked":["ats:Overload","ats:Automatic Cover","ats:Guardian Obelisk"],"picked":"SKIP","floor":12},{"not_picked":["ats:Very Hot Blade","ats:Hammer On"],"picked":"ats:Phantom","floor":14},{"not_picked":["ats:Durian","ats:Roar Of Ursus"],"picked":"ats:Dogmatic Field","floor":16},{"not_picked":["ats:Shadow Raid+1","ats:Guard Mode"],"picked":"ats:Consecutive Shot Auto","floor":18},{"not_picked":["ats:Red Shift","ats:Flexible Camouflage"],"picked":"ats:Poison Spread","floor":21}],"player_experience":506582,"relics_obtained":[{"floor":6,"key":"ats:Originium"},{"floor":6,"key":"Mummified Hand"},{"floor":9,"key":"Lantern"},{"floor":10,"key":"ats:Originium"},{"floor":10,"key":"ats:Ability Aura"},{"floor":12,"key":"ats:Originium"},{"floor":12,"key":"Anchor"}],"event_choices":[{"damage_healed":0,"gold_gain":0,"player_choice":"Forge","damage_taken":0,"max_hp_gain":0,"max_hp_loss":0,"event_name":"Accursed Blacksmith","floor":3,"gold_loss":0,"cards_upgraded":["ats:Serious Mode"]},{"cards_removed":["ats:Defend"],"damage_healed":0,"gold_gain":0,"player_choice":"Card Removal","damage_taken":7,"max_hp_gain":0,"max_hp_loss":0,"event_name":"Golden Wing","floor":5,"gold_loss":0},{"damage_healed":18,"gold_gain":0,"player_choice":"Healed","damage_taken":0,"max_hp_gain":0,"max_hp_loss":0,"event_name":"The Cleric","floor":13,"gold_loss":35},{"damage_healed":0,"gold_gain":0,"player_choice":"Shed Blood","damage_taken":18,"max_hp_gain":5,"max_hp_loss":0,"event_name":"Forgotten Altar","floor":19,"gold_loss":0},{"damage_healed":0,"gold_gain":99,"player_choice":"Stole From Cult","damage_taken":0,"max_hp_gain":0,"max_hp_loss":0,"event_name":"Nest","floor":22,"gold_loss":0}],"is_beta":false,"boss_relics":[{"not_picked":["Empty Cage","ats:Tactical Delivery"],"picked":"Cursed Key"}],"items_purged_floors":[4],"is_endless":false,"potions_floor_spawned":[1,8,11,12,14,18],"killed_by":"Slavers","ascension_level":1}}