{"host":"ln8zowmpyx5bxamj","time":1613422926,"event":{"mods":["Act Like it!","BaseMod","Colored Map","Conspire","Gensokyo","GifTheSpireLib","Hallownest","Hubris","Koishi","KomeijiMod","Marisa????????","Minty Spire (QoL Compilation)","Permanent Neow","Prisma Mod","Replay The Spire","StSLib","Uncapped","Yuyuko"],"gold_per_floor":[110,124,124,124,183,217,231,21,21,21,54,29,29,29,29,424,424,443,179,179,1,1,36,48,48,48,48,48,78,78,78,78,182,182,193,204,4,23,23,23,341,368,368,368,368,401,417,417,446,457,457,457],"floor_reached":53,"language":"ENG","playtime":4874,"items_purged":[],"score":787,"play_id":"28e9d74e-c311-4eee-89a6-3efc74a9ebcc","local_time":"20210215150206","is_ascension_mode":false,"campfire_choices":[{"data":"Calculated Gamble","floor":10,"key":"SMITH"},{"data":"Phantasmal Killer","floor":13,"key":"SMITH"},{"data":"hubris:SlightOfHand","floor":15,"key":"SMITH"},{"data":"Prepared","floor":28,"key":"SMITH"},{"floor":30,"key":"REST"},{"data":"Envenom","floor":32,"key":"SMITH"},{"data":"Prepared","floor":43,"key":"SMITH"},{"data":"Accuracy+1","floor":51,"key":"SMITH"}],"circlet_count":0,"master_deck":["Strike_G+1","Strike_G","Strike_G","Strike_G","Defend_G+1","Defend_G","Defend_G","Defend_G","Defend_G","Survivor","Neutralize","hubris:SlightOfHand+1","Hidden Blade","ReplayTheSpireMod:Scrap Shanks+1","Calculated Gamble+1","Accuracy+2","Phantasmal Killer+1","Cloak And Dagger","hubris:Envy","Prepared+1","Tactician","After Image+1","Envenom+1","Tools of the Trade+1","Prepared+1","A Thousand Cuts","Well Laid Plans+1"],"relics":["Snecko Scales","Gensokyo:NagashiBinaDoll","conspire:Dentures","conspire:InfiniteJournal","conspire:TreasureMap","Darkstone Periapt","hubris:TinFlute","HoveringKite","ReplayTheSpireMod:CursedCoin","HandDrill","Membership Card","Bag of Preparation","Thread and Needle","Shuriken","Anchor","hubris:Towel","Ginger","Philosopher\u0027s Stone","Guide Book","hubris:TenFootPole","Art of War","Simple Rune","Snake Skull","Vampiric Spirits"],"acts_visited":["Exordium","Gensokyo:Gensokyo","Gensokyo:Gensokyoer"],"potions_floor_usage":[11,18,29,36,41,47,50],"damage_taken":[{"damage":0,"enemies":"Gensokyo:Python","floor":1,"turns":3},{"damage":0,"enemies":"Gensokyo:2_Kodama","floor":2,"turns":6},{"damage":8,"enemies":"Gensokyo:Mamizou","floor":6,"turns":7},{"damage":0,"enemies":"Gensokyo:Gryphon","floor":7,"turns":3},{"damage":0,"enemies":"Gensokyo:Aya","floor":11,"turns":6},{"damage":10,"enemies":"Gensokyo:Yukari","floor":16,"turns":4},{"damage":7,"enemies":"Gensokyo:AngelMirror","floor":18,"turns":2},{"damage":15,"enemies":"Gensokyo:Tenshi","floor":23,"turns":2},{"damage":10,"enemies":"Gensokyo:Chomper","floor":24,"turns":3},{"damage":4,"enemies":"Gensokyo:Koishi","floor":29,"turns":4},{"damage":21,"enemies":"Gensokyo:Eiki","floor":33,"turns":6},{"damage":0,"enemies":"Gensokyo:AncientGuardian","floor":35,"turns":3},{"damage":0,"enemies":"Gensokyo:3_Boulders","floor":36,"turns":4},{"damage":4,"enemies":"Gensokyo:AtlasGolem","floor":38,"turns":6},{"damage":0,"enemies":"Gensokyo:4_Bats","floor":41,"turns":3},{"damage":12,"enemies":"Gensokyo:Doremy","floor":42,"turns":3},{"damage":3,"enemies":"Gensokyo:Kasen","floor":46,"turns":4},{"damage":3,"enemies":"Gensokyo:Rafflesia","floor":47,"turns":4},{"damage":19,"enemies":"Gensokyo:Marisa","floor":49,"turns":4},{"damage":0,"enemies":"Gensokyo:Sharpion","floor":50,"turns":3},{"damage":5,"enemies":"Gensokyo:Shinki","floor":52,"turns":5}],"seed_played":"823565684355220858","potions_obtained":[{"floor":7,"key":"Explosive Potion"},{"floor":16,"key":"SneckoOil"},{"floor":18,"key":"FearPotion"},{"floor":33,"key":"SteroidPotion"},{"floor":36,"key":"Weak Potion"},{"floor":46,"key":"SkillPotion"},{"floor":49,"key":"ColorlessPotion"}],"is_trial":false,"path_per_floor":["M","M","?","?","?","E","M","COS","T","R","E","$","R","?","R","B",null,"M","COS","?","$","?","E","M","?","T","?","R","E","R","?","R_BF","B",null,"M","M","COS","M","PTL","PTL","M","E","R","?","T","E","M","?","E","M","R","B",null],"character_chosen":"THE_SILENT","items_purchased":["Cloak And Dagger","Membership Card","Prepared"],"campfire_rested":1,"item_purchase_floors":[12,21,21],"current_hp_per_floor":[70,70,70,70,70,62,62,62,62,62,62,62,62,62,62,52,70,63,69,69,69,69,54,44,44,44,44,44,40,62,62,62,41,76,76,76,76,72,72,72,72,60,60,60,60,57,54,54,35,39,39,34],"gold":457,"neow_bonus":"BOSS_RELIC","is_daily":false,"chose_seed":false,"campfire_upgraded":7,"win_rate":0.0,"timestamp":1613422926,"path_taken":["M","M","?","?","?","E","M","COS","T","R","E","$","R","?","R","BOSS","M","COS","?","$","?","E","?","?","T","?","R","E","R","?","R_BF","BOSS","M","M","COS","M","PTL","PTL","M","E","R","?","T","E","?","?","E","M","R","BOSS"],"items_purchased_type":["Card","Relic","Card"],"build_version":"2020-12-22","purchased_purges":0,"victory":true,"max_hp_per_floor":[70,70,70,70,70,70,70,70,70,70,70,70,70,70,70,70,70,70,76,76,76,76,76,76,76,76,76,76,76,76,76,76,76,76,76,76,76,76,76,76,76,76,76,76,76,76,76,76,76,76,76,76],"card_choices":[{"not_picked":["Prepared","Outmaneuver"],"picked":"hubris:SlightOfHand","floor":1},{"not_picked":["Bouncing Flask","Outmaneuver"],"picked":"Hidden Blade","floor":2},{"not_picked":["Deadly Poison","Poisoned Stab"],"picked":"Slice","floor":5},{"not_picked":["Underhanded Strike","Hidden Blade"],"picked":"Calculated Gamble","floor":6},{"not_picked":["Acrobatics","Backstab"],"picked":"Accuracy","floor":7},{"not_picked":["Replay:Poison Smokescreen","Hidden Blade"],"picked":"Phantasmal Killer","floor":11},{"not_picked":["Dash+1","Quick Slash","Poisoned Stab+1"],"picked":"SKIP","floor":18},{"not_picked":["Flying Knee","Replay:Poison Smokescreen"],"picked":"Tactician","floor":23},{"not_picked":["Quick Slash+1","Finisher+1","Backflip"],"picked":"SKIP","floor":24},{"not_picked":["Replay:Bag of Tricks","Grand Finale"],"picked":"Envenom","floor":29},{"not_picked":["All Out Attack","Backflip","Terror"],"picked":"SKIP","floor":29},{"not_picked":["Outmaneuver","Hidden Blade+1"],"picked":"Tools of the Trade","floor":35},{"not_picked":["PiercingWail","Dagger Spray+1","Catalyst+1"],"picked":"SKIP","floor":36},{"not_picked":["Quick Slash","Underhanded Strike+1","Dagger Throw"],"picked":"SKIP","floor":38},{"not_picked":["PiercingWail+1","Dagger Throw+1"],"picked":"Prepared","floor":41},{"not_picked":["Crippling Poison","conspire:PoisonWeapons+1"],"picked":"A Thousand Cuts","floor":42},{"not_picked":["hubris:SlightOfHand","Underhanded Strike"],"picked":"Well Laid Plans+1","floor":46},{"not_picked":["Cloak And Dagger+1","Heel Hook+1","Dodge and Roll"],"picked":"SKIP","floor":47},{"not_picked":["Cloak And Dagger","ReplayTheSpireMod:Exploit Weakness","PiercingWail+1"],"picked":"SKIP","floor":49},{"not_picked":["Bane+1","Dagger Throw","Outmaneuver"],"picked":"SKIP","floor":50}],"player_experience":743238,"relics_obtained":[{"floor":5,"key":"conspire:Dentures"},{"floor":6,"key":"conspire:InfiniteJournal"},{"floor":9,"key":"Darkstone Periapt"},{"floor":11,"key":"hubris:TinFlute"},{"floor":23,"key":"Bag of Preparation"},{"floor":26,"key":"Thread and Needle"},{"floor":29,"key":"Anchor"},{"floor":42,"key":"Art of War"},{"floor":45,"key":"Simple Rune"},{"floor":46,"key":"Snake Skull"},{"floor":49,"key":"Vampiric Spirits"}],"event_choices":[],"is_beta":false,"boss_relics":[{"not_picked":["hubris:CrackedHourglass","hubris:Backtick"],"picked":"HoveringKite"},{"not_picked":["Coffee Dripper","hubris:VirtuousBlindfold"],"picked":"Philosopher\u0027s Stone"}],"items_purged_floors":[],"is_endless":false,"potions_floor_spawned":[7,16,18,33,36,46,49],"ascension_level":0}}