{"host":"v86vpwf004p2esb7","time":1613428294,"event":{"mods":["AchievementEnabler","BaseMod","BetterRewards","Colored Powertips","Minty Spire (QoL Compilation)","Quick Restart","StSLib","Transform Curses"],"gold_per_floor":[111,111,129,129,139,167,167,167,213,213,236,263,263,276,276,373,373,387,387,387,399,31,49,60,60,60,90,102,23,35,54,54,151,151,161,161,175,185,234,265,265,36,36,0,0,0,10,23,23,23,23,23,23,55,55,55],"floor_reached":55,"language":"ENG","playtime":2510,"items_purged":["Pain"],"score":752,"play_id":"c7276a53-3dd9-42ea-942e-886d78e162ea","local_time":"20210215143134","is_ascension_mode":false,"campfire_choices":[{"floor":7,"key":"REST"},{"data":"Venomology","floor":13,"key":"SMITH"},{"floor":15,"key":"RECALL"},{"floor":25,"key":"REST"},{"floor":32,"key":"REST"},{"floor":41,"key":"REST"},{"floor":46,"key":"REST"},{"floor":49,"key":"REST"},{"floor":52,"key":"REST"}],"circlet_count":0,"master_deck":["Strike_G+1","Strike_G+1","Strike_G","Strike_G","Strike_G","Defend_G","Defend_G","Defend_G","Defend_G+1","Defend_G","Survivor+1","Neutralize","Noxious Fumes","Poisoned Stab","Caltrops","Poisoned Stab","Venomology+1","Bane","Poisoned Stab","Phantasmal Killer","Bane+1","Slice","Blade Dance","Infinite Blades","Cloak And Dagger","Accuracy","Blur","Distraction","Poisoned Stab+1","Blade Dance","Envenom","Footwork+1","PiercingWail+1","Blade Dance+1","Setup","Noxious Fumes+1","After Image","After Image","Parasite","Bullet Time","Footwork+1","Finisher+1"],"relics":["Ring of the Snake","Shuriken","Turnip","TwistedFunnel","Bronze Scales","Omamori","Art of War","Happy Flower","War Paint","Pen Nib","Fusion Hammer","WarpedTongs","Question Card","Bottled Lightning","HornCleat","WristBlade","Incense Burner","InkBottle","DollysMirror","Orichalcum","Red Mask","Eternal Feather","Mummified Hand"],"acts_visited":["Exordium","TheCity","TheBeyond","TheEnding"],"potions_floor_usage":[16,18,23,24,24,27,28,31,33,33,33,37,38,39,40,40,47,48,50,54,54,55,55,55],"damage_taken":[{"damage":5,"enemies":"Cultist","floor":1,"turns":4},{"damage":0,"enemies":"2 Louse","floor":3,"turns":2},{"damage":0,"enemies":"Jaw Worm","floor":5,"turns":3},{"damage":10,"enemies":"Gremlin Nob","floor":6,"turns":4},{"damage":8,"enemies":"3 Sentries","floor":12,"turns":6},{"damage":0,"enemies":"Looter","floor":14,"turns":2},{"damage":16,"enemies":"Hexaghost","floor":16,"turns":6},{"damage":0,"enemies":"3 Byrds","floor":18,"turns":2},{"damage":4,"enemies":"Chosen","floor":21,"turns":3},{"damage":12,"enemies":"Centurion and Healer","floor":23,"turns":3},{"damage":10,"enemies":"Snake Plant","floor":24,"turns":1},{"damage":7,"enemies":"Gremlin Leader","floor":27,"turns":4},{"damage":0,"enemies":"Shelled Parasite and Fungi","floor":28,"turns":3},{"damage":6,"enemies":"3 Cultists","floor":30,"turns":4},{"damage":10,"enemies":"Chosen and Byrds","floor":31,"turns":3},{"damage":9,"enemies":"Automaton","floor":33,"turns":5},{"damage":0,"enemies":"3 Darklings","floor":35,"turns":3},{"damage":8,"enemies":"3 Shapes","floor":37,"turns":3},{"damage":24,"enemies":"Sphere and 2 Shapes","floor":38,"turns":5},{"damage":11,"enemies":"2 Orb Walkers","floor":39,"turns":3},{"damage":27,"enemies":"Nemesis","floor":40,"turns":5},{"damage":0,"enemies":"Writhing Mass","floor":47,"turns":3},{"damage":2,"enemies":"Jaw Worm Horde","floor":48,"turns":3},{"damage":13,"enemies":"Donu and Deca","floor":50,"turns":7},{"damage":33,"enemies":"Shield and Spear","floor":54,"turns":6},{"damage":86,"enemies":"The Heart","floor":55,"turns":3}],"seed_played":"-8264539857364228785","potions_obtained":[{"floor":1,"key":"DistilledChaos"},{"floor":12,"key":"LiquidMemories"},{"floor":16,"key":"CunningPotion"},{"floor":23,"key":"LiquidBronze"},{"floor":30,"key":"ColorlessPotion"},{"floor":31,"key":"DuplicationPotion"},{"floor":33,"key":"Fruit Juice"},{"floor":40,"key":"Energy Potion"},{"floor":48,"key":"BlessingOfTheForge"}],"is_trial":false,"path_per_floor":["M","?","M","?","M","E","R","?","T","?","T","E","R","M","R","B",null,"M","T","?","M","$","M","M","R","T","E","M","$","M","M","R","B",null,"M","?","M","M","?","E","R","$","T","?","T","R","M","M","R","B",null,"R","$","E","B"],"character_chosen":"THE_SILENT","items_purchased":["Shuriken","Noxious Fumes","TwistedFunnel","Noxious Fumes","Blade Dance","Question Card","Distraction","After Image","DollysMirror"],"campfire_rested":7,"item_purchase_floors":[0,0,0,0,22,22,29,42,42],"current_hp_per_floor":[33,33,33,19,19,9,30,30,30,47,47,39,39,39,39,23,70,70,70,70,66,66,54,44,65,65,58,58,58,52,42,63,59,75,75,75,67,43,32,20,42,42,42,42,42,75,75,73,75,62,75,75,75,42,0,0],"gold":55,"neow_bonus":"","is_daily":false,"chose_seed":false,"campfire_upgraded":1,"win_rate":0.0,"timestamp":1613428294,"path_taken":["M","?","?","?","M","E","R","?","T","?","?","E","R","M","R","BOSS","M","?","?","M","$","M","?","R","T","E","M","?","?","M","R","BOSS","M","?","M","?","?","E","R","$","T","?","?","R","M","M","R","BOSS","R","$","E","BOSS"],"items_purchased_type":["Relic","Card","Relic","Card","Card","Relic","Card","Card","Relic"],"build_version":"2020-12-22","purchased_purges":1,"victory":false,"max_hp_per_floor":[70,70,70,70,70,70,70,70,70,70,70,70,70,70,70,70,70,70,70,70,70,70,70,70,70,70,70,70,70,70,70,70,75,75,75,75,75,75,75,75,75,75,75,75,75,75,75,75,75,75,75,75,75,75,75,75],"card_choices":[{"not_picked":["Heel Hook","Backstab"],"picked":"Poisoned Stab","floor":1},{"not_picked":["PiercingWail","Endless Agony"],"picked":"Caltrops","floor":3},{"not_picked":["Acrobatics","Finisher"],"picked":"Poisoned Stab","floor":5},{"not_picked":["PiercingWail","Outmaneuver"],"picked":"Venomology","floor":6},{"not_picked":["Skewer","Reflex"],"picked":"Bane","floor":12},{"not_picked":["Dodge and Roll","Deflect"],"picked":"Poisoned Stab","floor":14},{"not_picked":["Bullet Time","Night Terror"],"picked":"Phantasmal Killer","floor":16},{"not_picked":["Sucker Punch","Prepared+1"],"picked":"Bane+1","floor":18},{"not_picked":["Quick Slash","Deadly Poison"],"picked":"Slice","floor":21},{"not_picked":["Choke","Sucker Punch+1","Concentrate"],"picked":"Infinite Blades","floor":23},{"not_picked":["Tactician","Infinite Blades","Poisoned Stab+1"],"picked":"Cloak And Dagger","floor":24},{"not_picked":["Distraction","Bane","Skewer"],"picked":"Accuracy","floor":27},{"not_picked":["Poisoned Stab","Dagger Throw+1","Deflect"],"picked":"Blur","floor":28},{"not_picked":["Quick Slash","Escape Plan+1","Unload"],"picked":"Poisoned Stab+1","floor":30},{"not_picked":["Cloak And Dagger","Quick Slash+1","Concentrate"],"picked":"Blade Dance","floor":31},{"not_picked":["Venomology","Bullet Time","Phantasmal Killer"],"picked":"Envenom","floor":33},{"not_picked":["Dash+1","Acrobatics","Deadly Poison"],"picked":"Footwork+1","floor":35},{"not_picked":["Deadly Poison","Deflect","Dagger Throw+1"],"picked":"PiercingWail+1","floor":37},{"not_picked":["Venomology","Outmaneuver+1","Accuracy+1"],"picked":"Blade Dance+1","floor":38},{"not_picked":["Underhanded Strike+1","Deadly Poison+1","Sucker Punch"],"picked":"Setup","floor":39},{"not_picked":["Backflip","Concentrate+1","Sucker Punch+1"],"picked":"Noxious Fumes+1","floor":40},{"not_picked":["Dagger Spray+1","Flying Knee","Prepared+1"],"picked":"Bullet Time","floor":47},{"not_picked":["Dagger Spray+1","Accuracy+1","Flying Knee+1"],"picked":"Footwork+1","floor":48},{"not_picked":["Bane","Slice+1","Riddle With Holes"],"picked":"Finisher+1","floor":54}],"player_experience":263088,"relics_obtained":[{"floor":6,"key":"Omamori"},{"floor":9,"key":"Happy Flower"},{"floor":11,"key":"War Paint"},{"floor":12,"key":"Pen Nib"},{"floor":26,"key":"Bottled Lightning"},{"floor":27,"key":"HornCleat"},{"floor":39,"key":"Incense Burner"},{"floor":40,"key":"InkBottle"},{"floor":43,"key":"Orichalcum"},{"floor":45,"key":"Eternal Feather"},{"floor":54,"key":"Mummified Hand"}],"event_choices":[{"damage_healed":0,"gold_gain":0,"player_choice":"Gave Potion","damage_taken":0,"relics_obtained":["Bronze Scales"],"max_hp_gain":0,"max_hp_loss":0,"event_name":"WeMeetAgain","floor":2,"gold_loss":0},{"damage_healed":0,"gold_gain":0,"player_choice":"Entered Light","damage_taken":14,"max_hp_gain":0,"max_hp_loss":0,"event_name":"Shining Light","floor":4,"gold_loss":0,"cards_upgraded":["Strike_G","Strike_G"]},{"damage_healed":0,"gold_gain":0,"player_choice":"Box","damage_taken":0,"relics_obtained":["Art of War"],"max_hp_gain":0,"max_hp_loss":0,"event_name":"Big Fish","floor":8,"gold_loss":0,"cards_obtained":["Regret"]},{"damage_healed":17,"gold_gain":0,"player_choice":"Healed and dodged fight","damage_taken":0,"max_hp_gain":0,"max_hp_loss":0,"event_name":"Mushrooms","floor":10,"gold_loss":0,"cards_obtained":["Parasite"]},{"damage_healed":0,"gold_gain":0,"player_choice":"Rummage","damage_taken":0,"relics_obtained":["WarpedTongs"],"max_hp_gain":0,"max_hp_loss":0,"event_name":"Accursed Blacksmith","floor":20,"gold_loss":0,"cards_obtained":["Pain"]},{"damage_healed":0,"gold_gain":0,"player_choice":"Ignored","damage_taken":0,"max_hp_gain":0,"max_hp_loss":0,"event_name":"Purifier","floor":36,"gold_loss":0},{"damage_healed":0,"gold_gain":0,"player_choice":"Fight","damage_taken":0,"max_hp_gain":0,"max_hp_loss":0,"event_name":"Mysterious Sphere","floor":39,"gold_loss":0},{"damage_healed":0,"gold_gain":0,"player_choice":"Paid","damage_taken":0,"relics_obtained":["Red Mask"],"max_hp_gain":0,"max_hp_loss":0,"event_name":"Tomb of Lord Red Mask","floor":44,"gold_loss":36}],"is_beta":false,"boss_relics":[{"not_picked":["Runic Pyramid","Philosopher\u0027s Stone"],"picked":"Fusion Hammer"},{"not_picked":["Black Star","Calling Bell"],"picked":"WristBlade"}],"items_purged_floors":[22],"is_endless":false,"potions_floor_spawned":[1,12,16,23,30,31,33,38,40,48],"killed_by":"The Heart","ascension_level":0}}