{"host":"id23shmscryl4psl","time":1613357257,"event":{"mods":["BaseMod","Better Altar","Better Match","Better Note","Better Sensory Stone","Better Skull","Better Third Choice","Colored Map","Colored Powertips","Dark Map","HololiveMod","Minty Spire (QoL Compilation)","Rare Cards Sparkle","Relic Stats","Robot Space Explorer","StSLib"],"gold_per_floor":[81,96,116,216,59,59,78,78,105,30,55,93,111,151,151,273,273,291,216,216,60,0,0,36,36,36,36,75,93,118,136,136,242,242,262,275,288,288,288,288,317,317,317,317,317,343,355,368,368,368,368,368,125,153,153,153],"floor_reached":55,"language":"ENG","playtime":3300,"items_purged":["Hololive_Defend"],"score":1078,"play_id":"aff92634-7462-4a41-9802-41fb2ad99433","local_time":"20210214194737","is_ascension_mode":true,"campfire_choices":[{"data":"Hololive_CallMinatoAqua","floor":6,"key":"SMITH"},{"data":"Hololive_CallNakiriAyame","floor":8,"key":"SMITH"},{"data":"Hololive_CallAmaneKanata","floor":15,"key":"SMITH"},{"floor":23,"key":"RECALL"},{"data":"Hololive_DurableLive","floor":25,"key":"SMITH"},{"data":"Hololive_CallHoshimachiSuisei","floor":27,"key":"SMITH"},{"data":"Hololive_CallOkamiMio","floor":32,"key":"SMITH"},{"data":"Hololive_CallYuzukiChoco","floor":40,"key":"SMITH"},{"data":"Hololive_CallShiroganeNoel","floor":42,"key":"SMITH"},{"data":"Hololive_FlareMind","floor":45,"key":"SMITH"},{"data":"Hololive_CallShishiroBotan","floor":49,"key":"SMITH"},{"data":"Hololive_CallSakuraMiko","floor":52,"key":"SMITH"}],"circlet_count":0,"master_deck":["Hololive_Strike","Hololive_CandyCastle","Hololive_CallShiroganeNoel+1","Hololive_CallOkamiMio+1","Hololive_CallMinatoAqua+1","Hololive_CallAmaneKanata+1","Hololive_CallNakiriAyame+1","Hololive_FlyingPonyTail","Hololive_Trident","Hololive_CallHoshimachiSuisei+1","Hololive_CallSakuraMiko+1","Hololive_CallShishiroBotan+1","Hololive_CallKiryuuCoco","Hololive_CocoNews+1","Hololive_DurableLive+1","Hololive_StrengthChampion","Hololive_CallInugamiKorone","Hololive_Psychosis+1","Hololive_StrengthChampion+1","Hololive_ManjiGathering","Hololive_CocoNews+1","Hololive_FlareMind+1","Hololive_CallYuzukiChoco+1","Hololive_CallTokinoSora","Hololive_CallYukihanaLamy+1","Dramatic Entrance","Hololive_CallTokoyamiTowa+1","Hololive_CallShiranuiFlare","Hololive_Yoholoon+1","Hololive_CallRosalyn+1"],"relics":["Hololive_TheStar","PreservedInsect","Happy Flower","betterAltar:BloodRelic","Boot","Coffee Dripper","Bloody Idol","Hololive_LightStick","Nunchaku","Bottled Tornado","Busted Crown","Whetstone","Question Card","Regal Pillow","Shuriken","Toy Ornithopter"],"acts_visited":["Exordium","TheCity","TheBeyond","TheEnding"],"potions_floor_usage":[12,14,16,24,24,36,37,41,54,54,54,54,54,55],"damage_taken":[{"damage":1,"enemies":"Jaw Worm","floor":1,"turns":4},{"damage":0,"enemies":"Cultist","floor":2,"turns":4},{"damage":8,"enemies":"2 Louse","floor":3,"turns":4},{"damage":0,"enemies":"Blue Slaver","floor":7,"turns":5},{"damage":8,"enemies":"3 Sentries","floor":12,"turns":7},{"damage":5,"enemies":"2 Fungi Beasts","floor":13,"turns":4},{"damage":0,"enemies":"Gremlin Nob","floor":14,"turns":3},{"damage":0,"enemies":"Hexaghost","floor":16,"turns":5},{"damage":13,"enemies":"2 Thieves","floor":18,"turns":4},{"damage":23,"enemies":"Slavers","floor":24,"turns":4},{"damage":0,"enemies":"Spheric Guardian","floor":28,"turns":4},{"damage":0,"enemies":"Cultist and Chosen","floor":29,"turns":4},{"damage":0,"enemies":"Centurion and Healer","floor":30,"turns":5},{"damage":0,"enemies":"3 Cultists","floor":31,"turns":3},{"damage":0,"enemies":"Collector","floor":33,"turns":7},{"damage":0,"enemies":"3 Darklings","floor":35,"turns":4},{"damage":16,"enemies":"3 Shapes","floor":36,"turns":5},{"damage":0,"enemies":"Sphere and 2 Shapes","floor":37,"turns":4},{"damage":0,"enemies":"Giant Head","floor":41,"turns":4},{"damage":0,"enemies":"Reptomancer","floor":46,"turns":3},{"damage":0,"enemies":"Maw","floor":47,"turns":5},{"damage":9,"enemies":"3 Darklings","floor":48,"turns":5},{"damage":0,"enemies":"Time Eater","floor":50,"turns":7},{"damage":8,"enemies":"Shield and Spear","floor":54,"turns":8},{"damage":34,"enemies":"The Heart","floor":55,"turns":3}],"seed_played":"-8683230368930669196","potions_obtained":[{"floor":1,"key":"LiquidMemories"},{"floor":3,"key":"AttackPotion"},{"floor":12,"key":"GamblersBrew"},{"floor":14,"key":"AttackPotion"},{"floor":18,"key":"Swift Potion"},{"floor":28,"key":"Fire Potion"},{"floor":30,"key":"CultistPotion"},{"floor":33,"key":"SpeedPotion"},{"floor":36,"key":"Swift Potion"},{"floor":37,"key":"EntropicBrew"},{"floor":47,"key":"GamblersBrew"},{"floor":48,"key":"DuplicationPotion"}],"is_trial":false,"path_per_floor":["M","M","M","?","$","R","M","R","T","$","T","E","M","E","R","B",null,"M","?","?","$","?","R","E","R","T","R","M","M","M","M","R","B",null,"M","M","M","?","?","R","E","R","T","?","R","E","M","M","R","B",null,"R","$","E","B"],"character_chosen":"Hololive_HololiveCharacter","items_purchased":["PreservedInsect","Hololive_LightStick","Shuriken"],"campfire_rested":0,"item_purchase_floors":[5,21,53],"current_hp_per_floor":[34,34,26,26,26,26,26,26,26,26,26,18,15,17,17,19,35,22,22,2,2,2,2,8,8,8,8,35,35,35,35,35,35,35,35,29,35,35,33,33,33,33,33,33,33,33,33,29,29,33,33,33,33,30,0,0],"gold":153,"neow_bonus":"REMOVE_CARD","is_daily":false,"chose_seed":false,"campfire_upgraded":11,"win_rate":0.0,"timestamp":1613357257,"path_taken":["M","M","M","?","$","R","M","R","T","?","?","E","M","E","R","BOSS","M","?","?","$","?","R","E","R","T","R","M","M","M","M","R","BOSS","M","M","M","?","?","R","E","R","T","?","R","E","M","M","R","BOSS","R","$","E","BOSS"],"items_purchased_type":["Relic","Relic","Relic"],"build_version":"2020-12-22","purchased_purges":1,"victory":false,"max_hp_per_floor":[35,35,35,35,35,35,35,35,35,35,35,35,35,35,35,35,35,35,35,35,35,35,35,35,35,35,35,35,35,35,35,35,35,35,35,35,35,35,33,33,33,33,33,33,33,33,33,33,33,33,33,33,33,33,33,33],"relic_stats":{"Regal Pillow":0,"Happy Flower":[32],"counters":[25,114],"PreservedInsect":344,"Whetstone":["Hololive_CocoNews","Hololive_CocoNews"],"Boot":[520],"Question Card":4,"Nunchaku":[15],"Busted Crown":20,"Shuriken":[2],"Bloody Idol":69,"obtain_stats":[{"Regal Pillow":46,"Happy Flower":11,"betterAltar:BloodRelic":20,"PreservedInsect":5,"Whetstone":41,"Bottled Tornado":26,"Boot":14,"Question Card":43,"Blood Vial":12,"Hololive_LightStick":21,"Nunchaku":24,"Busted Crown":34,"Shuriken":53,"Bloody Idol":20,"Hololive_TheStar":0,"Coffee Dripper":17,"Toy Ornithopter":54},{"Regal Pillow":20,"Happy Flower":4,"betterAltar:BloodRelic":9,"PreservedInsect":3,"Whetstone":19,"Bottled Tornado":10,"Boot":7,"Question Card":19,"Blood Vial":5,"Hololive_LightStick":9,"Nunchaku":10,"Busted Crown":15,"Shuriken":23,"Bloody Idol":9,"Hololive_TheStar":0,"Coffee Dripper":8,"Toy Ornithopter":24},{"Regal Pillow":87,"Happy Flower":17,"betterAltar:BloodRelic":40,"PreservedInsect":12,"Whetstone":84,"Bottled Tornado":44,"Boot":31,"Question Card":84,"Blood Vial":24,"Hololive_LightStick":40,"Nunchaku":44,"Busted Crown":67,"Shuriken":103,"Bloody Idol":40,"Hololive_TheStar":0,"Coffee Dripper":36,"Toy Ornithopter":111}],"Toy Ornithopter":0},"card_choices":[{"not_picked":["Hololive_ILoveYou","Hololive_CocoNews","Hololive_LuckPotion"],"picked":"Hololive_FlyingPonyTail","floor":1},{"not_picked":["Hololive_CallRosalyn","Hololive_Sequa","Hololive_OvertimeWork"],"picked":"Hololive_Trident","floor":2},{"not_picked":["Hololive_BringToTrial","Hololive_OvertimeWork","Hololive_StrengthChampion"],"picked":"Hololive_CallHoshimachiSuisei","floor":3},{"not_picked":["Hololive_CallOkamiMio","Hololive_Breathe","Hololive_DiamondStrike"],"picked":"Hololive_CallSakuraMiko","floor":7},{"not_picked":["Hololive_SummonFox","Hololive_Psychosis","Hololive_Thief"],"picked":"Hololive_CallShishiroBotan","floor":12},{"not_picked":["Hololive_Breathe","Hololive_OvertimeWork","Hololive_Trident"],"picked":"Hololive_CallKiryuuCoco","floor":13},{"not_picked":["Hololive_HighAtkLowDef","Hololive_Drill","Hololive_CallOzoraSubaru"],"picked":"Hololive_CocoNews","floor":14},{"not_picked":["Hololive_ScarfAndHalo","Hololive_StarCraft","Hololive_DDD"],"picked":"Hololive_DurableLive","floor":16},{"not_picked":["Hololive_OvertimeWork","Hololive_Sequa","Hololive_HuntDinosaur"],"picked":"Hololive_StrengthChampion","floor":18},{"not_picked":["Hololive_Drill","Hololive_CocoNews","Hololive_StrengthChampion"],"picked":"Hololive_CallInugamiKorone","floor":24},{"not_picked":["Hololive_CallOmaruPolka","Hololive_CocoNews","Hololive_StarCraft"],"picked":"Hololive_Psychosis+1","floor":28},{"not_picked":["Hololive_Sequa","Hololive_CocoNews","Hololive_CallMinatoAqua"],"picked":"Hololive_StrengthChampion+1","floor":29},{"not_picked":["Hololive_LuckPotion","Hololive_Drill","Hololive_Breathe"],"picked":"Hololive_ManjiGathering","floor":30},{"not_picked":["Hololive_Rebound","Hololive_FlyingPonyTail","Hololive_CallShishiroBotan"],"picked":"Hololive_CocoNews","floor":31},{"not_picked":["Hololive_WolfAndLamb","Hololive_BeCareful","Hololive_Recruit"],"picked":"Hololive_FlareMind","floor":33},{"not_picked":["Hololive_OvertimeWork+1"],"picked":"Hololive_CallYuzukiChoco","floor":35},{"not_picked":["Hololive_Breathe"],"picked":"Hololive_CallTokinoSora","floor":36},{"not_picked":["Hololive_Drill+1"],"picked":"Hololive_CallYukihanaLamy+1","floor":37},{"not_picked":["The Bomb"],"picked":"Dramatic Entrance","floor":38},{"not_picked":["Mind Blast"],"picked":"Jack Of All Trades","floor":38},{"not_picked":["Hololive_HuntDinosaur","Hololive_Trident"],"picked":"SKIP","floor":41},{"not_picked":["Hololive_ASMR","Hololive_CallKiryuuCoco"],"picked":"Hololive_CallTokoyamiTowa+1","floor":46},{"not_picked":["Hololive_Trident","Hololive_HuntDinosaur+1"],"picked":"Hololive_CallShiranuiFlare","floor":47},{"not_picked":["Hololive_Watashimo+1","Hololive_CallAyundaRisu+1"],"picked":"Hololive_Yoholoon+1","floor":48},{"not_picked":["Hololive_DevilCharm","Hololive_Trident"],"picked":"Hololive_CallRosalyn+1","floor":54}],"player_experience":101936,"relics_obtained":[{"floor":11,"key":"Happy Flower"},{"floor":12,"key":"Blood Vial"},{"floor":14,"key":"Boot"},{"floor":24,"key":"Nunchaku"},{"floor":26,"key":"Bottled Tornado"},{"floor":41,"key":"Whetstone"},{"floor":43,"key":"Question Card"},{"floor":46,"key":"Regal Pillow"},{"floor":54,"key":"Toy Ornithopter"}],"event_choices":[{"damage_healed":0,"gold_gain":100,"player_choice":"Pray","damage_taken":0,"max_hp_gain":0,"max_hp_loss":0,"event_name":"Golden Shrine","floor":4,"gold_loss":0},{"cards_removed":["Hololive_Strike"],"damage_healed":0,"gold_gain":0,"player_choice":"Gave Gold","damage_taken":0,"max_hp_gain":0,"max_hp_loss":0,"event_name":"Beggar","floor":19,"gold_loss":75},{"damage_healed":0,"gold_gain":0,"player_choice":" Idol RottenVial ","damage_taken":20,"relics_obtained":["Bloody Idol","betterAltar:BloodRelic"],"max_hp_gain":22,"max_hp_loss":2,"event_name":"betterAltar:BetterAltar","floor":20,"potions_obtained":[],"relics_lost":["Blood Vial"],"gold_loss":0},{"damage_healed":0,"gold_gain":0,"player_choice":"Paid Fearfully","damage_taken":0,"max_hp_gain":0,"max_hp_loss":0,"event_name":"Masked Bandits","floor":22,"gold_loss":60},{"damage_healed":0,"gold_gain":3,"player_choice":"1","damage_taken":0,"max_hp_gain":0,"max_hp_loss":0,"event_name":"betterStone:BetterStone","floor":38,"gold_loss":0},{"damage_healed":0,"gold_gain":0,"player_choice":"Max HP","damage_taken":0,"max_hp_gain":0,"max_hp_loss":2,"event_name":"Winding Halls","floor":39,"gold_loss":0},{"cards_removed":["Jack Of All Trades"],"damage_healed":0,"gold_gain":0,"player_choice":"Removed Skill","damage_taken":0,"max_hp_gain":0,"max_hp_loss":0,"event_name":"Falling","floor":44,"gold_loss":0}],"is_beta":false,"boss_relics":[{"not_picked":["Philosopher\u0027s Stone","Fusion Hammer"],"picked":"Coffee Dripper"},{"not_picked":["Velvet Choker","Cursed Key"],"picked":"Busted Crown"}],"items_purged_floors":[10],"is_endless":false,"potions_floor_spawned":[1,3,12,14,18,28,30,33,36,37,47,48],"killed_by":"The Heart","ascension_level":2}}