{"host":"xg4r5pv6chpuampg","time":1613407630,"event":{"mods":["AchievementEnabler","BaseMod","Googly Eyes","Minty Spire (QoL Compilation)","StSLib","Together in Spire"],"gold_per_floor":[115,290,290,250,264,274,289,324,324,339,339,368,385,405,405,509,509,524,141,141,240,240,250,264,275,344,344,344,357,373,373,373],"floor_reached":31,"language":"ENG","playtime":1333,"items_purged":["SignatureMove"],"score":266,"play_id":"a2481ef5-732b-4b4a-b98f-1888c491b7a7","local_time":"20210215194710","is_ascension_mode":false,"campfire_choices":[{"data":"SignatureMove","floor":11,"key":"SMITH"},{"floor":15,"key":"REST"},{"floor":27,"key":"REST"}],"circlet_count":0,"master_deck":["Strike_P","Strike_P","Strike_P","Strike_P","Defend_P","Defend_P","Defend_P","Defend_P","Eruption","Vigilance","Meditate","EmptyFist","FlyingSleeves","SignatureMove+1","FlurryOfBlows","WheelKick","Evaluate","TalkToTheHand","ConjureBlade","ReachHeaven","CutThroughFate","Wish"],"relics":["HolyWater","Akabeko","Tiny Chest","Lantern","Odd Mushroom","Membership Card","Oddly Smooth Stone","Question Card","Yang","Shuriken"],"acts_visited":["Exordium","TheCity"],"potions_floor_usage":[8,16,29,30,30],"damage_taken":[{"damage":1,"enemies":"Jaw Worm","floor":1,"turns":3},{"damage":2,"enemies":"Small Slimes","floor":5,"turns":3},{"damage":1,"enemies":"Cultist","floor":6,"turns":3},{"damage":0,"enemies":"2 Fungi Beasts","floor":7,"turns":2},{"damage":0,"enemies":"Gremlin Nob","floor":8,"turns":2},{"damage":7,"enemies":"Exordium Thugs","floor":10,"turns":3},{"damage":8,"enemies":"The Mushroom Lair","floor":12,"turns":4},{"damage":0,"enemies":"Large Slime","floor":13,"turns":4},{"damage":4,"enemies":"Looter","floor":14,"turns":3},{"damage":45,"enemies":"The Guardian","floor":16,"turns":12},{"damage":20,"enemies":"Shell Parasite","floor":18,"turns":3},{"damage":4,"enemies":"Chosen","floor":23,"turns":4},{"damage":36,"enemies":"Snake Plant","floor":24,"turns":4},{"damage":6,"enemies":"Cultist and Chosen","floor":25,"turns":4},{"damage":15,"enemies":"3 Cultists","floor":29,"turns":4},{"damage":6,"enemies":"Centurion and Healer","floor":30,"turns":4},{"damage":8,"enemies":"Shelled Parasite and Fungi","floor":31,"turns":3}],"seed_played":"-2636120273041361127","potions_obtained":[{"floor":4,"key":"ColorlessPotion"},{"floor":4,"key":"FearPotion"},{"floor":4,"key":"Energy Potion"},{"floor":8,"key":"BlessingOfTheForge"},{"floor":16,"key":"DistilledChaos"},{"floor":18,"key":"DuplicationPotion"},{"floor":30,"key":"CultistPotion"}],"is_trial":false,"path_per_floor":["M","?","?","?","M","M","M","E","T","M","R","?","M","M","R","B",null,"M","$","?","?","T","M","M","M","T","R","?","M","M","M"],"character_chosen":"WATCHER","items_purchased":["Membership Card","Oddly Smooth Stone","Question Card"],"campfire_rested":2,"item_purchase_floors":[19,19,19],"current_hp_per_floor":[71,71,64,64,62,61,61,61,61,54,54,46,46,42,63,18,72,52,52,52,52,52,48,12,6,6,27,27,12,6,0,0],"gold":373,"neow_bonus":"RANDOM_COMMON_RELIC","is_daily":false,"chose_seed":false,"campfire_upgraded":1,"win_rate":0.0,"timestamp":1613407630,"path_taken":["M","?","?","?","M","M","?","E","T","M","R","?","M","M","R","BOSS","M","$","?","?","?","M","M","?","T","R","?","M","M","M"],"items_purchased_type":["Relic","Relic","Relic"],"build_version":"2020-12-22","purchased_purges":1,"victory":false,"max_hp_per_floor":[72,72,72,72,72,72,72,72,72,72,72,72,72,72,72,72,72,72,72,72,72,72,72,72,72,72,72,72,72,72,72,72],"card_choices":[{"not_picked":["Crescendo","Halt"],"picked":"Meditate","floor":1},{"not_picked":["Perseverance","ThirdEye"],"picked":"EmptyFist","floor":5},{"not_picked":["CutThroughFate","ForeignInfluence"],"picked":"FlyingSleeves","floor":6},{"not_picked":["EmptyFist","Vengeance"],"picked":"SignatureMove","floor":7},{"not_picked":["Adaptation","ClearTheMind"],"picked":"SignatureMove","floor":8},{"not_picked":["Protect","Conclude"],"picked":"FlurryOfBlows","floor":10},{"not_picked":["Nirvana","Adaptation"],"picked":"WheelKick","floor":12},{"not_picked":["JustLucky","Halt"],"picked":"Evaluate","floor":13},{"not_picked":["Crescendo","ClearTheMind"],"picked":"TalkToTheHand","floor":14},{"not_picked":["Establishment","Scrawl"],"picked":"ConjureBlade","floor":16},{"not_picked":["BowlingBash+1","EmptyFist+1"],"picked":"ReachHeaven","floor":18},{"not_picked":["ForeignInfluence","EmptyBody","FearNoEvil"],"picked":"CutThroughFate","floor":23},{"not_picked":["Sanctity","JustLucky+1","CutThroughFate","FollowUp"],"picked":"SKIP","floor":24},{"not_picked":["ThirdEye+1","PathToVictory","Evaluate","BowlingBash"],"picked":"SKIP","floor":25},{"not_picked":["Adaptation","FearNoEvil","PathToVictory"],"picked":"Wish","floor":29},{"not_picked":["CrushJoints","Sanctity","EmptyFist","Prostrate"],"picked":"SKIP","floor":30}],"player_experience":131837,"relics_obtained":[{"floor":8,"key":"Tiny Chest"},{"floor":9,"key":"Lantern"},{"floor":12,"key":"Odd Mushroom"},{"floor":22,"key":"Yang"},{"floor":26,"key":"Shuriken"}],"event_choices":[{"damage_healed":0,"gold_gain":175,"player_choice":"AGREE","damage_taken":0,"max_hp_gain":0,"max_hp_loss":0,"event_name":"Liars Game","floor":2,"gold_loss":0,"cards_obtained":["Doubt"]},{"cards_removed":["Doubt"],"damage_healed":0,"gold_gain":0,"player_choice":"Card Removal","damage_taken":7,"max_hp_gain":0,"max_hp_loss":0,"event_name":"Golden Wing","floor":3,"gold_loss":0},{"damage_healed":0,"gold_gain":0,"player_choice":"Bought 3 Potions","damage_taken":0,"max_hp_gain":0,"max_hp_loss":0,"event_name":"The Woman in Blue","floor":4,"gold_loss":0},{"damage_healed":0,"gold_gain":0,"player_choice":"Fought Mushrooms","damage_taken":0,"max_hp_gain":0,"max_hp_loss":0,"event_name":"Mushrooms","floor":12,"gold_loss":0},{"damage_healed":0,"gold_gain":0,"player_choice":"Ignored","damage_taken":0,"max_hp_gain":0,"max_hp_loss":0,"event_name":"Cursed Tome","floor":20,"gold_loss":0},{"damage_healed":0,"gold_gain":99,"player_choice":"Stole From Cult","damage_taken":0,"max_hp_gain":0,"max_hp_loss":0,"event_name":"Nest","floor":21,"gold_loss":0},{"damage_healed":0,"gold_gain":0,"player_choice":"0 cards matched","damage_taken":0,"max_hp_gain":0,"max_hp_loss":0,"event_name":"Match and Keep!","floor":28,"gold_loss":0,"cards_obtained":[]}],"is_beta":false,"boss_relics":[{"not_picked":["Snecko Eye","Calling Bell"],"picked":"HolyWater"}],"items_purged_floors":[19],"is_endless":false,"potions_floor_spawned":[5,8,16,18,25,30],"killed_by":"Shelled Parasite and Fungi","ascension_level":0}}