{"host":"ndpbn7fqb3wjbd7p","time":1613350092,"event":{"mods":["AchievementEnabler","Act Like it!","AlwaysNeverKeys","BaseMod","Better Vampires","Block Reminder","Colored Powertips","DeckTracker","Defuse TimeMaze Blight","Friendly Minions","Highlight Path","MarisaÅiñ∂âJÅ@ñÇóùçπÅj","Minty Spire (QoL Compilation)","Permanent Neow","Shade Mod","StSLib","SuperFastMode","Synergy Search","The Mystic","Unceasing Turn Reminder","Wandering Minibosses"],"gold_per_floor":[369,369,384,398,285,285,316,316,316,336,336,356,356,356,356,430,430,418,430,255,180,180,180,180,180],"floor_reached":24,"language":"ENG","playtime":1065,"items_purged":["Strike_B","Defend_B"],"score":320,"play_id":"61bf0595-6ab5-4761-b7aa-40a4c0a6be60","local_time":"20210215014812","is_ascension_mode":true,"campfire_choices":[{"data":"Defragment","floor":6,"key":"SMITH"},{"data":"Zap","floor":8,"key":"SMITH"},{"data":"Zap","floor":11,"key":"SMITH"},{"data":"Hologram","floor":15,"key":"SMITH"},{"data":"Redo","floor":23,"key":"SMITH"}],"circlet_count":0,"master_deck":["AscendersBane","Defend_B","Defend_B","Defend_B","Zap+1","Dualcast","Steam Power","Zap+1","Swift Strike","Conserve Battery","Hologram+1","Defragment+1","Chill","Steam","Machine Learning","Redo+1","Defragment","Bite"],"relics":["FrozenCore","CaptainsWheel","Unceasing Top"],"acts_visited":["Exordium","TheCity"],"potions_floor_usage":[7],"damage_taken":[{"damage":10,"enemies":"Small Slimes","floor":1,"turns":3},{"damage":1,"enemies":"Cultist","floor":3,"turns":3},{"damage":2,"enemies":"Jaw Worm","floor":4,"turns":3},{"damage":16,"enemies":"Lagavulin","floor":7,"turns":7},{"damage":0,"enemies":"Looter","floor":10,"turns":2},{"damage":10,"enemies":"3 Louse","floor":12,"turns":2},{"damage":26,"enemies":"Slime Boss","floor":16,"turns":9},{"damage":4,"enemies":"2 Thieves","floor":18,"turns":5},{"damage":27,"enemies":"3 Byrds","floor":19,"turns":7},{"damage":34,"enemies":"Slavers","floor":24,"turns":4}],"seed_played":"-3077079441832029086","potions_obtained":[{"floor":1,"key":"ColorlessPotion"}],"is_trial":false,"path_per_floor":["M","?","M","M","$","R","E","R","T","M","R","M","?","?","R","B",null,"M","M","$","?","?","R","E"],"character_chosen":"DEFECT","items_purchased":["Defragment","Defragment"],"campfire_rested":0,"item_purchase_floors":[5,20],"current_hp_per_floor":[58,58,57,55,55,55,39,39,39,39,39,29,22,44,44,18,56,52,25,25,25,25,25,0,0],"gold":180,"neow_bonus":"TWO_FIFTY_GOLD","is_daily":false,"chose_seed":false,"campfire_upgraded":5,"win_rate":0.0,"timestamp":1613350092,"path_taken":["M","?","?","M","$","R","E","R","T","M","R","M","?","?","R","BOSS","M","M","$","?","?","R","E"],"items_purchased_type":["Card","Card"],"build_version":"2020-12-22","purchased_purges":2,"victory":false,"max_hp_per_floor":[68,68,68,68,68,68,68,68,68,68,68,68,68,68,68,68,68,68,68,68,68,63,63,63,63],"card_choices":[{"not_picked":["Turbo","Cold Snap"],"picked":"Steam Power","floor":1},{"not_picked":["Storm","Double Energy","Rebound"],"picked":"SKIP","floor":3},{"not_picked":["Compile Driver","Auto Shields"],"picked":"Hologram","floor":4},{"not_picked":["Reinforced Body","Sweeping Beam","Barrage"],"picked":"SKIP","floor":7},{"not_picked":["Rainbow","Blizzard"],"picked":"Chill","floor":10},{"not_picked":["Ball Lightning","Leap"],"picked":"Steam","floor":12},{"not_picked":["Reboot","Hyperbeam"],"picked":"Machine Learning","floor":16},{"not_picked":["Ball Lightning","Barrage"],"picked":"Redo","floor":18},{"not_picked":["Leap","Redo","Coolheaded"],"picked":"SKIP","floor":19}],"player_experience":1216897,"relics_obtained":[{"floor":7,"key":"CaptainsWheel"},{"floor":9,"key":"Unceasing Top"}],"event_choices":[{"damage_healed":0,"gold_gain":0,"player_choice":"3 cards matched","damage_taken":0,"max_hp_gain":0,"max_hp_loss":0,"event_name":"Match and Keep!","floor":2,"gold_loss":0,"cards_obtained":["Zap","Swift Strike","Conserve Battery"]},{"cards_removed":["Strike_B"],"damage_healed":0,"gold_gain":0,"player_choice":"Card Removal","damage_taken":7,"max_hp_gain":0,"max_hp_loss":0,"event_name":"Golden Wing","floor":13,"gold_loss":0},{"damage_healed":22,"gold_gain":0,"player_choice":"Banana","damage_taken":0,"max_hp_gain":0,"max_hp_loss":0,"event_name":"Big Fish","floor":14,"gold_loss":0},{"cards_removed":["Strike_B"],"damage_healed":0,"gold_gain":0,"player_choice":"Gave Gold","damage_taken":0,"max_hp_gain":0,"max_hp_loss":0,"event_name":"Beggar","floor":21,"gold_loss":75},{"damage_healed":0,"gold_gain":0,"player_choice":"Became a vampire","damage_taken":0,"max_hp_gain":0,"max_hp_loss":5,"event_name":"Vampires","floor":22,"gold_loss":0,"cards_obtained":["Bite"]}],"is_beta":false,"boss_relics":[{"not_picked":["Pandora\u0027s Box","Runic Dome"],"picked":"FrozenCore"}],"items_purged_floors":[5,20],"is_endless":false,"potions_floor_spawned":[1],"killed_by":"Slavers","ascension_level":13}}