{"host":"ige0qftuunv5zgmq","time":1613358139,"event":{"mods":["AchievementEnabler","BaseMod","BetterRewards","Colored Map","Colored Powertips","Hermit","Highlight Path","Minty Spire (QoL Compilation)","Shop Mod","StSLib","The Cursed","The Disciple"],"gold_per_floor":[109,124,124,144,144,144,8,8,83,48,48,68,87,107,107,107,107],"floor_reached":16,"language":"ENG","playtime":811,"items_purged":[],"score":92,"play_id":"9b5dce37-086a-42f6-9fec-0f5106cd205c","local_time":"20210214220219","is_ascension_mode":false,"campfire_choices":[{"floor":6,"key":"REST"},{"floor":15,"key":"REST"}],"circlet_count":0,"master_deck":["TheCursedMod:Strike_TheCursed+1","TheCursedMod:Strike_TheCursed","TheCursedMod:Strike_TheCursed+1","TheCursedMod:Strike_TheCursed","TheCursedMod:Defend_TheCursed","TheCursedMod:Defend_TheCursed","TheCursedMod:Defend_TheCursed","TheCursedMod:Defend_TheCursed","TheCursedMod:CursedWand","TheCursedMod:CleanUpWorkshop","TheCursedMod:Dregs","TheCursedMod:VitalStrike","TheCursedMod:CursedMace","TheCursedMod:AshesToAshes","TheCursedMod:ManaBullet","TheCursedMod:SpitefulStrike","TheCursedMod:SoulCrush","TheCursedMod:SurpriseAttack"],"relics":["TheCursedMod:BlackMagic101","Blood Vial","Golden Idol","TheCursedMod:BloodyHarpoon","GremlinMask"],"acts_visited":["Exordium"],"potions_floor_usage":[7],"damage_taken":[{"damage":8,"enemies":"Jaw Worm","floor":1,"turns":4},{"damage":0,"enemies":"2 Louse","floor":2,"turns":2},{"damage":5,"enemies":"Small Slimes","floor":4,"turns":3},{"damage":18,"enemies":"Gremlin Gang","floor":12,"turns":6},{"damage":9,"enemies":"Blue Slaver","floor":13,"turns":4},{"damage":10,"enemies":"Looter","floor":14,"turns":3},{"damage":74,"enemies":"Hexaghost","floor":16,"turns":9}],"seed_played":"-6677138618157836839","potions_obtained":[{"floor":2,"key":"TheCursedMod:DregsPotion"}],"is_trial":false,"path_per_floor":["M","M","$","M","?","R","$","?","T","?","?","M","M","M","R","B"],"character_chosen":"THE_CURSED","items_purchased":["Fruit Juice","TheCursedMod:ManaBullet"],"campfire_rested":2,"item_purchase_floors":[7,7],"current_hp_per_floor":[67,69,69,66,51,73,78,58,58,78,78,62,55,47,71,0,0],"gold":107,"neow_bonus":"RANDOM_COMMON_RELIC","is_daily":false,"chose_seed":false,"campfire_upgraded":0,"win_rate":0.0,"timestamp":1613358139,"path_taken":["M","M","$","M","?","R","$","?","T","?","?","M","M","?","R","BOSS"],"items_purchased_type":["Potion","Card"],"build_version":"2020-12-22","purchased_purges":0,"victory":false,"max_hp_per_floor":[75,75,75,75,75,75,80,80,80,80,80,80,80,80,80,80,80],"card_choices":[{"not_picked":["TheCursedMod:FleshFromBone","TheCursedMod:Grudge"],"picked":"TheCursedMod:VitalStrike","floor":1},{"not_picked":["TheCursedMod:Stretching","TheCursedMod:Mangle"],"picked":"TheCursedMod:CursedMace","floor":2},{"not_picked":["TheCursedMod:EmpowerCircles","TheCursedMod:PrepareRite"],"picked":"TheCursedMod:AshesToAshes","floor":4},{"not_picked":["TheCursedMod:TacticalStrike","TheCursedMod:CircleOfBlood"],"picked":"TheCursedMod:SpitefulStrike","floor":12},{"not_picked":["TheCursedMod:BloodBarrier","TheCursedMod:TacticalStrike"],"picked":"TheCursedMod:SoulCrush","floor":13},{"not_picked":["TheCursedMod:Stigma","TheCursedMod:Torture"],"picked":"TheCursedMod:SurpriseAttack","floor":14}],"player_experience":31755,"relics_obtained":[{"floor":9,"key":"TheCursedMod:BloodyHarpoon"}],"event_choices":[{"damage_healed":0,"gold_gain":0,"player_choice":"Entered Light","damage_taken":15,"max_hp_gain":0,"max_hp_loss":0,"event_name":"Shining Light","floor":5,"gold_loss":0,"cards_upgraded":["TheCursedMod:Strike_TheCursed","TheCursedMod:Strike_TheCursed"]},{"damage_healed":0,"gold_gain":0,"player_choice":"Take Damage","damage_taken":20,"relics_obtained":["Golden Idol"],"max_hp_gain":0,"max_hp_loss":0,"event_name":"Golden Idol","floor":8,"gold_loss":0},{"damage_healed":20,"gold_gain":0,"player_choice":"Healed","damage_taken":0,"max_hp_gain":0,"max_hp_loss":0,"event_name":"The Cleric","floor":10,"gold_loss":35},{"damage_healed":0,"gold_gain":0,"player_choice":"Trade","damage_taken":0,"relics_obtained":["GremlinMask"],"max_hp_gain":0,"max_hp_loss":0,"event_name":"FaceTrader","floor":11,"gold_loss":0}],"is_beta":false,"boss_relics":[],"items_purged_floors":[],"is_endless":false,"potions_floor_spawned":[2],"killed_by":"Hexaghost","ascension_level":0}}