{"host":"dm3der2z84gf27js","time":1613419920,"event":{"mods":["AchievementEnabler","BaseMod","Bestiary","Better Note","Better Third Choice","Colored Map","Colored Powertips","Marisa????????","Minty Spire (QoL Compilation)","Onozuka Komachi Mod","StSLib","The Marked","The Servant 0.9.4"],"gold_per_floor":[118,137,153,153,172,186,57,102,102,131,131,150,150,192,192,341,341,366,366,366,366,401,401,445,91,91,98,98],"floor_reached":27,"language":"ENG","playtime":1804,"items_purged":["Pain"],"score":308,"play_id":"002b8729-94fe-4d00-9578-07df45ea3b41","local_time":"20210215151200","is_ascension_mode":true,"campfire_choices":[{"floor":11.0,"key":"REST"},{"floor":13.0,"key":"RECALL"},{"data":"MilkyWay","floor":15.0,"key":"SMITH"},{"floor":23.0,"key":"REST"}],"circlet_count":0,"master_deck":["Strike_MRS","Strike_MRS","Strike_MRS","Strike_MRS","Defend_MRS","Defend_MRS","Defend_MRS","Defend_MRS","MasterSpark","UpSweep","EnergyFlow","MilkyWay+1","IllusionStar","GravityBeat","EnergyFlow","WitchOfGreed","OpenUniverse","Parasite","Parasite","BlazingStar","Robbery","PulseMagic","AsteroidBelt","BinaryStars","OpenUniverse","MasterSpark","BlazeAway","GrandCross","ManaRampage","GalacticHalo"],"relics":["MiniHakkero","NeowsBlessing","ShroomBag","Matryoshka","MagicBroom","Black Star","WarpedTongs","Blood Vial","AmplifyWand","Tiny Chest","Ornamental Fan","MealTicket","White Beast Statue","Kunai"],"acts_visited":["Exordium","TheCity"],"potions_floor_usage":[27,27],"damage_taken":[{"damage":0.0,"enemies":"Small Slimes","floor":1.0,"turns":1.0},{"damage":0.0,"enemies":"2 Louse","floor":2.0,"turns":1.0},{"damage":0.0,"enemies":"Jaw Worm","floor":3.0,"turns":1.0},{"damage":18.0,"enemies":"Blue Slaver","floor":5.0,"turns":5.0},{"damage":23.0,"enemies":"Lots of Slimes","floor":6.0,"turns":3.0},{"damage":0.0,"enemies":"Lagavulin","floor":8.0,"turns":4.0},{"damage":2.0,"enemies":"3 Sentries","floor":10.0,"turns":2.0},{"damage":0.0,"enemies":"Red Slaver","floor":12.0,"turns":2.0},{"damage":0.0,"enemies":"Large Slime","floor":14.0,"turns":3.0},{"damage":50.0,"enemies":"The Guardian","floor":16.0,"turns":8.0},{"damage":30.0,"enemies":"Spheric Guardian","floor":18.0,"turns":5.0},{"damage":5.0,"enemies":"Chosen","floor":22.0,"turns":3.0},{"damage":46.0,"enemies":"Slavers","floor":24.0,"turns":5.0},{"damage":17,"enemies":"Gremlin Leader","floor":27,"turns":8}],"seed_played":"8352790615836212085","potions_obtained":[{"floor":1.0,"key":"AttackPotion"},{"floor":3.0,"key":"LiquidMemories"},{"floor":5.0,"key":"SteroidPotion"},{"floor":8.0,"key":"Dexterity Potion"},{"floor":10.0,"key":"Dexterity Potion"},{"floor":16.0,"key":"SkillPotion"},{"floor":16.0,"key":"Fire Potion"},{"floor":18.0,"key":"FearPotion"},{"floor":22.0,"key":"AttackPotion"},{"floor":24.0,"key":"Dexterity Potion"}],"is_trial":false,"path_per_floor":["M","M","M","?","M","M","$","E","T","E","R","M","R","M","R","B",null,"M","?","?","T","M","R","E","$","T","E"],"character_chosen":"MARISA","items_purchased":["WitchOfGreed","OpenUniverse","Ornamental Fan","GalacticHalo"],"campfire_rested":2,"item_purchase_floors":[7,7,25,25],"current_hp_per_floor":[75,75,75,75,57,34,34,34,34,34,56,58,58,62,62,16,75,45,45,45,45,44,66,26,26,26,15,15],"gold":98,"neow_bonus":"THREE_ENEMY_KILL","is_daily":false,"chose_seed":false,"campfire_upgraded":1,"win_rate":0.0,"timestamp":1613419920,"path_taken":["M","M","M","?","M","M","$","E","T","E","R","M","R","M","R","BOSS","M","?","?","?","M","R","E","$","T","E"],"items_purchased_type":["Card","Card","Relic","Card"],"build_version":"2020-12-22","purchased_purges":1,"victory":false,"max_hp_per_floor":[75,75,75,75,75,75,75,75,75,75,75,75,75,75,75,75,75,75,75,75,75,75,75,75,75,75,75,75],"card_choices":[{"not_picked":["MagicAbsorber","WitchOfGreed"],"picked":"EnergyFlow","floor":1.0},{"not_picked":["DragonMeteor","IllusionStar"],"picked":"MilkyWay","floor":2.0},{"not_picked":["DC","MilkyWay"],"picked":"IllusionStar","floor":3.0},{"not_picked":["NonDirectionalLaser","WitchLeyline"],"picked":"GravityBeat","floor":5.0},{"not_picked":["UnstableBomb","AlicesGift"],"picked":"EnergyFlow","floor":6.0},{"not_picked":["StarlightTyphoon","ShootingEcho"],"picked":"BlazingStar","floor":8.0},{"not_picked":["BigCrunch","NonDirectionalLaser"],"picked":"Robbery","floor":10.0},{"not_picked":["LuminesStrike","DC"],"picked":"PulseMagic","floor":12.0},{"not_picked":["IllusionStar","Orbital"],"picked":"AsteroidBelt","floor":14.0},{"not_picked":["BigCrunch","AbsoluteMagnitude"],"picked":"BinaryStars","floor":16.0},{"not_picked":["DarkSpark","SporeBomb"],"picked":"OpenUniverse","floor":18.0},{"not_picked":["6A","PowerUp"],"picked":"GrandCross","floor":22.0},{"not_picked":["MagicAbsorber","ShootingEcho+1"],"picked":"ManaRampage","floor":24.0}],"player_experience":220605,"relics_obtained":[{"floor":8.0,"key":"ShroomBag"},{"floor":9.0,"key":"Matryoshka"},{"floor":10.0,"key":"MagicBroom"},{"floor":21.0,"key":"Blood Vial"},{"floor":24.0,"key":"AmplifyWand"},{"floor":24.0,"key":"Tiny Chest"},{"floor":26.0,"key":"MealTicket"},{"floor":26.0,"key":"White Beast Statue"}],"event_choices":[{"damage_healed":0.0,"max_hp_gain":0.0,"max_hp_loss":0.0,"gold_gain":0.0,"event_name":"The Cleric","player_choice":"Leave","floor":4.0,"gold_loss":0.0,"damage_taken":0.0},{"damage_healed":0.0,"max_hp_gain":0.0,"max_hp_loss":0.0,"gold_gain":0.0,"event_name":"Match and Keep!","player_choice":"2 cards matched","floor":19.0,"gold_loss":0.0,"damage_taken":0.0,"cards_obtained":["MasterSpark","BlazeAway"]},{"damage_healed":0.0,"max_hp_gain":0.0,"max_hp_loss":0.0,"gold_gain":0.0,"event_name":"Accursed Blacksmith","player_choice":"Rummage","floor":20.0,"gold_loss":0.0,"damage_taken":0.0,"relics_obtained":["WarpedTongs"],"cards_obtained":["Pain"]}],"is_beta":false,"boss_relics":[{"not_picked":["Busted Crown","Astrolabe"],"picked":"Black Star"}],"items_purged_floors":[25],"is_endless":false,"potions_floor_spawned":[1,3,5,10,16,22],"killed_by":"Gremlin Leader","ascension_level":1}}