{"host":"rmsq46plbpwfbxcc","time":1613368797,"event":{"mods":["AchievementEnabler","BaseMod","Colored Map","Colored Powertips","DeckTracker","KOR Keyword Fix","Minty Spire (QoL Compilation)","Permanent Neow","Quick Restart","SuperFastMode"],"gold_per_floor":[118,118,118,128,203,203,230,241,241,221,254,254,287,307,307,409,409,422,434,454,454,466,495,495,525,525,525,542,542,557,588,588,691,691,704,233,244,254,304,304,166,186,212,212,237,248,248,248,248,248,248,248,24,59,59],"floor_reached":56,"language":"KOR","playtime":2124,"items_purged":["Defend_G","Strike_G"],"score":1667,"play_id":"ec9a2096-815b-4f09-b0ed-be3a2c7eae1c","local_time":"20210215145957","is_ascension_mode":true,"campfire_choices":[{"data":"Blade Dance","floor":6.0,"key":"SMITH"},{"data":"After Image","floor":12.0,"key":"SMITH"},{"data":"Cloak And Dagger","floor":15.0,"key":"SMITH"},{"data":"Accuracy","floor":24.0,"key":"SMITH"},{"floor":27.0,"key":"REST"},{"data":"Neutralize","floor":29.0,"key":"SMITH"},{"floor":32,"key":"REST"},{"data":"Phantasmal Killer","floor":40,"key":"SMITH"},{"data":"Trip","floor":47,"key":"SMITH"},{"floor":49,"key":"RECALL"},{"data":"Finisher","floor":52,"key":"SMITH"}],"circlet_count":0,"master_deck":["Strike_G","Strike_G+1","Defend_G","Defend_G+1","Defend_G","Survivor","Neutralize+1","Eviscerate+1","Backstab+1","PiercingWail","Blade Dance+1","Accuracy+1","After Image+1","Cloak And Dagger+1","Choke","Tactician","Phantasmal Killer+1","Trip+1","Finisher+1","Parasite","Acrobatics","Sucker Punch"],"relics":["Astrolabe","Kunai","White Beast Statue","Paper Crane","Torii","Centennial Puzzle","Blue Candle","Ninja Scroll","Vajra","HoveringKite","Potion Belt","Strawberry","Thread and Needle","Darkstone Periapt","Lantern","StrikeDummy"],"acts_visited":["Exordium","TheCity","TheBeyond","TheEnding"],"potions_floor_usage":[31,33,37,42,45,45,45,50,50,54,55,55,55,55,55,55,55],"damage_taken":[{"damage":0.0,"enemies":"Jaw Worm","floor":1.0,"turns":2.0},{"damage":0.0,"enemies":"2 Louse","floor":4.0,"turns":2.0},{"damage":12.0,"enemies":"Lagavulin","floor":7.0,"turns":5.0},{"damage":0.0,"enemies":"Small Slimes","floor":8.0,"turns":2.0},{"damage":2.0,"enemies":"3 Sentries","floor":11.0,"turns":6.0},{"damage":5.0,"enemies":"Lagavulin","floor":13.0,"turns":6.0},{"damage":0.0,"enemies":"Gremlin Gang","floor":14.0,"turns":5.0},{"damage":1.0,"enemies":"Hexaghost","floor":16.0,"turns":11.0},{"damage":14.0,"enemies":"2 Thieves","floor":18.0,"turns":5.0},{"damage":0.0,"enemies":"Chosen","floor":19.0,"turns":5.0},{"damage":9.0,"enemies":"Sentry and Sphere","floor":20.0,"turns":6.0},{"damage":7.0,"enemies":"Centurion and Healer","floor":22.0,"turns":4.0},{"damage":11.0,"enemies":"Slavers","floor":23.0,"turns":8.0},{"damage":25.0,"enemies":"Gremlin Leader","floor":25.0,"turns":10.0},{"damage":14.0,"enemies":"3 Cultists","floor":28.0,"turns":5.0},{"damage":1.0,"enemies":"Snecko","floor":30.0,"turns":5.0},{"damage":1,"enemies":"Slavers","floor":31,"turns":4},{"damage":9,"enemies":"Collector","floor":33,"turns":10},{"damage":0,"enemies":"Orb Walker","floor":35,"turns":4},{"damage":1,"enemies":"3 Darklings","floor":37,"turns":8},{"damage":12,"enemies":"Maw","floor":38,"turns":5},{"damage":0,"enemies":"Mind Bloom Boss Battle","floor":39,"turns":6},{"damage":0,"enemies":"Writhing Mass","floor":42,"turns":2},{"damage":1,"enemies":"Reptomancer","floor":45,"turns":7},{"damage":1,"enemies":"4 Shapes","floor":46,"turns":5},{"damage":61,"enemies":"Time Eater","floor":50,"turns":11},{"damage":8,"enemies":"Shield and Spear","floor":54,"turns":5},{"damage":58,"enemies":"The Heart","floor":55,"turns":11}],"seed_played":"-674781104391021631","potions_obtained":[{"floor":4.0,"key":"Weak Potion"},{"floor":8.0,"key":"GamblersBrew"},{"floor":10.0,"key":"Strength Potion"},{"floor":11.0,"key":"Poison Potion"},{"floor":13.0,"key":"BlessingOfTheForge"},{"floor":14.0,"key":"Weak Potion"},{"floor":16.0,"key":"SkillPotion"},{"floor":18.0,"key":"Fruit Juice"},{"floor":19.0,"key":"LiquidMemories"},{"floor":20.0,"key":"SkillPotion"},{"floor":22.0,"key":"Energy Potion"},{"floor":23.0,"key":"SpeedPotion"},{"floor":25.0,"key":"Strength Potion"},{"floor":28.0,"key":"Energy Potion"},{"floor":30.0,"key":"Poison Potion"},{"floor":31,"key":"Strength Potion"},{"floor":33,"key":"Dexterity Potion"},{"floor":35,"key":"DistilledChaos"},{"floor":37,"key":"Explosive Potion"},{"floor":38,"key":"GhostInAJar"},{"floor":39,"key":"Regen Potion"},{"floor":42,"key":"DistilledChaos"},{"floor":45,"key":"SneckoOil"},{"floor":46,"key":"EntropicBrew"},{"floor":54,"key":"Explosive Potion"}],"is_trial":false,"path_per_floor":["M","?","?","M","?","R","E","M","T","?","E","R","E","M","R","B",null,"M","M","M","?","M","E","R","E","T","R","M","R","M","E","R","B",null,"M","$","M","M","?","R","$","M","T","?","E","M","R","?","R","B",null,"R","$","E","B",null],"character_chosen":"THE_SILENT","items_purchased":["Potion Belt","Strawberry","Trip","Finisher","Lantern","DistilledChaos"],"campfire_rested":2,"item_purchase_floors":[36,36,36,41,53,53],"current_hp_per_floor":[63,49,54,54,43,43,31,31,31,31,29,29,24,24,24,23,62,53,53,44,44,37,26,26,1,1,25,11,11,10,9,33,24,66,66,73,72,60,60,60,60,60,60,60,74,73,73,73,73,12,68,68,68,60,17],"gold":59,"neow_bonus":"BOSS_RELIC","is_daily":false,"chose_seed":false,"campfire_upgraded":8,"win_rate":0.0,"timestamp":1613368797,"path_taken":["M","?","?","M","?","R","E","M","T","?","E","R","E","M","R","BOSS","M","?","M","?","M","E","R","E","T","R","M","R","M","E","R","BOSS","M","$","M","?","?","R","$","M","T","?","E","M","R","?","R","BOSS","R","$","E","BOSS"],"items_purchased_type":["Relic","Relic","Card","Card","Relic","Potion"],"build_version":"2020-12-22","purchased_purges":2,"victory":true,"max_hp_per_floor":[70,70,75,75,75,75,75,75,75,75,75,75,75,75,75,75,75,80,80,80,80,80,80,80,80,80,80,80,80,80,80,80,80,80,80,87,87,87,87,87,87,87,87,87,87,87,87,87,87,87,87,87,87,87,87],"card_choices":[{"not_picked":["Leg Sweep","Dodge and Roll"],"picked":"PiercingWail","floor":1.0},{"not_picked":["Deadly Poison","Choke"],"picked":"Blade Dance","floor":4.0},{"not_picked":["Deflect","Dodge and Roll"],"picked":"Accuracy","floor":7.0},{"not_picked":["Bane","Tactician"],"picked":"After Image","floor":8.0},{"not_picked":["Prepared","Backflip"],"picked":"Cloak And Dagger","floor":11.0},{"not_picked":["Crippling Poison","Dagger Spray","Poisoned Stab"],"picked":"SKIP","floor":13.0},{"not_picked":["Slice","Blur"],"picked":"Choke","floor":14.0},{"not_picked":["Outmaneuver+1","Deflect"],"picked":"Tactician","floor":18.0},{"not_picked":["Skewer","Leg Sweep+1","Noxious Fumes+1"],"picked":"SKIP","floor":19.0},{"not_picked":["Deadly Poison","Sucker Punch","Bane"],"picked":"SKIP","floor":20.0},{"not_picked":["Distraction","Prepared","Dagger Spray"],"picked":"SKIP","floor":22.0},{"not_picked":["Footwork","Poisoned Stab+1","Flechettes"],"picked":"SKIP","floor":23.0},{"not_picked":["Outmaneuver","Setup+1","Unload"],"picked":"SKIP","floor":25.0},{"not_picked":["Deadly Poison","Flying Knee","Cloak And Dagger"],"picked":"SKIP","floor":28.0},{"not_picked":["Dagger Throw","Eviscerate","Deadly Poison+1"],"picked":"SKIP","floor":30.0},{"not_picked":["Leg Sweep","Prepared","Wraith Form v2"],"picked":"SKIP","floor":31},{"not_picked":["Corpse Explosion","Glass Knife"],"picked":"Phantasmal Killer","floor":33},{"not_picked":["Dagger Spray","Deflect","Masterful Stab+1"],"picked":"SKIP","floor":35},{"not_picked":["Outmaneuver","Deflect","Skewer"],"picked":"SKIP","floor":37},{"not_picked":["Leg Sweep+1","Bouncing Flask+1","Cloak And Dagger"],"picked":"SKIP","floor":38},{"not_picked":["Dagger Throw+1","Dodge and Roll+1","Bane+1"],"picked":"SKIP","floor":42},{"not_picked":["Blade Dance","Quick Slash","Poisoned Stab"],"picked":"SKIP","floor":45},{"not_picked":["Quick Slash+1","PiercingWail"],"picked":"Acrobatics","floor":46},{"not_picked":["Slice","Masterful Stab"],"picked":"Sucker Punch","floor":54}],"player_experience":645943,"relics_obtained":[{"floor":7.0,"key":"Kunai"},{"floor":9.0,"key":"White Beast Statue"},{"floor":11.0,"key":"Paper Crane"},{"floor":13.0,"key":"Torii"},{"floor":23.0,"key":"Centennial Puzzle"},{"floor":25.0,"key":"Blue Candle"},{"floor":26.0,"key":"Ninja Scroll"},{"floor":31,"key":"Vajra"},{"floor":39,"key":"Thread and Needle"},{"floor":45,"key":"Darkstone Periapt"},{"floor":54,"key":"StrikeDummy"}],"event_choices":[{"damage_healed":0.0,"max_hp_gain":0.0,"max_hp_loss":0.0,"gold_gain":0.0,"event_name":"Shining Light","player_choice":"Entered Light","floor":2.0,"gold_loss":0.0,"damage_taken":14.0,"cards_upgraded":["Strike_G","Defend_G"]},{"damage_healed":0.0,"max_hp_gain":5.0,"max_hp_loss":0.0,"gold_gain":0.0,"event_name":"Big Fish","player_choice":"Donut","floor":3.0,"gold_loss":0.0,"damage_taken":0.0},{"damage_healed":0.0,"max_hp_gain":0.0,"max_hp_loss":0.0,"gold_gain":75.0,"event_name":"World of Goop","player_choice":"Gather Gold","floor":5.0,"gold_loss":0.0,"damage_taken":11.0},{"damage_healed":0.0,"max_hp_gain":0.0,"max_hp_loss":0.0,"gold_gain":0.0,"event_name":"The Woman in Blue","player_choice":"Bought 1 Potion","floor":10.0,"gold_loss":0.0,"damage_taken":0.0},{"damage_healed":0.0,"max_hp_gain":0.0,"max_hp_loss":0.0,"gold_gain":0.0,"event_name":"N\u0027loth","player_choice":"Ignored","floor":21.0,"gold_loss":0.0,"damage_taken":0.0},{"damage_healed":0,"gold_gain":0,"player_choice":"Fight","damage_taken":0,"max_hp_gain":0,"max_hp_loss":0,"event_name":"MindBloom","floor":39,"gold_loss":0},{"cards_removed":["Dash"],"damage_healed":0,"gold_gain":0,"player_choice":"Removed Attack","damage_taken":0,"max_hp_gain":0,"max_hp_loss":0,"event_name":"Falling","floor":44,"gold_loss":0},{"damage_healed":0,"gold_gain":0,"player_choice":"Ignored","damage_taken":0,"max_hp_gain":0,"max_hp_loss":0,"event_name":"Tomb of Lord Red Mask","floor":48,"gold_loss":0}],"is_beta":false,"boss_relics":[{"not_picked":["Velvet Choker","Ectoplasm","Runic Pyramid"]},{"not_picked":["SlaversCollar","Sozu"],"picked":"HoveringKite"}],"items_purged_floors":[36,41],"is_endless":false,"potions_floor_spawned":[4,8,11,13,14,16,18,19,20,22,23,25,28,30,31,33,35,37,38,39,42,45,46,54],"ascension_level":6}}