{"host":"ptk1shuto3uimndw","time":1613415702,"event":{"mods":["AchievementEnabler","BaseMod","Bestiary","Colored Map","Colored Powertips","Curses Come First","Minty Spire (QoL Compilation)","Quick Restart","Rare Cards Sparkle","Relic Stats","StSLib","Uncapped"],"gold_per_floor":[99,99,99,99,99,99,99,99,99,99,99,99,99,99,99,99,99,99,99,99,24,24,24,24,24,24,24,24,24,24,24,24,24,24,24,24,24,24,24,24,24,24,24,24,24,24,24,24,24,24],"floor_reached":51,"language":"ENG","playtime":9773,"items_purged":["Strike_P+1"],"score":1125,"play_id":"90ee3106-eff1-4191-9a36-4146173e4699","local_time":"20210215200142","is_ascension_mode":true,"campfire_choices":[{"data":"CrushJoints","floor":6.0,"key":"SMITH"},{"data":"BowlingBash","floor":8.0,"key":"SMITH"},{"data":"Eruption","floor":10.0,"key":"SMITH"},{"floor":15.0,"key":"REST"},{"data":"Vigilance","floor":23.0,"key":"SMITH"},{"floor":27.0,"key":"REST"},{"floor":29.0,"key":"REST"},{"floor":32.0,"key":"REST"},{"floor":40.0,"key":"REST"},{"data":"Vault","floor":42.0,"key":"SMITH"},{"floor":45.0,"key":"REST"},{"floor":49.0,"key":"REST"}],"circlet_count":0,"master_deck":["AscendersBane","Strike_P+1","Strike_P+1","Defend_P+1","Defend_P+1","Defend_P+1","Defend_P+1","Eruption+1","Vigilance+1","CrushJoints+1","Protect+1","CutThroughFate+1","EmptyFist+1","Ragnarok+1","FearNoEvil+1","FlurryOfBlows+1","LessonLearned+1","DeusExMachina+1","Necronomicurse","CutThroughFate+1","Blasphemy+1","Halt+1","ClearTheMind+1","Vault+1","TalkToTheHand+1"],"relics":["Ectoplasm","Molten Egg 2","Bottled Flame","Juzu Bracelet","Philosopher\u0027s Stone","Smiling Mask","Potion Belt","Necronomicon","VioletLotus","Strawberry","Shuriken","Singing Bowl"],"acts_visited":["Exordium","TheCity","TheBeyond"],"potions_floor_usage":[50,50,50],"damage_taken":[{"damage":0.0,"enemies":"2 Louse","floor":1.0,"turns":1.0},{"damage":0.0,"enemies":"Small Slimes","floor":3.0,"turns":3.0},{"damage":0.0,"enemies":"Jaw Worm","floor":5.0,"turns":3.0},{"damage":18.0,"enemies":"Gremlin Nob","floor":7.0,"turns":4.0},{"damage":0.0,"enemies":"Exordium Wildlife","floor":11.0,"turns":2.0},{"damage":12.0,"enemies":"Lagavulin","floor":12.0,"turns":4.0},{"damage":9.0,"enemies":"2 Fungi Beasts","floor":13.0,"turns":2.0},{"damage":0.0,"enemies":"Blue Slaver","floor":14.0,"turns":2.0},{"damage":14.0,"enemies":"Hexaghost","floor":16.0,"turns":7.0},{"damage":11.0,"enemies":"Shell Parasite","floor":18.0,"turns":5.0},{"damage":22.0,"enemies":"Book of Stabbing","floor":24.0,"turns":5.0},{"damage":10.0,"enemies":"3 Byrds","floor":25.0,"turns":3.0},{"damage":16.0,"enemies":"Shelled Parasite and Fungi","floor":30.0,"turns":2.0},{"damage":0.0,"enemies":"Champ","floor":33.0,"turns":4.0},{"damage":0.0,"enemies":"3 Darklings","floor":35.0,"turns":2.0},{"damage":14.0,"enemies":"3 Shapes","floor":37.0,"turns":3.0},{"damage":47.0,"enemies":"Transient","floor":39.0,"turns":5.0},{"damage":0.0,"enemies":"Reptomancer","floor":41.0,"turns":2.0},{"damage":24.0,"enemies":"Writhing Mass","floor":44.0,"turns":5.0},{"damage":46,"enemies":"Donu and Deca","floor":50,"turns":5}],"seed_played":"8183760986408378959","potions_obtained":[{"floor":1.0,"key":"ColorlessPotion"},{"floor":7.0,"key":"FearPotion"},{"floor":25.0,"key":"CultistPotion"},{"floor":30.0,"key":"Strength Potion"},{"floor":37.0,"key":"CultistPotion"},{"floor":39.0,"key":"Swift Potion"}],"is_trial":false,"path_per_floor":["M","?","M","?","M","R","E","R","T","R","M","E","M","M","R","B",null,"M","?","?","$","?","R","E","M","T","R","?","R","M","?","R","B",null,"M","?","M","$","M","R","E","R","T","M","R","?","$","?","R","B",null],"character_chosen":"WATCHER","items_purchased":[],"campfire_rested":7,"item_purchase_floors":[],"current_hp_per_floor":[65,51,51,51,51,51,33,33,33,33,33,21,12,12,33,19,59,48,48,48,48,48,48,26,16,16,37,21,42,26,26,47,47,66,66,66,52,52,5,25,32,32,32,8,30,30,30,30,52,6],"gold":24,"neow_bonus":"BOSS_RELIC","is_daily":false,"chose_seed":false,"campfire_upgraded":5,"win_rate":0.0,"timestamp":1613415702,"path_taken":["M","?","M","?","M","R","E","R","T","R","M","E","M","M","R","BOSS","M","?","?","$","?","R","E","M","T","R","?","R","M","?","R","BOSS","M","?","M","?","M","R","E","R","T","M","R","?","?","?","R","BOSS"],"items_purchased_type":[],"build_version":"2020-12-22","purchased_purges":1,"victory":true,"max_hp_per_floor":[72,72,72,72,72,72,72,72,72,72,72,72,72,72,72,72,72,72,72,72,72,72,72,72,72,72,72,72,72,72,72,72,72,72,72,68,68,68,68,68,75,75,75,75,75,75,75,75,75,75],"relic_stats":{"Singing Bowl":0,"counters":[20,69],"Shuriken":[6],"Ectoplasm":636,"VioletLotus":[5],"Juzu Bracelet":2,"Necronomicon":[13],"Smiling Mask":0,"obtain_stats":[{"Potion Belt":26,"Singing Bowl":46,"Juzu Bracelet":12,"Smiling Mask":24,"Bottled Flame":9,"Shuriken":43,"Strawberry":41,"Molten Egg 2":7,"Philosopher\u0027s Stone":17,"Ectoplasm":0,"VioletLotus":34,"Necronomicon":28,"PureWater":0},{"Potion Belt":12,"Singing Bowl":19,"Juzu Bracelet":6,"Smiling Mask":11,"Bottled Flame":4,"Shuriken":18,"Strawberry":18,"Molten Egg 2":4,"Philosopher\u0027s Stone":9,"Ectoplasm":0,"VioletLotus":14,"Necronomicon":12,"PureWater":0},{"Potion Belt":41,"Singing Bowl":64,"Juzu Bracelet":17,"Smiling Mask":38,"Bottled Flame":11,"Shuriken":59,"Strawberry":59,"Molten Egg 2":11,"Philosopher\u0027s Stone":28,"Ectoplasm":0,"VioletLotus":47,"Necronomicon":41,"PureWater":0}]},"card_choices":[{"not_picked":["Wireheading","FlurryOfBlows"],"picked":"BowlingBash","floor":1.0},{"not_picked":["Protect","FlurryOfBlows"],"picked":"CrushJoints","floor":3.0},{"not_picked":["Prostrate","Halt"],"picked":"Protect","floor":5.0},{"not_picked":["CrushJoints+1","Devotion"],"picked":"CutThroughFate+1","floor":7.0},{"not_picked":["ThirdEye","JustLucky+1"],"picked":"EmptyFist+1","floor":11.0},{"not_picked":["Halt","Collect"],"picked":"Ragnarok+1","floor":12.0},{"not_picked":["FlurryOfBlows+1","Halt"],"picked":"FearNoEvil+1","floor":13.0},{"not_picked":["Study","Wireheading"],"picked":"FlurryOfBlows+1","floor":14.0},{"not_picked":["DevaForm","Alpha"],"picked":"LessonLearned+1","floor":16.0},{"not_picked":["ClearTheMind","FollowUp+1","Consecrate+1"],"picked":"SKIP","floor":18.0},{"not_picked":["Crescendo","FollowUp+1","ClearTheMind"],"picked":"SKIP","floor":24.0},{"not_picked":["EmptyFist+1","SignatureMove+1"],"picked":"DeusExMachina","floor":25.0},{"not_picked":["PathToVictory+1","Halt"],"picked":"CutThroughFate+1","floor":30.0},{"not_picked":["Wish","MasterReality"],"picked":"Blasphemy","floor":33.0},{"not_picked":["ForeignInfluence+1","Evaluate"],"picked":"Halt+1","floor":35.0},{"not_picked":["Protect","Evaluate+1","FlyingSleeves+1"],"picked":"SKIP","floor":37.0},{"not_picked":["Fasting2+1","WindmillStrike+1"],"picked":"ClearTheMind+1","floor":39.0},{"not_picked":["Weave+1","Consecrate+1"],"picked":"Vault","floor":41.0},{"not_picked":["DeceiveReality","CutThroughFate+1"],"picked":"TalkToTheHand+1","floor":44.0}],"player_experience":268094,"relics_obtained":[{"floor":7.0,"key":"Molten Egg 2"},{"floor":9.0,"key":"Bottled Flame"},{"floor":12.0,"key":"Juzu Bracelet"},{"floor":24.0,"key":"Smiling Mask"},{"floor":26.0,"key":"Potion Belt"},{"floor":28.0,"key":"Necronomicon"},{"floor":41.0,"key":"Strawberry"},{"floor":43.0,"key":"Shuriken"}],"event_choices":[{"damage_healed":0.0,"max_hp_gain":0.0,"max_hp_loss":0.0,"gold_gain":0.0,"event_name":"Shining Light","player_choice":"Entered Light","floor":2.0,"gold_loss":0.0,"damage_taken":14.0,"cards_upgraded":["Defend_P","Strike_P"]},{"cards_removed":["Strike_P"],"damage_healed":0.0,"max_hp_gain":0.0,"max_hp_loss":0.0,"gold_gain":0.0,"event_name":"Living Wall","player_choice":"Forget","floor":4.0,"gold_loss":0.0,"damage_taken":0.0},{"damage_healed":0.0,"max_hp_gain":0.0,"max_hp_loss":0.0,"gold_gain":0.0,"event_name":"Ghosts","player_choice":"Ignored","floor":19.0,"gold_loss":0.0,"damage_taken":0.0},{"damage_healed":0.0,"max_hp_gain":0.0,"max_hp_loss":0.0,"gold_gain":0.0,"event_name":"Back to Basics","player_choice":"Simplicity","floor":20.0,"gold_loss":0.0,"damage_taken":0.0,"cards_upgraded":["Strike_P","Strike_P","Defend_P","Defend_P","Defend_P"]},{"damage_healed":0.0,"max_hp_gain":0.0,"max_hp_loss":0.0,"gold_gain":99.0,"event_name":"Nest","player_choice":"Stole From Cult","floor":22.0,"gold_loss":0.0,"damage_taken":0.0},{"damage_healed":0.0,"max_hp_gain":0.0,"max_hp_loss":0.0,"gold_gain":0.0,"event_name":"Cursed Tome","player_choice":"Obtained Book","floor":28.0,"gold_loss":0.0,"damage_taken":16.0},{"damage_healed":0.0,"max_hp_gain":0.0,"max_hp_loss":4.0,"gold_gain":0.0,"event_name":"Winding Halls","player_choice":"Max HP","floor":36.0,"gold_loss":0.0,"damage_taken":0.0},{"cards_removed":["BowlingBash"],"damage_healed":0.0,"max_hp_gain":0.0,"max_hp_loss":0.0,"gold_gain":0.0,"event_name":"WeMeetAgain","player_choice":"Gave Card","floor":46.0,"gold_loss":0.0,"damage_taken":0.0,"relics_obtained":["Singing Bowl"]},{"damage_healed":0.0,"max_hp_gain":0.0,"max_hp_loss":0.0,"gold_gain":0.0,"event_name":"SecretPortal","player_choice":"Ignored","floor":48.0,"gold_loss":0.0,"damage_taken":0.0}],"is_beta":false,"boss_relics":[{"not_picked":["Velvet Choker","Runic Pyramid"],"picked":"Philosopher\u0027s Stone"},{"not_picked":["SacredBark","Runic Dome"],"picked":"VioletLotus"}],"items_purged_floors":[21],"is_endless":false,"potions_floor_spawned":[1,7,11,14,24,25,30,37,39,41],"ascension_level":11}}