{"host":"l4he167voxkef95j","time":1613404234,"event":{"mods":["BaseMod","Infinite Spire","Minty Spire (QoL Compilation)","Rare Cards Sparkle","StSLib"],"gold_per_floor":[112,130,130,130,130,130,165,165,165,167,167,183,202,223,223,341,341,366,386,141,163,78,122,144,214,214,236,250,267,17,37,37,146,146,157,205,207,227,277,298,330,330,330,345,345,358,391,402,402,525,525,529,529,539,547,556,556,633,639,663,5,5,33,33,61,61,160,169,186,207,10,55,55,67,67,5,41,58,50,50,50,62,62,133,133,137,140,149,158,158,158,36,36,45,45,45,68,70,57,57,127,127,139,38,47,62,65,65,349,363,372,372,368,368,376,59,59,148,148,169,169,169,186,4,10,12,12,21,38,38,65,73,77,77,153,153,157,55,55,94,96,96,93,93,102,126,3,3,3,21,30,19,19],"floor_reached":152,"language":"RUS","playtime":4695,"items_purged":["Writhe","Regret"],"score":3586,"play_id":"6f247268-1f66-4190-98d8-c8ebddea7c70","local_time":"20210215195034","is_ascension_mode":false,"campfire_choices":[{"data":"Strike_G","floor":6.0,"key":"SMITH"},{"floor":11.0,"key":"REST"},{"data":"infinitespire:DeathsTouch","floor":15.0,"key":"SMITH"},{"floor":32.0,"key":"REST"},{"data":"Storm of Steel","floor":49.0,"key":"SMITH"},{"data":"1","floor":57,"key":"LIFT"},{"data":"2","floor":62,"key":"LIFT"},{"data":"3","floor":66,"key":"LIFT"},{"data":"Venomology","floor":75,"key":"SMITH"},{"data":"Blade Dance","floor":83,"key":"SMITH"},{"data":"Footwork","floor":91,"key":"SMITH"},{"data":"Blade Dance","floor":93,"key":"SMITH"},{"data":"Blade Dance","floor":95,"key":"SMITH"},{"data":"Choke","floor":100,"key":"SMITH"},{"data":"Finisher","floor":108,"key":"SMITH"},{"data":"Finisher","floor":112,"key":"SMITH"},{"data":"Phantasmal Killer","floor":114,"key":"SMITH"},{"data":"Forethought","floor":117,"key":"SMITH"},{"data":"Blade Dance","floor":127,"key":"SMITH"},{"data":"Dramatic Entrance","floor":134,"key":"SMITH"},{"data":"Masterful Stab","floor":142,"key":"SMITH"},{"data":"Chrysalis","floor":144,"key":"SMITH"},{"floor":149,"key":"REST"},{"data":"Cloak And Dagger","floor":149,"key":"SMITH"},{"floor":151,"key":"REST"},{"data":"infinitespire:TheBestDefense","floor":151,"key":"SMITH"}],"circlet_count":0,"master_deck":["Defend_G+1","Defend_G+1","Defend_G+1","Defend_G+1","Survivor","Neutralize+1","Footwork+1","Quick Slash","infinitespire:DeathsTouch+1","Leg Sweep","Blade Dance+1","Sucker Punch","Adrenaline+1","Cloak And Dagger+1","Dagger Spray+1","PiercingWail+1","Finisher+1","Blade Dance+1","Blade Dance+1","Finisher+1","Swift Strike","Chrysalis+1","Forethought+1","Escape Plan+1","Blade Dance+1","Blade Dance+1","infinitespire:Gouge","Storm of Steel+1","Dagger Throw+1","Venomology+1","CurseOfTheBell","Blade Dance+1","Masterful Stab+1","Choke+1","Phantasmal Killer+1","infinitespire:TheBestDefense+1","Slice","Sucker Punch+1","Bite","Bite","Bite","Bite","Bite","Regret","Riddle With Holes+1","Blade Dance+1","Enlightenment+1","Pain","Parasite","Concentrate+1","Slice+1","Phantasmal Killer+1","Doppelganger+1","Finisher+1","Blur+1","Clumsy","Dramatic Entrance+1","Phantasmal Killer+1","Deadly Poison+1","Backstab+1","infinitespire:Pacifist","Necronomicurse","Night Terror+1","Clumsy","Blade Dance+1","Blade Dance+1"],"relics":["Burning Blood","infinitespire:Midas Blood","Matryoshka","Kunai","infinitespire:Cubic Diamond","Regal Pillow","Sundial","WristBlade","Shuriken","Lantern","Happy Flower","StrikeDummy","The Courier","StoneCalendar","Dead Branch","Cursed Key","Unceasing Top","Girya","Ancient Tea Set","Bronze Scales","Pantograph","Letter Opener","Calling Bell","Nunchaku","Paper Crane","WingedGreaves","Dream Catcher","Membership Card","CeramicFish","Pen Nib","infinitespire:PuzzleCube","Mummified Hand","Eternal Feather","War Paint","Smiling Mask","Empty Cage","Bottled Lightning","Bottled Tornado","PreservedInsect","Gremlin Horn","Bag of Preparation","Anchor","Toxic Egg 2","MutagenicStrength","SacredBark","Juzu Bracelet","Oddly Smooth Stone","HandDrill","infinitespire:BottledMercury","Orichalcum","Busted Crown","HornCleat","Mercury Hourglass","InkBottle","Blood Vial","infinitespire:Magic Flask","ClockworkSouvenir","HoveringKite","Nloth\u0027s Gift","Bag of Marbles","Gambling Chip","Blue Candle","Necronomicon","infinitespire:EmpoweringShard","SlaversCollar","infinitespire:WardingShard","infinitespire:Joker Card","infinitespire:Satchel","Ninja Scroll","The Specimen"],"acts_visited":["Exordium","TheCity","TheBeyond","Exordium","TheCity","TheBeyond","Exordium","TheCity","TheBeyond"],"potions_floor_usage":[50,50,50,63,79,79,84,86,101,101,107,113,137,152],"damage_taken":[{"damage":1.0,"enemies":"Jaw Worm","floor":1.0,"turns":6.0},{"damage":0.0,"enemies":"2 Louse","floor":2.0,"turns":4.0},{"damage":24.0,"enemies":"Lagavulin","floor":7.0,"turns":9.0},{"damage":11.0,"enemies":"Small Slimes","floor":12.0,"turns":3.0},{"damage":2.0,"enemies":"Exordium Thugs","floor":13.0,"turns":4.0},{"damage":5.0,"enemies":"Lots of Slimes","floor":14.0,"turns":5.0},{"damage":25.0,"enemies":"Hexaghost","floor":16.0,"turns":10.0},{"damage":29.0,"enemies":"2 Thieves","floor":18.0,"turns":4.0},{"damage":2.0,"enemies":"Chosen","floor":19.0,"turns":2.0},{"damage":18.0,"enemies":"Shelled Parasite and Fungi","floor":21.0,"turns":4.0},{"damage":34.0,"enemies":"Nightmare","floor":23.0,"turns":11.0},{"damage":3.0,"enemies":"Centurion and Healer","floor":24.0,"turns":5.0},{"damage":4.0,"enemies":"Snake Plant","floor":27.0,"turns":4.0},{"damage":0.0,"enemies":"Cultist and Chosen","floor":28.0,"turns":2.0},{"damage":12.0,"enemies":"Centurion and Healer","floor":29.0,"turns":2.0},{"damage":0.0,"enemies":"Chosen and Byrds","floor":31.0,"turns":3.0},{"damage":20.0,"enemies":"Automaton","floor":33.0,"turns":5.0},{"damage":0.0,"enemies":"Orb Walker","floor":35.0,"turns":1.0},{"damage":0.0,"enemies":"2 Orb Walkers","floor":36.0,"turns":3.0},{"damage":9.0,"enemies":"3 Shapes","floor":38.0,"turns":3.0},{"damage":0.0,"enemies":"Mind Bloom Boss Battle","floor":39.0,"turns":3.0},{"damage":8.0,"enemies":"Sphere and 2 Shapes","floor":40.0,"turns":3.0},{"damage":17.0,"enemies":"Nemesis","floor":41.0,"turns":3.0},{"damage":0.0,"enemies":"Jaw Worm Horde","floor":44.0,"turns":1.0},{"damage":0.0,"enemies":"Maw","floor":46.0,"turns":2.0},{"damage":0.0,"enemies":"Giant Head","floor":47.0,"turns":2.0},{"damage":0.0,"enemies":"Sphere and 2 Shapes","floor":48.0,"turns":2.0},{"damage":58,"enemies":"infinitespire:MassOfShapes","floor":50,"turns":6},{"damage":0,"enemies":"Cultist","floor":52,"turns":2},{"damage":8,"enemies":"2 Louse","floor":54,"turns":2},{"damage":0,"enemies":"Small Slimes","floor":55,"turns":2},{"damage":0,"enemies":"2 Fungi Beasts","floor":56,"turns":1},{"damage":2,"enemies":"Red Slaver","floor":59,"turns":2},{"damage":3,"enemies":"Large Slime","floor":63,"turns":1},{"damage":6,"enemies":"3 Sentries","floor":65,"turns":2},{"damage":22,"enemies":"Hexaghost","floor":67,"turns":4},{"damage":2,"enemies":"2 Thieves","floor":69,"turns":2},{"damage":0,"enemies":"Spheric Guardian","floor":70,"turns":1},{"damage":0,"enemies":"Book of Stabbing","floor":74,"turns":1},{"damage":0,"enemies":"Slavers","floor":78,"turns":1},{"damage":0,"enemies":"3 Cultists","floor":79,"turns":2},{"damage":0,"enemies":"Snake Plant","floor":82,"turns":1},{"damage":5,"enemies":"Champ","floor":84,"turns":3},{"damage":47,"enemies":"3 Darklings","floor":86,"turns":2},{"damage":0,"enemies":"3 Shapes","floor":87,"turns":1},{"damage":4,"enemies":"Giant Head","floor":97,"turns":1},{"damage":0,"enemies":"Writhing Mass","floor":98,"turns":1},{"damage":0,"enemies":"Maw","floor":99,"turns":2},{"damage":20,"enemies":"infinitespire:MassOfShapes","floor":101,"turns":3},{"damage":0,"enemies":"2 Louse","floor":103,"turns":1},{"damage":0,"enemies":"Jaw Worm","floor":106,"turns":1},{"damage":0,"enemies":"Small Slimes","floor":107,"turns":1},{"damage":0,"enemies":"3 Louse","floor":110,"turns":1},{"damage":2,"enemies":"Nightmare","floor":113,"turns":3},{"damage":0,"enemies":"Large Slime","floor":115,"turns":1},{"damage":1,"enemies":"Hexaghost","floor":118,"turns":2},{"damage":0,"enemies":"Spheric Guardian","floor":120,"turns":1},{"damage":0,"enemies":"Chosen","floor":123,"turns":1},{"damage":2,"enemies":"Snake Plant","floor":125,"turns":1},{"damage":2,"enemies":"Centurion and Healer","floor":126,"turns":1},{"damage":0,"enemies":"Book of Stabbing","floor":131,"turns":1},{"damage":0,"enemies":"Cultist and Chosen","floor":132,"turns":1},{"damage":0,"enemies":"Snake Plant","floor":133,"turns":1},{"damage":0,"enemies":"Collector","floor":135,"turns":2},{"damage":0,"enemies":"3 Darklings","floor":137,"turns":1},{"damage":0,"enemies":"2 Orb Walkers","floor":140,"turns":1},{"damage":0,"enemies":"Orb Walker","floor":141,"turns":1},{"damage":0,"enemies":"Spire Growth","floor":143,"turns":1},{"damage":0,"enemies":"Nemesis","floor":146,"turns":1},{"damage":36,"enemies":"Writhing Mass","floor":150,"turns":2},{"damage":163,"enemies":"infinitespire:LordOfFortification","floor":152,"turns":8}],"seed_played":"5432968574447788493","potions_obtained":[{"floor":1.0,"key":"ColorlessPotion"},{"floor":13.0,"key":"SneckoOil"},{"floor":19.0,"key":"SkillPotion"},{"floor":21.0,"key":"Poison Potion"},{"floor":23.0,"key":"FearPotion"},{"floor":27.0,"key":"LiquidBronze"},{"floor":31.0,"key":"ColorlessPotion"},{"floor":33.0,"key":"EntropicBrew"},{"floor":35.0,"key":"EssenceOfSteel"},{"floor":39.0,"key":"AttackPotion"},{"floor":41.0,"key":"CunningPotion"},{"floor":44.0,"key":"CunningPotion"},{"floor":47.0,"key":"DuplicationPotion"},{"floor":52,"key":"FairyPotion"},{"floor":56,"key":"Block Potion"},{"floor":59,"key":"LiquidMemories"},{"floor":65,"key":"Dexterity Potion"},{"floor":67,"key":"CunningPotion"},{"floor":79,"key":"Ancient Potion"},{"floor":82,"key":"SkillPotion"},{"floor":86,"key":"PowerPotion"},{"floor":87,"key":"DistilledChaos"},{"floor":101,"key":"LiquidMemories"},{"floor":115,"key":"DistilledChaos"},{"floor":118,"key":"infinitespire:BlackPotion"}],"is_trial":false,"path_per_floor":["M","M","?","?","T","R","E","?","T","?","R","M","M","M","R","B",null,"M","M","$","M","?","NM","M","T","T","M","M","M","$","M","R","B",null,"M","?","?","M","?","M","E","?","T","M","AVR","M","E","M","R","B",null,"M","?","M","M","M","R","?","M","T","$","R","M","?","E","R","B",null,"M","M","$","?","AVR","E","R","$","T","E","M","?","$","M","R","B",null,"M","M","?","T","?","R","$","R","T","R","?","E","M","M","R","B",null,"M","$","?","M","M","R","?","M","T","R","NM","R","M","$","R","B",null,"M","?","?","M","$","M","M","R","T","?","?","E","M","M","R","B",null,"M","$","?","?","M","R","M","R","T","E","$","?","R","M","R","B"],"character_chosen":"THE_SILENT","items_purchased":["Shuriken","Dead Branch","Membership Card","CeramicFish","Pen Nib","infinitespire:PuzzleCube","Blood Vial","Mummified Hand","Eternal Feather","War Paint","Bottled Lightning","Bottled Tornado","Bag of Preparation","Oddly Smooth Stone","HandDrill","HornCleat","Blood Vial","infinitespire:Magic Flask","ClockworkSouvenir","Dramatic Entrance","Bag of Marbles","Gambling Chip","infinitespire:WardingShard","The Specimen"],"campfire_rested":4,"item_purchase_floors":[20,30,61,61,61,61,61,61,61,61,71,71,76,92,92,104,116,116,116,116,124,124,138,147],"current_hp_per_floor":[69,69,66,66,66,66,42,42,42,24,60,55,59,60,60,41,70,47,51,51,39,39,11,14,14,14,16,22,16,16,22,58,44,70,70,70,60,57,63,61,50,50,50,56,56,62,68,70,70,18,70,70,70,68,70,70,70,59,63,63,63,70,70,70,70,70,54,70,70,70,70,70,70,70,70,70,70,70,70,70,70,70,70,70,70,29,35,35,35,80,80,80,80,80,80,80,80,80,80,80,76,80,80,80,80,80,80,80,80,80,80,80,80,80,80,80,80,80,80,80,80,80,80,80,80,80,80,80,64,64,72,80,80,80,80,80,80,80,80,80,80,80,80,80,80,80,80,80,80,50,80,0,0],"gold":19,"neow_bonus":"REMOVE_CARD","is_daily":false,"chose_seed":false,"campfire_upgraded":19,"win_rate":0.0,"timestamp":1613404234,"path_taken":["M","M","?","?","?","R","E","?","T","?","R","M","M","M","R","BOSS","M","M","$","M","?","NM","M","?","T","M","M","?","$","M","R","BOSS","M","?","?","M","?","M","E","?","T","M","AVR","M","E","M","R","BOSS","M","?","M","?","M","R","?","M","T","$","R","M","?","E","R","BOSS","M","?","?","?","AVR","E","R","$","T","E","M","?","?","M","R","BOSS","M","M","?","?","?","R","$","R","T","R","?","E","M","M","R","BOSS","M","$","?","M","M","R","?","M","T","R","NM","R","M","$","R","BOSS","M","?","?","M","$","M","M","R","T","?","?","E","M","M","R","BOSS","M","$","?","?","M","R","M","R","T","E","?","?","R","M","R","BOSS"],"items_purchased_type":["Relic","Relic","Relic","Relic","Relic","Relic","Relic","Relic","Relic","Relic","Relic","Relic","Relic","Relic","Relic","Relic","Relic","Relic","Relic","Card","Relic","Relic","Relic","Relic"],"build_version":"2020-12-22","purchased_purges":2,"victory":false,"max_hp_per_floor":[70,70,70,70,70,70,70,70,70,70,70,70,70,70,70,70,70,70,70,70,70,70,70,70,70,70,70,70,70,70,70,70,70,70,70,70,70,70,70,70,70,70,70,70,70,70,70,70,70,70,70,70,70,70,70,70,70,70,70,70,70,70,70,70,70,70,70,70,70,70,70,70,70,70,70,70,70,70,70,70,70,70,70,70,70,70,70,70,70,80,80,80,80,80,80,80,80,80,80,80,80,80,80,80,80,80,80,80,80,80,80,80,80,80,80,80,80,80,80,80,80,80,80,80,80,80,80,80,80,80,80,80,80,80,80,80,80,80,80,80,80,80,80,80,80,80,80,80,80,80,80,80,80],"card_choices":[{"not_picked":["Acrobatics","Escape Plan"],"picked":"Footwork","floor":1.0},{"not_picked":["Accuracy","Outmaneuver"],"picked":"Prepared","floor":2.0},{"not_picked":["Acrobatics","Accuracy"],"picked":"Quick Slash","floor":7.0},{"not_picked":["infinitespire:Execution","infinitespire:Punishment"],"picked":"infinitespire:DeathsTouch","floor":10.0},{"not_picked":["Bane","Outmaneuver"],"picked":"Leg Sweep","floor":12.0},{"not_picked":["Crippling Poison","Flying Knee"],"picked":"Blade Dance","floor":13.0},{"not_picked":["Phantasmal Killer","Deflect"],"picked":"Sucker Punch","floor":14.0},{"not_picked":["Venomology","Malaise"],"picked":"Adrenaline","floor":16.0},{"not_picked":["Deflect","Distraction"],"picked":"Cloak And Dagger","floor":18.0},{"not_picked":["Dagger Throw","Slice"],"picked":"Dagger Spray+1","floor":19.0},{"not_picked":["Footwork","Reflex+1","Dodge and Roll"],"picked":"SKIP","floor":21.0},{"not_picked":["Dagger Throw","Deflect"],"picked":"PiercingWail+1","floor":23.0},{"not_picked":["Underhanded Strike+1","PiercingWail"],"picked":"Finisher","floor":24.0},{"not_picked":["Accuracy","Blur","Terror"],"picked":"SKIP","floor":27.0},{"not_picked":["Dagger Spray","Setup"],"picked":"Blade Dance","floor":28.0},{"not_picked":["Infinite Blades","Predator"],"picked":"Blade Dance+1","floor":29.0},{"not_picked":["Well Laid Plans","Dagger Spray","Eviscerate"],"picked":"SKIP","floor":31.0},{"not_picked":["PiercingWail","Underhanded Strike","Well Laid Plans+1"],"picked":"SKIP","floor":35.0},{"not_picked":["Deadly Poison+1","Night Terror"],"picked":"Finisher+1","floor":36.0},{"not_picked":["Trip","Good Instincts"],"picked":"Swift Strike","floor":37.0},{"not_picked":["Forethought","Good Instincts"],"picked":"Chrysalis","floor":37.0},{"not_picked":["Violence","Good Instincts"],"picked":"Forethought","floor":37.0},{"not_picked":["Poisoned Stab","Riddle With Holes"],"picked":"Escape Plan+1","floor":38.0},{"not_picked":["Dodge and Roll","Well Laid Plans"],"picked":"Blade Dance","floor":40.0},{"not_picked":["Escape Plan","Skewer","Deadly Poison"],"picked":"SKIP","floor":41.0},{"not_picked":["Dagger Throw","Deadly Poison+1"],"picked":"Blade Dance+1","floor":44.0},{"not_picked":["Crippling Poison","Backflip"],"picked":"Storm of Steel","floor":46.0},{"not_picked":["Skewer","Deadly Poison"],"picked":"Dagger Throw+1","floor":47.0},{"not_picked":["Quick Slash","Phantasmal Killer","Backflip+1"],"picked":"SKIP","floor":48.0},{"not_picked":["Storm of Steel","Bullet Time"],"picked":"Venomology","floor":50},{"not_picked":["Dash","Prepared","Underhanded Strike"],"picked":"SKIP","floor":52},{"not_picked":["Cloak And Dagger","Quick Slash","Dodge and Roll"],"picked":"SKIP","floor":54},{"not_picked":["Outmaneuver","Flechettes","Deflect"],"picked":"SKIP","floor":55},{"not_picked":["Cloak And Dagger","Choke"],"picked":"Blade Dance","floor":56},{"not_picked":["Cloak And Dagger","Expertise","Dodge and Roll"],"picked":"SKIP","floor":59},{"not_picked":["Footwork","Outmaneuver"],"picked":"Masterful Stab","floor":63},{"not_picked":["Calculated Gamble","Cloak And Dagger"],"picked":"Choke","floor":65},{"not_picked":["Glass Knife","Unload"],"picked":"Phantasmal Killer","floor":67},{"not_picked":["infinitespire:NeuralNetwork","infinitespire:UltimateForm"],"picked":"infinitespire:TheBestDefense","floor":68},{"not_picked":["Backflip","Outmaneuver"],"picked":"Slice","floor":69},{"not_picked":["Expertise","Backflip"],"picked":"Sucker Punch+1","floor":70},{"not_picked":["Unload","Blur+1","Prepared"],"picked":"SKIP","floor":74},{"not_picked":["Deflect+1","Outmaneuver+1","Backflip+1"],"picked":"SKIP","floor":78},{"not_picked":["Flying Knee+1","Dodge and Roll+1","Outmaneuver+1"],"picked":"SKIP","floor":79},{"not_picked":["Quick Slash","Dagger Throw+1"],"picked":"Riddle With Holes+1","floor":82},{"not_picked":["Unload","Burst+1"],"picked":"Die Die Die","floor":84},{"not_picked":["Underhanded Strike","Dagger Throw"],"picked":"Blade Dance+1","floor":86},{"not_picked":["Heel Hook","Blur+1","Quick Slash"],"picked":"SKIP","floor":87},{"not_picked":["PanicButton+1","Magnetism"],"picked":"Enlightenment+1","floor":88},{"not_picked":["Underhanded Strike+1","Choke"],"picked":"Concentrate+1","floor":97},{"not_picked":["Well Laid Plans","Infinite Blades"],"picked":"Slice+1","floor":98},{"not_picked":["Caltrops","Quick Slash+1"],"picked":"Phantasmal Killer+1","floor":99},{"not_picked":["Venomology+1","Grand Finale"],"picked":"Doppelganger+1","floor":101},{"not_picked":["Slice"],"picked":"SKIP","floor":103},{"not_picked":[],"picked":"Finisher","floor":106},{"not_picked":["Sucker Punch"],"picked":"SKIP","floor":107},{"not_picked":[],"picked":"Blur+1","floor":110},{"not_picked":["Wraith Form v2"],"picked":"SKIP","floor":113},{"not_picked":["Dash"],"picked":"SKIP","floor":115},{"not_picked":[],"picked":"Phantasmal Killer+1","floor":118},{"not_picked":[],"picked":"Deadly Poison+1","floor":120},{"not_picked":[],"picked":"Backstab+1","floor":123},{"not_picked":["Reflex+1"],"picked":"SKIP","floor":125},{"not_picked":["Tactician+1"],"picked":"SKIP","floor":126},{"not_picked":[],"picked":"Night Terror+1","floor":131},{"not_picked":["Catalyst+1"],"picked":"SKIP","floor":132},{"not_picked":["Quick Slash"],"picked":"SKIP","floor":133},{"not_picked":["Dagger Throw+1"],"picked":"SKIP","floor":137},{"not_picked":["Flechettes+1"],"picked":"SKIP","floor":141},{"not_picked":["Slice"],"picked":"SKIP","floor":143},{"not_picked":["Flechettes+1"],"picked":"SKIP","floor":146},{"not_picked":[],"picked":"Blade Dance+1","floor":150},{"not_picked":[],"picked":"Blade Dance+1","floor":151}],"player_experience":192067,"relics_obtained":[{"floor":5.0,"key":"Matryoshka"},{"floor":7.0,"key":"Kunai"},{"floor":9.0,"key":"Regal Pillow"},{"floor":9.0,"key":"Sundial"},{"floor":23.0,"key":"Happy Flower"},{"floor":25.0,"key":"StrikeDummy"},{"floor":25.0,"key":"The Courier"},{"floor":26.0,"key":"StoneCalendar"},{"floor":36.0,"key":"Unceasing Top"},{"floor":39.0,"key":"Girya"},{"floor":41.0,"key":"Ancient Tea Set"},{"floor":43.0,"key":"Bronze Scales"},{"floor":47.0,"key":"Letter Opener"},{"floor":51,"key":"Nunchaku"},{"floor":51,"key":"Paper Crane"},{"floor":51,"key":"WingedGreaves"},{"floor":60,"key":"Dream Catcher"},{"floor":65,"key":"Smiling Mask"},{"floor":74,"key":"Gremlin Horn"},{"floor":77,"key":"Anchor"},{"floor":78,"key":"Toxic Egg 2"},{"floor":89,"key":"Juzu Bracelet"},{"floor":94,"key":"infinitespire:BottledMercury"},{"floor":97,"key":"Orichalcum"},{"floor":111,"key":"Mercury Hourglass"},{"floor":113,"key":"InkBottle"},{"floor":128,"key":"Blue Candle"},{"floor":129,"key":"Necronomicon"},{"floor":131,"key":"infinitespire:EmpoweringShard"},{"floor":140,"key":"infinitespire:Joker Card"},{"floor":145,"key":"infinitespire:Satchel"},{"floor":146,"key":"Ninja Scroll"}],"event_choices":[{"damage_healed":0.0,"max_hp_gain":0.0,"max_hp_loss":0.0,"gold_gain":0.0,"event_name":"Scrap Ooze","player_choice":"Success","floor":3.0,"gold_loss":0.0,"damage_taken":3.0,"relics_obtained":["infinitespire:Midas Blood"]},{"damage_healed":0.0,"max_hp_gain":0.0,"max_hp_loss":0.0,"gold_gain":0.0,"event_name":"Living Wall","player_choice":"Grow","floor":4.0,"gold_loss":0.0,"damage_taken":0.0,"cards_upgraded":["Neutralize"]},{"damage_healed":0.0,"max_hp_gain":0.0,"max_hp_loss":0.0,"gold_gain":0.0,"event_name":"Addict","player_choice":"Obtained Relic","floor":22.0,"gold_loss":85.0,"damage_taken":0.0,"relics_obtained":["Lantern"]},{"damage_healed":0.0,"max_hp_gain":0.0,"max_hp_loss":0.0,"gold_gain":0.0,"event_name":"Mysterious Sphere","player_choice":"Fight","floor":36.0,"gold_loss":0.0,"damage_taken":0.0},{"damage_healed":0.0,"max_hp_gain":0.0,"max_hp_loss":0.0,"gold_gain":0.0,"event_name":"SensoryStone","player_choice":"Memory 3","floor":37.0,"gold_loss":0.0,"damage_taken":10.0},{"damage_healed":0.0,"max_hp_gain":0.0,"max_hp_loss":0.0,"gold_gain":0.0,"event_name":"MindBloom","player_choice":"Fight","floor":39.0,"gold_loss":0.0,"damage_taken":0.0},{"damage_healed":0,"gold_gain":0,"player_choice":"Upgraded","damage_taken":0,"max_hp_gain":0,"max_hp_loss":0,"event_name":"Upgrade Shrine","floor":53,"gold_loss":0,"cards_upgraded":["Adrenaline"]},{"damage_healed":0,"gold_gain":75,"player_choice":"Gather Gold","damage_taken":11,"max_hp_gain":0,"max_hp_loss":0,"event_name":"World of Goop","floor":58,"gold_loss":0},{"cards_removed":["Prepared"],"damage_healed":0,"gold_gain":0,"player_choice":"Gave Card","damage_taken":0,"relics_obtained":["White Beast Statue"],"max_hp_gain":0,"max_hp_loss":0,"event_name":"WeMeetAgain","floor":64,"gold_loss":0},{"damage_healed":0,"gold_gain":0,"player_choice":"Became a vampire (Vial)","damage_taken":0,"max_hp_gain":0,"max_hp_loss":0,"event_name":"Vampires","floor":72,"relics_lost":["Blood Vial"],"gold_loss":0,"cards_obtained":["Bite","Bite","Bite","Bite","Bite"]},{"damage_healed":0,"gold_gain":0,"player_choice":"Inject Mutagens","damage_taken":0,"relics_obtained":["MutagenicStrength"],"max_hp_gain":0,"max_hp_loss":0,"event_name":"Drug Dealer","floor":80,"gold_loss":0},{"damage_healed":0,"gold_gain":0,"player_choice":"Memory 1","damage_taken":0,"max_hp_gain":0,"max_hp_loss":0,"event_name":"SensoryStone","floor":88,"gold_loss":0},{"cards_removed":["Die Die Die"],"damage_healed":35,"gold_gain":0,"player_choice":"Offered Rare","damage_taken":0,"max_hp_gain":10,"max_hp_loss":0,"event_name":"Bonfire Elementals","floor":90,"gold_loss":0},{"damage_healed":0,"gold_gain":0,"player_choice":"Ignored","damage_taken":0,"max_hp_gain":0,"max_hp_loss":0,"event_name":"Tomb of Lord Red Mask","floor":96,"gold_loss":0},{"damage_healed":0,"gold_gain":0,"cards_transformed":["Defend_G"],"player_choice":"Transformed","damage_taken":0,"max_hp_gain":0,"max_hp_loss":0,"event_name":"Transmorgrifier","floor":105,"gold_loss":0,"cards_obtained":["Noxious Fumes"]},{"damage_healed":0,"gold_gain":275,"player_choice":"Desecrate","damage_taken":0,"max_hp_gain":0,"max_hp_loss":0,"event_name":"Golden Shrine","floor":109,"gold_loss":0,"cards_obtained":["Regret"]},{"damage_healed":0,"gold_gain":0,"player_choice":"Ignored","damage_taken":0,"max_hp_gain":0,"max_hp_loss":0,"event_name":"Ghosts","floor":121,"gold_loss":0},{"damage_healed":0,"gold_gain":0,"player_choice":"Traded Relic","damage_taken":0,"relics_obtained":["Nloth\u0027s Gift"],"max_hp_gain":0,"max_hp_loss":0,"event_name":"N\u0027loth","floor":122,"relics_lost":["White Beast Statue"],"gold_loss":0},{"damage_healed":0,"gold_gain":0,"player_choice":"Obtained Book","damage_taken":16,"max_hp_gain":0,"max_hp_loss":0,"event_name":"Cursed Tome","floor":129,"gold_loss":0},{"damage_healed":0,"gold_gain":0,"player_choice":"Simplicity","damage_taken":0,"max_hp_gain":0,"max_hp_loss":0,"event_name":"Back to Basics","floor":130,"gold_loss":0,"cards_upgraded":["Defend_G","Defend_G"]},{"cards_removed":["Noxious Fumes"],"damage_healed":0,"gold_gain":0,"player_choice":"Removed Power","damage_taken":0,"max_hp_gain":0,"max_hp_loss":0,"event_name":"Falling","floor":139,"gold_loss":0},{"damage_healed":0,"gold_gain":0,"player_choice":"Fight","damage_taken":0,"max_hp_gain":0,"max_hp_loss":0,"event_name":"Mysterious Sphere","floor":140,"gold_loss":0},{"damage_healed":0,"gold_gain":0,"player_choice":"Ignored","damage_taken":0,"max_hp_gain":0,"max_hp_loss":0,"event_name":"Tomb of Lord Red Mask","floor":148,"gold_loss":0}],"is_beta":false,"boss_relics":[{"not_picked":["Astrolabe","Fusion Hammer"],"picked":"WristBlade"},{"not_picked":["Black Star","Sozu"],"picked":"Cursed Key"},{"not_picked":["Busted Crown","Runic Dome"],"picked":"Calling Bell"},{"not_picked":["Runic Dome","Velvet Choker"],"picked":"Empty Cage"},{"not_picked":["Tiny House","Coffee Dripper"],"picked":"SacredBark"},{"not_picked":["Snecko Eye","HoveringKite"],"picked":"Busted Crown"},{"not_picked":["Sozu","Astrolabe"],"picked":"HoveringKite"},{"not_picked":["Runic Dome","Snecko Eye"],"picked":"SlaversCollar"}],"items_purged_floors":[61,116],"is_endless":true,"potions_floor_spawned":[1,13,19,21,23,27,31,33,35,39,41,44,47,52,56,59,65,67,69,70,74,78,79,82,84,86,87,97,98,99,101,103,106,107,110,113,115,118,120,125,126,131,141,146,150],"killed_by":"infinitespire:LordOfFortification","ascension_level":0}}