{"host":"Matas","time":1613408256,"event":{"mods":["BaseMod","Highlight Path","Minty Spire (QoL Compilation)","StSLib"],"gold_per_floor":[118,118,135,152,152,152,184,184,207,240,251,264,264,292,292,292,292],"floor_reached":16,"language":"ENG","playtime":1789,"items_purged":[],"score":239,"play_id":"14dabdb3-d804-4d0a-b77b-33c7779b5b53","local_time":"20210215105736","is_ascension_mode":true,"campfire_choices":[{"data":"TalkToTheHand","floor":6,"key":"SMITH"},{"data":"DeceiveReality","floor":8,"key":"SMITH"},{"data":"CutThroughFate","floor":13,"key":"SMITH"},{"data":"Worship","floor":15,"key":"SMITH"}],"circlet_count":0,"master_deck":["AscendersBane","Strike_P+1","Strike_P","Strike_P","Strike_P","Defend_P","Defend_P","Defend_P+1","Defend_P","Eruption","Vigilance","DeceiveReality+1","Conclude","TalkToTheHand+1","Perseverance","Worship+1","CutThroughFate+1","Scrawl","Weave"],"relics":["PureWater","Oddly Smooth Stone","Nunchaku","Potion Belt"],"acts_visited":["Exordium"],"potions_floor_usage":[7,7,10,14,14],"damage_taken":[{"damage":9,"enemies":"2 Louse","floor":1,"turns":2},{"damage":0,"enemies":"Small Slimes","floor":3,"turns":3},{"damage":1,"enemies":"Cultist","floor":4,"turns":4},{"damage":3,"enemies":"Lagavulin","floor":7,"turns":5},{"damage":9,"enemies":"Gremlin Nob","floor":10,"turns":3},{"damage":0,"enemies":"Looter","floor":11,"turns":2},{"damage":0,"enemies":"2 Fungi Beasts","floor":12,"turns":3},{"damage":0,"enemies":"3 Sentries","floor":14,"turns":5},{"damage":36,"enemies":"Hexaghost","floor":16,"turns":16}],"seed_played":"4769175030873614611","potions_obtained":[{"floor":0,"key":"BlessingOfTheForge"},{"floor":0,"key":"SneckoOil"},{"floor":3,"key":"AttackPotion"},{"floor":7,"key":"Strength Potion"},{"floor":11,"key":"DistilledChaos"},{"floor":12,"key":"BlessingOfTheForge"}],"is_trial":false,"path_per_floor":["M","?","M","M","?","R","E","R","T","E","M","M","R","E","R","B"],"character_chosen":"WATCHER","items_purchased":[],"campfire_rested":0,"item_purchase_floors":[],"current_hp_per_floor":[56,42,42,41,46,46,43,43,43,34,34,34,34,34,34,0,0],"gold":292,"neow_bonus":"THREE_SMALL_POTIONS","is_daily":false,"chose_seed":false,"campfire_upgraded":4,"win_rate":0.0,"timestamp":1613408256,"path_taken":["M","?","M","M","?","R","E","R","T","E","M","M","R","E","R","BOSS"],"items_purchased_type":[],"build_version":"2020-12-18","purchased_purges":0,"victory":false,"max_hp_per_floor":[72,72,72,72,77,77,77,77,77,77,77,77,77,77,77,77,77],"card_choices":[{"not_picked":["Protect","ThirdEye"],"picked":"DeceiveReality","floor":1},{"not_picked":["PathToVictory","ClearTheMind"],"picked":"Conclude","floor":3},{"not_picked":["SashWhip","WaveOfTheHand"],"picked":"TalkToTheHand","floor":4},{"not_picked":["PathToVictory","ForeignInfluence"],"picked":"Perseverance","floor":7},{"not_picked":["CrushJoints","PathToVictory"],"picked":"Worship","floor":10},{"not_picked":["EmptyMind","Prostrate"],"picked":"CutThroughFate","floor":11},{"not_picked":["Fasting2","ThirdEye"],"picked":"Scrawl","floor":12},{"not_picked":["JustLucky","Consecrate"],"picked":"Weave","floor":14}],"player_experience":328215,"relics_obtained":[{"floor":7,"key":"Oddly Smooth Stone"},{"floor":10,"key":"Nunchaku"},{"floor":14,"key":"Potion Belt"}],"event_choices":[{"damage_healed":0,"gold_gain":0,"player_choice":"Entered Light","damage_taken":14,"max_hp_gain":0,"max_hp_loss":0,"event_name":"Shining Light","floor":2,"gold_loss":0,"cards_upgraded":["Strike_P","Defend_P"]},{"damage_healed":0,"gold_gain":0,"player_choice":"Donut","damage_taken":0,"max_hp_gain":5,"max_hp_loss":0,"event_name":"Big Fish","floor":5,"gold_loss":0}],"is_beta":true,"boss_relics":[],"items_purged_floors":[],"is_endless":false,"potions_floor_spawned":[3,7,11,12],"killed_by":"Hexaghost","ascension_level":13}}