{"host":"yqw1zpryoutrnocq","time":1613420309,"event":{"mods":["2.2 Compatiblity","AchievementEnabler","BaseMod","Colored Map","Custom Start","DeckTracker","Minty Spire (QoL Compilation)","StSLib","SuperFastMode"],"gold_per_floor":[119,119,39,39,50,50,75,87,87,103,278,278,278,46,46,176,176,195,215,215,240,240,240,240],"floor_reached":23,"language":"KOR","playtime":514,"items_purged":[],"score":293,"play_id":"6643864a-efd9-4a0b-906e-0fe8f4287f8c","local_time":"20210215141829","is_ascension_mode":true,"campfire_choices":[{"data":"Bash","floor":6.0,"key":"SMITH"},{"floor":15.0,"key":"REST"}],"circlet_count":0,"master_deck":["AscendersBane","Defend_R","Defend_R","Defend_R","Bash+1","Shockwave","Writhe","Armaments","Dramatic Entrance","Dark Embrace","Rampage","Doubt","Flame Barrier","Uppercut","Corruption","Armaments+1","Feel No Pain+1","Feel No Pain+1","Entrench","True Grit","Entrench","Berserk","Evolve"],"relics":["Burning Blood","Gremlin Horn","Mercury Hourglass","Golden Idol","Astrolabe","Meat on the Bone"],"acts_visited":["Exordium","TheCity"],"potions_floor_usage":[16,16,23],"damage_taken":[{"damage":15.0,"enemies":"Small Slimes","floor":1.0,"turns":3.0},{"damage":10.0,"enemies":"Cultist","floor":5.0,"turns":5.0},{"damage":41.0,"enemies":"3 Sentries","floor":7.0,"turns":8.0},{"damage":0.0,"enemies":"2 Louse","floor":8.0,"turns":2.0},{"damage":21.0,"enemies":"Red Slaver","floor":10.0,"turns":4.0},{"damage":48,"enemies":"Hexaghost","floor":16,"turns":11},{"damage":23,"enemies":"Shell Parasite","floor":18,"turns":7},{"damage":0,"enemies":"3 Byrds","floor":19,"turns":1},{"damage":29,"enemies":"Snecko","floor":21,"turns":7},{"damage":26,"enemies":"Gremlin Leader","floor":23,"turns":3}],"seed_played":"8833839155340815029","potions_obtained":[{"floor":1.0,"key":"BloodPotion"},{"floor":5.0,"key":"SpeedPotion"},{"floor":8.0,"key":"LiquidBronze"},{"floor":16,"key":"SpeedPotion"},{"floor":18,"key":"CultistPotion"}],"is_trial":false,"path_per_floor":["M","?","$","?","M","R","E","M","T","M","?","?","?","$","R","B",null,"M","M","?","M","?","E"],"character_chosen":"IRONCLAD","items_purchased":["Dark Embrace","Feel No Pain","Flame Barrier","Uppercut"],"campfire_rested":1,"item_purchase_floors":[3,14,14,14],"current_hp_per_floor":[63,63,63,63,59,59,24,30,30,15,15,15,20,20,41,13,57,40,46,46,35,35,9,9],"gold":240,"neow_bonus":"REMOVE_TWO","is_daily":false,"chose_seed":false,"campfire_upgraded":1,"win_rate":0.0,"timestamp":1613420309,"path_taken":["M","?","?","?","M","R","E","M","T","?","?","?","?","$","R","BOSS","M","M","?","M","?","E"],"items_purchased_type":["Card","Card","Card","Card"],"build_version":"2020-12-22","purchased_purges":0,"victory":false,"max_hp_per_floor":[72,72,72,72,72,72,72,72,72,72,72,67,72,72,72,72,72,72,72,72,72,72,72,72],"card_choices":[{"not_picked":["Searing Blow","Cleave"],"picked":"Shockwave","floor":1.0},{"not_picked":["Dark Embrace","Armaments"],"picked":"Thunderclap","floor":5.0},{"not_picked":["Shockwave","Sword Boomerang"],"picked":"Rampage","floor":7.0},{"not_picked":["Thunderclap","Inflame","Heavy Blade"],"picked":"SKIP","floor":8.0},{"not_picked":["Metallicize","Headbutt","Iron Wave"],"picked":"SKIP","floor":10.0},{"not_picked":["Impervious","Immolate"],"picked":"Corruption","floor":16},{"not_picked":["Thunderclap","Wild Strike"],"picked":"Entrench","floor":18},{"not_picked":["Intimidate","Armaments"],"picked":"True Grit","floor":19},{"not_picked":["Shockwave","Cleave+1"],"picked":"Entrench","floor":21}],"player_experience":337877,"relics_obtained":[{"floor":7.0,"key":"Gremlin Horn"},{"floor":9.0,"key":"Mercury Hourglass"}],"event_choices":[{"damage_healed":0.0,"max_hp_gain":0.0,"max_hp_loss":0.0,"gold_gain":0.0,"event_name":"Match and Keep!","player_choice":"3 cards matched","floor":2.0,"gold_loss":0.0,"damage_taken":0.0,"cards_obtained":["Writhe","Armaments","Dramatic Entrance"]},{"cards_removed":["Strike_R"],"damage_healed":0.0,"max_hp_gain":0.0,"max_hp_loss":0.0,"gold_gain":0.0,"event_name":"Purifier","player_choice":"Purged","floor":4.0,"gold_loss":0.0,"damage_taken":0.0},{"damage_healed":0.0,"max_hp_gain":0.0,"max_hp_loss":0.0,"gold_gain":175.0,"event_name":"Liars Game","player_choice":"AGREE","floor":11.0,"gold_loss":0.0,"damage_taken":0.0,"cards_obtained":["Doubt"]},{"damage_healed":0.0,"max_hp_gain":0.0,"max_hp_loss":5.0,"gold_gain":0.0,"event_name":"Golden Idol","player_choice":"Lose Max HP","floor":12.0,"gold_loss":0.0,"damage_taken":0.0,"relics_obtained":["Golden Idol"]},{"damage_healed":0.0,"max_hp_gain":5.0,"max_hp_loss":0.0,"gold_gain":0.0,"event_name":"Big Fish","player_choice":"Donut","floor":13.0,"gold_loss":0.0,"damage_taken":0.0},{"damage_healed":0,"gold_gain":0,"player_choice":"Opened","damage_taken":0,"relics_obtained":["Meat on the Bone"],"max_hp_gain":0,"max_hp_loss":0,"event_name":"The Mausoleum","floor":20,"gold_loss":0},{"damage_healed":0,"gold_gain":0,"cards_transformed":["Feel No Pain","Thunderclap"],"player_choice":"Became Test Subject","damage_taken":0,"max_hp_gain":0,"max_hp_loss":0,"event_name":"Drug Dealer","floor":22,"gold_loss":0,"cards_obtained":["Berserk","Evolve"]}],"is_beta":false,"boss_relics":[{"not_picked":["Runic Pyramid","Empty Cage"],"picked":"Astrolabe"}],"items_purged_floors":[],"is_endless":false,"potions_floor_spawned":[1,5,8,16,18,19],"killed_by":"Gremlin Leader","ascension_level":11}}