{"host":"swn8ychr123rw3gf","time":1613394321,"event":{"mods":["BaseMod","Minty Spire (QoL Compilation)","StSLib"],"gold_per_floor":[113,131,131,150,70,70,88,119,142,142,317,342,342,367,367,452,452,479,479,117,117,152,152,186,186,186,186,86,120,150,150,150,233,233,269,288,334,43,78,78,78,78,104,129,158,183,221,246,246,246],"floor_reached":51,"language":"ZHS","playtime":2184,"items_purged":["Strike_R","Strike_R","Strike_R"],"score":1364,"play_id":"f1bf1115-3ab2-48ec-ae12-935c892d5ff5","local_time":"20210215210521","is_ascension_mode":true,"campfire_choices":[{"data":"Fiend Fire","floor":6.0,"key":"SMITH"},{"data":"Metallicize","floor":10.0,"key":"SMITH"},{"data":"Double Tap","floor":13.0,"key":"SMITH"},{"data":"Flex","floor":15.0,"key":"SMITH"},{"data":"Barricade","floor":23.0,"key":"SMITH"},{"data":"Power Through","floor":25.0,"key":"SMITH"},{"data":"Whirlwind","floor":27.0,"key":"SMITH"},{"data":"Body Slam","floor":32.0,"key":"SMITH"},{"data":"Entrench","floor":40.0,"key":"SMITH"},{"data":"Heavy Blade","floor":42.0,"key":"SMITH"},{"floor":49.0,"key":"REST"}],"circlet_count":0,"master_deck":["AscendersBane","Defend_R+1","Defend_R","Defend_R+1","Bash","Metallicize+1","Evolve","Fiend Fire+1","Double Tap+1","Flex+1","Barricade+1","Pommel Strike","Shrug It Off","Whirlwind+1","Power Through+1","Seeing Red","Body Slam+1","Entrench+1","Demon Form","Body Slam+1","Evolve+1","Heavy Blade+1","Feel No Pain+1","Burning Pact","Second Wind","True Grit+1","Body Slam","Power Through","Seeing Red"],"relics":["Burning Blood","Pocketwatch","Anchor","Regal Pillow","Omamori","CeramicFish","Empty Cage","Bag of Preparation","Prayer Wheel","Lantern","Darkstone Periapt","Tiny Chest","The Courier","Mark of Pain","Calipers","Sundial","Bronze Scales","War Paint","Blue Candle"],"acts_visited":["Exordium","TheCity","TheBeyond"],"potions_floor_usage":[50],"damage_taken":[{"damage":1.0,"enemies":"Cultist","floor":1.0,"turns":3.0},{"damage":1.0,"enemies":"Small Slimes","floor":2.0,"turns":4.0},{"damage":2.0,"enemies":"Jaw Worm","floor":4.0,"turns":5.0},{"damage":0.0,"enemies":"Large Slime","floor":7.0,"turns":4.0},{"damage":2.0,"enemies":"3 Sentries","floor":8.0,"turns":13.0},{"damage":0.0,"enemies":"Lagavulin","floor":12.0,"turns":3.0},{"damage":0.0,"enemies":"Blue Slaver","floor":14.0,"turns":2.0},{"damage":0.0,"enemies":"Slime Boss","floor":16.0,"turns":3.0},{"damage":10.0,"enemies":"Chosen","floor":18.0,"turns":6.0},{"damage":10.0,"enemies":"3 Byrds","floor":22.0,"turns":6.0},{"damage":21.0,"enemies":"Slavers","floor":24.0,"turns":4.0},{"damage":8.0,"enemies":"Gremlin Leader","floor":29.0,"turns":3.0},{"damage":9.0,"enemies":"Shelled Parasite and Fungi","floor":30.0,"turns":3.0},{"damage":7.0,"enemies":"Champ","floor":33.0,"turns":9.0},{"damage":4.0,"enemies":"Orb Walker","floor":35.0,"turns":5.0},{"damage":35.0,"enemies":"3 Darklings","floor":36.0,"turns":5.0},{"damage":0.0,"enemies":"2 Orb Walkers","floor":37.0,"turns":4.0},{"damage":1.0,"enemies":"4 Shapes","floor":39.0,"turns":6.0},{"damage":21.0,"enemies":"Transient","floor":44.0,"turns":5.0},{"damage":9.0,"enemies":"Jaw Worm Horde","floor":45.0,"turns":4.0},{"damage":42.0,"enemies":"Reptomancer","floor":47.0,"turns":7.0},{"damage":0.0,"enemies":"Spire Growth","floor":48.0,"turns":5.0},{"damage":27,"enemies":"Donu and Deca","floor":50,"turns":15}],"seed_played":"6311401563750015307","potions_obtained":[{"floor":1.0,"key":"BloodPotion"},{"floor":4.0,"key":"FearPotion"},{"floor":8.0,"key":"Fruit Juice"},{"floor":22.0,"key":"SkillPotion"},{"floor":24.0,"key":"EntropicBrew"},{"floor":35.0,"key":"GamblersBrew"},{"floor":37.0,"key":"PowerPotion"},{"floor":48.0,"key":"Strength Potion"}],"is_trial":false,"path_per_floor":["M","M","?","M","$","R","M","E","T","R","?","E","R","M","R","B",null,"M","?","$","?","M","R","E","R","T","R","$","E","M","T","R","B",null,"M","M","?","$","M","R","?","R","T","M","M","T","E","M","R","B",null],"character_chosen":"IRONCLAD","items_purchased":["Double Tap","Prayer Wheel","Sundial"],"campfire_rested":1,"item_purchase_floors":[5,20,38],"current_hp_per_floor":[55,60,48,52,52,52,58,62,62,62,62,68,68,74,74,75,75,76,76,76,61,57,57,42,42,42,42,42,57,54,54,54,53,77,79,50,56,56,61,61,61,61,61,46,43,43,7,13,53,32],"gold":246,"neow_bonus":"ONE_RARE_RELIC","is_daily":false,"chose_seed":false,"campfire_upgraded":10,"win_rate":0.0,"timestamp":1613394321,"path_taken":["M","M","?","M","$","R","M","E","T","R","?","E","R","M","R","BOSS","M","?","$","?","M","R","E","R","T","R","$","E","M","?","R","BOSS","M","M","?","$","M","R","?","R","T","M","M","?","E","?","R","BOSS"],"items_purchased_type":["Card","Relic","Relic"],"build_version":"2020-12-22","purchased_purges":3,"victory":true,"max_hp_per_floor":[75,75,75,75,75,75,75,75,75,75,75,75,75,75,75,75,75,80,80,80,85,85,85,85,85,85,85,85,85,85,85,85,85,85,85,85,85,85,85,85,85,85,85,85,85,85,85,85,85,85],"card_choices":[{"not_picked":["Sentinel","Wild Strike"],"picked":"Metallicize","floor":1.0},{"not_picked":["Clothesline","Warcry"],"picked":"Evolve","floor":2.0},{"not_picked":["Anger","True Grit"],"picked":"Fiend Fire","floor":4.0},{"not_picked":["Blood for Blood","Clash","Warcry"],"picked":"SKIP","floor":7.0},{"not_picked":["Blood for Blood","Evolve","Pummel"],"picked":"SKIP","floor":8.0},{"not_picked":["Twin Strike","Thunderclap","Anger"],"picked":"SKIP","floor":12.0},{"not_picked":["Infernal Blade","Warcry"],"picked":"Flex","floor":14.0},{"not_picked":["Reaper","Bludgeon"],"picked":"Barricade","floor":16.0},{"not_picked":["Blood for Blood+1","Twin Strike+1"],"picked":"Pommel Strike","floor":18.0},{"not_picked":["Thunderclap","Iron Wave"],"picked":"Shrug It Off","floor":22.0},{"not_picked":["Carnage+1","Cleave"],"picked":"Whirlwind","floor":22.0},{"not_picked":["Havoc","Dropkick"],"picked":"Power Through","floor":24.0},{"not_picked":["Iron Wave+1","Heavy Blade"],"picked":"Seeing Red","floor":29.0},{"not_picked":["Carnage+1","Shrug It Off"],"picked":"Body Slam","floor":30.0},{"not_picked":["Double Tap","Sword Boomerang"],"picked":"Entrench","floor":30.0},{"not_picked":["Reaper","Immolate"],"picked":"Demon Form","floor":33.0},{"not_picked":["Uppercut","Searing Blow"],"picked":"Body Slam+1","floor":35.0},{"not_picked":["Headbutt+1","Cleave"],"picked":"Evolve+1","floor":35.0},{"not_picked":["Inflame","Seeing Red"],"picked":"Heavy Blade","floor":36.0},{"not_picked":["Cleave","Clash","Headbutt"],"picked":"SKIP","floor":36.0},{"not_picked":["Searing Blow","Entrench"],"picked":"Feel No Pain+1","floor":39.0},{"not_picked":["Perfected Strike+1","Whirlwind"],"picked":"Burning Pact","floor":39.0},{"not_picked":["Headbutt","Anger+1"],"picked":"Second Wind","floor":44.0},{"not_picked":["Corruption","Havoc","Reckless Charge"],"picked":"SKIP","floor":44.0},{"not_picked":["Entrench","Seeing Red"],"picked":"True Grit+1","floor":45.0},{"not_picked":["Dropkick","Clash"],"picked":"Body Slam","floor":45.0},{"not_picked":["Shockwave","Rampage"],"picked":"Power Through","floor":47.0},{"not_picked":["Disarm","Thunderclap"],"picked":"Seeing Red","floor":48.0},{"not_picked":["Havoc+1","Body Slam","Thunderclap"],"picked":"SKIP","floor":48.0}],"player_experience":472483,"relics_obtained":[{"floor":8.0,"key":"Regal Pillow"},{"floor":9.0,"key":"Omamori"},{"floor":12.0,"key":"CeramicFish"},{"floor":24.0,"key":"Lantern"},{"floor":26.0,"key":"Darkstone Periapt"},{"floor":29.0,"key":"Tiny Chest"},{"floor":31.0,"key":"The Courier"},{"floor":37.0,"key":"Calipers"},{"floor":43.0,"key":"Bronze Scales"},{"floor":46.0,"key":"War Paint"},{"floor":47.0,"key":"Blue Candle"}],"event_choices":[{"damage_healed":0.0,"max_hp_gain":0.0,"max_hp_loss":0.0,"gold_gain":0.0,"event_name":"Scrap Ooze","player_choice":"Success","floor":3.0,"gold_loss":0.0,"damage_taken":12.0,"relics_obtained":["Anchor"]},{"damage_healed":0.0,"max_hp_gain":0.0,"max_hp_loss":0.0,"gold_gain":175.0,"event_name":"Liars Game","player_choice":"AGREE","floor":11.0,"gold_loss":0.0,"damage_taken":0.0,"cards_obtained":["Doubt"]},{"damage_healed":0.0,"max_hp_gain":0.0,"max_hp_loss":0.0,"gold_gain":0.0,"event_name":"The Mausoleum","player_choice":"Opened","floor":19.0,"gold_loss":0.0,"damage_taken":0.0,"relics_obtained":["Bag of Preparation"],"cards_obtained":["Writhe"]},{"damage_healed":0.0,"max_hp_gain":5.0,"max_hp_loss":0.0,"gold_gain":0.0,"event_name":"Forgotten Altar","player_choice":"Shed Blood","floor":21.0,"gold_loss":0.0,"damage_taken":20.0},{"damage_healed":0.0,"max_hp_gain":0.0,"max_hp_loss":0.0,"gold_gain":0.0,"event_name":"Mysterious Sphere","player_choice":"Fight","floor":37.0,"gold_loss":0.0,"damage_taken":0.0},{"cards_removed":["Strike_R"],"damage_healed":0.0,"max_hp_gain":0.0,"max_hp_loss":0.0,"gold_gain":0.0,"event_name":"Purifier","player_choice":"Purged","floor":41.0,"gold_loss":0.0,"damage_taken":0.0}],"is_beta":false,"boss_relics":[{"not_picked":["SlaversCollar","Sozu"],"picked":"Empty Cage"},{"not_picked":["SacredBark","Busted Crown"],"picked":"Mark of Pain"}],"items_purged_floors":[20,28,38],"is_endless":false,"potions_floor_spawned":[1,4,8,12,14,22,24,35,37,48],"ascension_level":14}}