{"host":"buaikbko8oj3kpfn","time":1613409206,"event":{"mods":["Act Like it!","Arknights","BaseMod","Koishi","Minty Spire (QoL Compilation)","Remilia（蕾米莉亚）","RumiaBox-露米娅的神秘盒子","StSLib","Yakumo Yukari mod","【功能Mod】混沌之环修复补丁"],"gold_per_floor":[111,128,139,289,305,340,340,365,365,377,387,100,127,142,142,220,220,237,777,791,791,809,829,829,829,906,931,99,113,126,160,160,234,234,253,264,279,279,279],"floor_reached":38,"language":"ZHS","playtime":1549,"items_purged":["Strike_RM","Strike_RM"],"score":1059,"play_id":"5e09f1c7-1cc3-4c8c-8380-77084d362639","local_time":"20210216011326","is_ascension_mode":true,"campfire_choices":[{"data":"EternalNight","floor":15.0,"key":"SMITH"},{"data":"UltimateOffering","floor":24,"key":"SMITH"},{"data":"EquivalentExchange","floor":32,"key":"SMITH"}],"circlet_count":0,"master_deck":["AscendersBane","Strike_RM","Defend_RM","Defend_RM","Defend_RM","Defend_RM","RedMoon","ScarletShoot","EternalNight+1","NightDance","Ultimatum+1","ForecastOfChange","HunterOfTheNight","DiffusionOfMisfortune","EquivalentExchange+1","NightDance","DiffusionOfMisfortune","ForecastOfChange","DevilSight","UltimateOffering+1","EmergencyRegeneration","RedNightlessCastle","RedNightlessCastle","BombardNight","KillingBlow"],"relics":["ScarletHat","NeowsBlessing","AddBug","SecretRecord","SecretRecord","SecretRecord","SecretRecord","SecretRecord","SecretRecord"],"acts_visited":["Exordium","TheCity","TheBeyond"],"potions_floor_usage":[38],"damage_taken":[{"damage":0.0,"enemies":"Small Slimes","floor":1.0,"turns":1.0},{"damage":0.0,"enemies":"Jaw Worm","floor":2.0,"turns":1.0},{"damage":0.0,"enemies":"Cultist","floor":3.0,"turns":1.0},{"damage":2.0,"enemies":"Gremlin Gang","floor":5.0,"turns":5.0},{"damage":23.0,"enemies":"3 Sentries","floor":6.0,"turns":11.0},{"damage":21.0,"enemies":"Gremlin Nob","floor":8.0,"turns":4.0},{"damage":1.0,"enemies":"Exordium Wildlife","floor":10.0,"turns":4.0},{"damage":4.0,"enemies":"Red Slaver","floor":11.0,"turns":3.0},{"damage":9.0,"enemies":"Lagavulin","floor":13.0,"turns":3.0},{"damage":2.0,"enemies":"2 Fungi Beasts","floor":14.0,"turns":4.0},{"damage":0.0,"enemies":"Slime Boss","floor":16.0,"turns":6.0},{"damage":2.0,"enemies":"Chosen","floor":18.0,"turns":5.0},{"damage":6,"enemies":"Spheric Guardian","floor":20,"turns":3},{"damage":3,"enemies":"Snake Plant","floor":22,"turns":1},{"damage":0,"enemies":"Chosen and Byrds","floor":23,"turns":3},{"damage":52,"enemies":"Book of Stabbing","floor":27,"turns":4},{"damage":44,"enemies":"Snecko","floor":29,"turns":3},{"damage":44,"enemies":"3 Cultists","floor":30,"turns":4},{"damage":63,"enemies":"Gremlin Leader","floor":31,"turns":3},{"damage":64,"enemies":"Champ","floor":33,"turns":4},{"damage":15,"enemies":"3 Darklings","floor":35,"turns":2},{"damage":11,"enemies":"Orb Walker","floor":36,"turns":4},{"damage":58,"enemies":"3 Darklings","floor":37,"turns":3},{"damage":40,"enemies":"3 Darklings","floor":38,"turns":7}],"seed_played":"-7906545444835325857","potions_obtained":[{"floor":1.0,"key":"LiquidMemories"},{"floor":2.0,"key":"SkillPotion"},{"floor":11.0,"key":"FairyPotion"}],"is_trial":false,"path_per_floor":["M","M","M","?","M","E","?","E","T","M","M","$","E","M","R","B",null,"M","?","M","?","M","M","R","?","T","E","$","M","M","E","R","B",null,"M","M","M","?"],"character_chosen":"REMILIA","items_purchased":["DiffusionOfMisfortune","ZombieArmy","Tiny Chest","StoneCalendar","Cauldron","BombardNight"],"campfire_rested":0,"item_purchase_floors":[12,12,28,28,28,28],"current_hp_per_floor":[63,63,63,63,62,39,39,19,19,22,21,21,18,21,21,26,59,65,8,7,7,5,14,14,14,14,26,26,26,26,21,21,32,61,47,37,24,0,0],"gold":279,"neow_bonus":"THREE_ENEMY_KILL","is_daily":false,"chose_seed":false,"campfire_upgraded":3,"win_rate":0.0,"timestamp":1613409206,"path_taken":["M","M","M","?","M","E","?","E","T","?","?","$","E","M","R","BOSS","M","?","?","?","?","M","R","?","T","E","$","M","M","E","R","BOSS","M","M","?","?"],"items_purchased_type":["Card","Relic","Relic","Relic","Relic","Card"],"build_version":"2020-12-22","purchased_purges":2,"victory":false,"max_hp_per_floor":[70,70,70,70,70,70,70,70,70,70,70,70,70,70,70,70,70,70,70,70,70,70,70,70,70,70,70,70,70,70,70,70,70,70,70,70,70,70,70],"card_choices":[{"not_picked":["CharismaGuard","UnstableMagic"],"picked":"EternalNight","floor":1.0},{"not_picked":["UnderTheZenith","StarOfDavid"],"picked":"NightDance","floor":2.0},{"not_picked":["ForbiddenFruit","RedRainbow","UnderTheZenith"],"picked":"SKIP","floor":3.0},{"not_picked":["ScarletDevil","BlasphemousPunishment"],"picked":"Ultimatum","floor":5.0},{"not_picked":["VampireKiss","MastersStateliness"],"picked":"ForecastOfChange","floor":6.0},{"not_picked":["EndlessAdversity","BloodHunter"],"picked":"HunterOfTheNight","floor":8.0},{"not_picked":["Stigmanizer","ScarletImprint","ScarletDevil"],"picked":"SKIP","floor":8.0},{"not_picked":["BloodHunter","FavorOfDestiny","ScarletDevil"],"picked":"SKIP","floor":10.0},{"not_picked":["BloodAndWine","MastersStateliness","UnstableMagic"],"picked":"SKIP","floor":11.0},{"not_picked":["ForbiddenFruit","EndlessAdversity"],"picked":"EquivalentExchange","floor":13.0},{"not_picked":["UnstableMagic","ScarletSymphony"],"picked":"NightDance","floor":13.0},{"not_picked":["BloodHunter","BloodyTrap"],"picked":"DiffusionOfMisfortune","floor":14.0},{"not_picked":["BloodHunter","VampirishNight","Stigmanizer"],"picked":"SKIP","floor":14.0},{"not_picked":["BloodyCatastrophe","ChaoticDestiny"],"picked":"ForecastOfChange","floor":16.0},{"not_picked":["StarOfDavid","VampireKiss","UnstableMagic+1"],"picked":"SKIP","floor":18},{"not_picked":["DiffusionOfMisfortune+1","ScarletImprint"],"picked":"DevilSight","floor":20},{"not_picked":["LeisurelyOfLord","ChainGang+1","UnderTheZenith"],"picked":"SKIP","floor":22},{"not_picked":["QueenOfMidnight","VampireKiss"],"picked":"UltimateOffering","floor":23},{"not_picked":["FitfulNightmare","ScarletSymphony"],"picked":"EmergencyRegeneration","floor":23},{"not_picked":["BadLadyScramble","FavorOfDestiny"],"picked":"RedNightlessCastle","floor":27},{"not_picked":["ScarletDevil","VampireFantasy"],"picked":"RedNightlessCastle","floor":27},{"not_picked":["BadLadyScramble","BombardNight","MastersStateliness"],"picked":"SKIP","floor":29},{"not_picked":["BloodyTrap","DiffusionOfMisfortune","MastersStateliness"],"picked":"SKIP","floor":30},{"not_picked":["StarOfDavid","ScarletImprint+1","BloodHunter"],"picked":"SKIP","floor":31},{"not_picked":["BloodRain","BloodyCatastrophe"],"picked":"KillingBlow","floor":33},{"not_picked":["BlasphemousPunishment+1","CharismaGuard","FavorOfDestiny"],"picked":"SKIP","floor":35},{"not_picked":["NightDance","FavorOfDestiny","NightLord+1"],"picked":"SKIP","floor":36},{"not_picked":["Stigmanizer","ScarletDevil","ScarletGensokyo+1"],"picked":"SKIP","floor":37}],"player_experience":424184,"relics_obtained":[{"floor":1.0,"key":"AddBug"},{"floor":6.0,"key":"Shuriken"},{"floor":8.0,"key":"Singing Bowl"},{"floor":9.0,"key":"Bottled Lightning"},{"floor":11.0,"key":"SecretRecord"},{"floor":13.0,"key":"Meat on the Bone"},{"floor":14.0,"key":"SecretRecord"},{"floor":22,"key":"SecretRecord"},{"floor":27,"key":"Bag of Preparation"},{"floor":30,"key":"SecretRecord"},{"floor":31,"key":"Sundial"},{"floor":37,"key":"SecretRecord"}],"event_choices":[{"damage_healed":0.0,"max_hp_gain":0.0,"max_hp_loss":0.0,"gold_gain":150.0,"event_name":"Liars Game","player_choice":"AGREE","floor":4.0,"gold_loss":0.0,"damage_taken":0.0,"cards_obtained":["Doubt"]},{"cards_removed":["Doubt"],"damage_healed":0.0,"max_hp_gain":0.0,"max_hp_loss":0.0,"gold_gain":0.0,"event_name":"Fountain of Cleansing","player_choice":"Removed Curses","floor":7.0,"gold_loss":0.0,"damage_taken":0.0},{"damage_healed":0,"gold_gain":540,"player_choice":"GOLD GOLD GOLD GOLD GOLD GOLD ","damage_taken":57,"max_hp_gain":0,"max_hp_loss":0,"event_name":"Knowing Skull","floor":19,"potions_obtained":[],"gold_loss":0,"cards_obtained":[]},{"cards_removed":["Strike_RM"],"damage_healed":0,"gold_gain":0,"player_choice":"Purged","damage_taken":0,"max_hp_gain":0,"max_hp_loss":0,"event_name":"Purifier","floor":21,"gold_loss":0},{"damage_healed":0,"gold_gain":0,"player_choice":"Upgraded","damage_taken":0,"max_hp_gain":0,"max_hp_loss":0,"event_name":"Upgrade Shrine","floor":25,"gold_loss":0,"cards_upgraded":["Ultimatum"]}],"is_beta":false,"boss_relics":[{"not_picked":["SacredBark","Coffee Dripper"],"picked":"APieceOfRedMist"},{"not_picked":["Tiny House","Snecko Eye"],"picked":"ScarletEmblem"}],"items_purged_floors":[12,28],"is_endless":false,"potions_floor_spawned":[1,2,8,11,16,22,23,27,29,37],"killed_by":"3 Darklings","ascension_level":20}}