{"host":"o88u0awh8mkwl1l8","time":1613394104,"event":{"mods":["BaseMod","Colored Map","Highlight Path","Minty Spire (QoL Compilation)"],"gold_per_floor":[113,129,279,289,306,306,331,331,406,406,420,420,16,50,50,121,121,137,151,151,165,184,184,184,184],"floor_reached":24,"language":"JPN","playtime":1326,"items_purged":["Strike_G"],"score":416,"play_id":"05d17ee4-0648-4fd3-ac5d-3d89e6f6dee2","local_time":"20210215220144","is_ascension_mode":true,"campfire_choices":[{"floor":6.0,"key":"REST"},{"data":"Crippling Poison","floor":8.0,"key":"SMITH"},{"floor":15.0,"key":"REST"},{"floor":23,"key":"REST"}],"circlet_count":0,"master_deck":["AscendersBane","Strike_G","Strike_G","Strike_G","Defend_G","Defend_G","Defend_G","Defend_G","Defend_G","Survivor","Neutralize","Poisoned Stab","Backflip","Blade Dance","Quick Slash","Crippling Poison+1","Bane+1","Adrenaline","Glass Knife+1","Bane+1","Dagger Throw+1","Burst","Deadly Poison+1","Blur","Adrenaline","Dodge and Roll"],"relics":["Ring of the Snake","WingedGreaves","Molten Egg 2","Dream Catcher","Runic Pyramid"],"acts_visited":["Exordium","TheCity"],"potions_floor_usage":[],"damage_taken":[{"damage":3.0,"enemies":"Small Slimes","floor":1.0,"turns":5.0},{"damage":0.0,"enemies":"Jaw Worm","floor":2.0,"turns":5.0},{"damage":0.0,"enemies":"2 Louse","floor":4.0,"turns":3.0},{"damage":13.0,"enemies":"Red Slaver","floor":5.0,"turns":5.0},{"damage":29.0,"enemies":"3 Sentries","floor":7.0,"turns":12.0},{"damage":0.0,"enemies":"Gremlin Gang","floor":11.0,"turns":4.0},{"damage":8.0,"enemies":"Gremlin Nob","floor":14.0,"turns":3.0},{"damage":25.0,"enemies":"Slime Boss","floor":16.0,"turns":6.0},{"damage":12.0,"enemies":"2 Thieves","floor":18.0,"turns":3.0},{"damage":10.0,"enemies":"3 Byrds","floor":19.0,"turns":4.0},{"damage":18.0,"enemies":"Centurion and Healer","floor":21.0,"turns":5.0},{"damage":19.0,"enemies":"Sentry and Sphere","floor":22.0,"turns":5.0},{"damage":39,"enemies":"Slavers","floor":24,"turns":4}],"seed_played":"3866546422760817493","potions_obtained":[{"floor":4.0,"key":"Dexterity Potion"},{"floor":5.0,"key":"Dexterity Potion"},{"floor":11.0,"key":"Swift Potion"},{"floor":14.0,"key":"SteroidPotion"},{"floor":16.0,"key":"Poison Potion"},{"floor":18.0,"key":"Regen Potion"}],"is_trial":false,"path_per_floor":["M","M","?","M","M","R","E","R","T","?","M","?","$","E","R","B",null,"M","M","?","M","M","R","E"],"character_chosen":"THE_SILENT","items_purchased":["Adrenaline","Glass Knife+1"],"campfire_rested":3,"item_purchase_floors":[13,13],"current_hp_per_floor":[53,53,53,53,40,63,34,34,34,27,27,27,27,19,42,17,63,51,55,55,37,18,41,2,2],"gold":184,"neow_bonus":"TWENTY_PERCENT_HP_BONUS","is_daily":false,"chose_seed":false,"campfire_upgraded":1,"win_rate":0.0,"timestamp":1613394104,"path_taken":["M","M","?","M","M","R","E","R","T","?","M","?","?","E","R","BOSS","M","M","?","M","?","R","E"],"items_purchased_type":["Card","Card"],"build_version":"2020-12-22","purchased_purges":1,"victory":false,"max_hp_per_floor":[78,78,78,78,78,78,78,78,78,78,78,78,78,78,78,78,78,78,78,78,78,78,78,78,78],"card_choices":[{"not_picked":["Backflip","Dagger Throw"],"picked":"Poisoned Stab","floor":1.0},{"not_picked":["Accuracy","Masterful Stab"],"picked":"Backflip","floor":2.0},{"not_picked":["Flying Knee","Quick Slash"],"picked":"Blade Dance","floor":4.0},{"not_picked":["Concentrate","Endless Agony"],"picked":"Quick Slash","floor":5.0},{"not_picked":["Escape Plan","Flechettes"],"picked":"Crippling Poison","floor":7.0},{"not_picked":["PiercingWail","Sucker Punch+1"],"picked":"Bane+1","floor":11.0},{"not_picked":["Setup","Dodge and Roll"],"picked":"Bane+1","floor":14.0},{"not_picked":["Endless Agony+1","Flying Knee+1"],"picked":"Dagger Throw+1","floor":15.0},{"not_picked":["Storm of Steel","Night Terror"],"picked":"Burst","floor":16.0},{"not_picked":["Acrobatics","Predator+1"],"picked":"Deadly Poison+1","floor":18.0},{"not_picked":["Noxious Fumes","Cloak And Dagger","Prepared"],"picked":"SKIP","floor":19.0},{"not_picked":["Endless Agony+1","Flying Knee+1","Finisher+1"],"picked":"SKIP","floor":21.0},{"not_picked":["Prepared","Acrobatics+1"],"picked":"Adrenaline","floor":22},{"not_picked":["Blade Dance","Cloak And Dagger"],"picked":"Dodge and Roll","floor":23}],"player_experience":1254285,"relics_obtained":[{"floor":7.0,"key":"WingedGreaves"},{"floor":9.0,"key":"Molten Egg 2"},{"floor":14.0,"key":"Dream Catcher"}],"event_choices":[{"damage_healed":0.0,"max_hp_gain":0.0,"max_hp_loss":0.0,"gold_gain":150.0,"event_name":"Liars Game","player_choice":"AGREE","floor":3.0,"gold_loss":0.0,"damage_taken":0.0,"cards_obtained":["Doubt"]},{"cards_removed":["Doubt"],"damage_healed":0.0,"max_hp_gain":0.0,"max_hp_loss":0.0,"gold_gain":0.0,"event_name":"Golden Wing","player_choice":"Card Removal","floor":10.0,"gold_loss":0.0,"damage_taken":7.0},{"damage_healed":0.0,"max_hp_gain":0.0,"max_hp_loss":0.0,"gold_gain":0.0,"event_name":"Scrap Ooze","player_choice":"Fled","floor":12.0,"gold_loss":0.0,"damage_taken":0.0},{"damage_healed":0.0,"max_hp_gain":0.0,"max_hp_loss":0.0,"gold_gain":0.0,"cards_transformed":["Strike_G"],"event_name":"Transmorgrifier","player_choice":"Transformed","floor":20.0,"gold_loss":0.0,"damage_taken":0.0,"cards_obtained":["Blur"]}],"is_beta":false,"boss_relics":[{"not_picked":["Snecko Eye","Calling Bell"],"picked":"Runic Pyramid"}],"items_purged_floors":[13],"is_endless":false,"potions_floor_spawned":[4,5,11,14,16,18],"killed_by":"Slavers","ascension_level":20}}