{"host":"t1puqh5lxz8sp6fn","time":1613366342,"event":{"mods":["AchievementEnabler","BaseMod","Colored Powertips","Minty Spire (QoL Compilation)","Rare Cards Sparkle","Relic Stats","StSLib"],"gold_per_floor":[112,112,126,27,45,71,71,106,106,106,124,134,167,186,186,262,262,280,280,280,205,51,51,76,76,76,101,119,119,119],"floor_reached":29,"playtime":1010,"items_purged":[],"score":457,"play_id":"dac7bbb0-9473-452c-bae3-fddb18389ea4","local_time":"20210215021902","is_ascension_mode":true,"campfire_choices":[{"floor":7,"key":"REST"},{"floor":10,"key":"REST"},{"data":"Go for the Eyes","floor":15,"key":"SMITH"},{"data":"Electrodynamics","floor":23,"key":"SMITH"},{"data":"Finesse","floor":25,"key":"SMITH"}],"circlet_count":0,"master_deck":["AscendersBane","Strike_B","Strike_B","Strike_B","Defend_B","Defend_B","Defend_B","Defend_B","Zap","Dualcast","Gash","Melter","Self Repair","Go for the Eyes+1","Sweeping Beam","Reboot","Cold Snap","Undo","All For One","Electrodynamics+1","Finesse+1","Reboot","Gash"],"relics":["Cracked Core","Centennial Puzzle","Oddly Smooth Stone","Ice Cream","Pantograph","Du-Vu Doll","Runic Pyramid","Blue Candle","Orichalcum"],"acts_visited":["Exordium","TheCity"],"potions_floor_usage":[12,13,16,24],"damage_taken":[{"damage":0,"enemies":"2 Louse","floor":1,"turns":2},{"damage":1,"enemies":"Cultist","floor":3,"turns":3},{"damage":12,"enemies":"Jaw Worm","floor":5,"turns":3},{"damage":35,"enemies":"Lagavulin","floor":6,"turns":6},{"damage":50,"enemies":"3 Sentries","floor":8,"turns":10},{"damage":22,"enemies":"Exordium Wildlife","floor":11,"turns":5},{"damage":1,"enemies":"Large Slime","floor":12,"turns":5},{"damage":33,"enemies":"Lagavulin","floor":13,"turns":4},{"damage":0,"enemies":"Looter","floor":14,"turns":3},{"damage":3,"enemies":"The Guardian","floor":16,"turns":12},{"damage":27,"enemies":"3 Byrds","floor":18,"turns":5},{"damage":34,"enemies":"Book of Stabbing","floor":24,"turns":6},{"damage":2,"enemies":"Chosen","floor":28,"turns":4},{"damage":28,"enemies":"Slavers","floor":29,"turns":2}],"seed_played":"-1143924650240627960","potions_obtained":[{"floor":5,"key":"GamblersBrew"},{"floor":11,"key":"SpeedPotion"},{"floor":12,"key":"AttackPotion"},{"floor":13,"key":"Dexterity Potion"},{"floor":16,"key":"AttackPotion"},{"floor":24,"key":"LiquidBronze"}],"is_trial":false,"path_per_floor":["M","?","M","$","M","E","R","E","T","R","M","M","E","M","R","B",null,"M","?","?","?","$","R","E","R","T","T","M","E"],"character_chosen":"DEFECT","items_purchased":["FairyPotion","Electrodynamics","Finesse"],"campfire_rested":2,"item_purchase_floors":[4,22,22],"current_hp_per_floor":[64,71,70,70,58,30,51,8,8,29,14,20,28,35,35,64,69,49,49,49,49,49,49,22,22,22,22,27,0,0],"gold":119,"neow_bonus":"RANDOM_COMMON_RELIC","is_daily":false,"chose_seed":false,"campfire_upgraded":3,"win_rate":0.0,"timestamp":1613366342,"path_taken":["M","?","M","?","M","E","R","E","T","R","M","M","E","M","R","BOSS","M","?","?","?","$","R","E","R","T","?","?","E"],"items_purchased_type":["Potion","Card","Card"],"build_version":"2020-12-13","purchased_purges":0,"victory":false,"max_hp_per_floor":[71,71,71,71,71,71,71,71,71,71,71,71,71,71,71,71,71,71,71,71,71,71,71,71,71,71,71,71,71,71],"relic_stats":{"Centennial Puzzle":[36],"counters":[14,70],"Pantograph":25,"Blue Candle":[0],"Orichalcum":[0],"obtain_stats":[{"Ice Cream":8,"Du-Vu Doll":13,"Centennial Puzzle":0,"Pantograph":9,"Blue Candle":24,"Oddly Smooth Stone":6,"Orichalcum":27,"Cracked Core":0,"Runic Pyramid":17},{"Ice Cream":5,"Du-Vu Doll":8,"Centennial Puzzle":0,"Pantograph":5,"Blue Candle":12,"Oddly Smooth Stone":4,"Orichalcum":12,"Cracked Core":0,"Runic Pyramid":10},{"Ice Cream":24,"Du-Vu Doll":38,"Centennial Puzzle":0,"Pantograph":24,"Blue Candle":64,"Oddly Smooth Stone":14,"Orichalcum":64,"Cracked Core":0,"Runic Pyramid":53}]},"card_choices":[{"not_picked":["Skim","Loop"],"picked":"Gash","floor":1},{"not_picked":["Steam","Stack"],"picked":"Melter","floor":3},{"not_picked":["Hologram","Coolheaded"],"picked":"Self Repair","floor":5},{"not_picked":["Turbo","Compile Driver"],"picked":"Go for the Eyes","floor":6},{"not_picked":["Loop","Rebound"],"picked":"Sweeping Beam","floor":8},{"not_picked":["Storm","Rebound"],"picked":"Reboot","floor":11},{"not_picked":["Hello World","Melter"],"picked":"Cold Snap","floor":12},{"not_picked":["Go for the Eyes","Steam"],"picked":"Undo","floor":13},{"not_picked":["Go for the Eyes","Cold Snap","Sweeping Beam"],"picked":"SKIP","floor":14},{"not_picked":["Core Surge","Fission"],"picked":"All For One","floor":16},{"not_picked":["Hologram","Doom and Gloom","Sunder"],"picked":"SKIP","floor":18},{"not_picked":["Beam Cell","Double Energy"],"picked":"Reboot","floor":24},{"not_picked":["Leap","Rebound"],"picked":"Gash","floor":28}],"player_experience":527201,"relics_obtained":[{"floor":6,"key":"Oddly Smooth Stone"},{"floor":8,"key":"Ice Cream"},{"floor":9,"key":"Pantograph"},{"floor":13,"key":"Du-Vu Doll"},{"floor":24,"key":"Blue Candle"},{"floor":27,"key":"Orichalcum"}],"event_choices":[{"damage_healed":7,"gold_gain":0,"player_choice":"Full Heal","damage_taken":0,"max_hp_gain":0,"max_hp_loss":0,"event_name":"Wheel of Change","floor":2,"gold_loss":0},{"damage_healed":0,"gold_gain":0,"player_choice":"Ignored","damage_taken":0,"max_hp_gain":0,"max_hp_loss":0,"event_name":"The Mausoleum","floor":19,"gold_loss":0},{"damage_healed":0,"gold_gain":0,"player_choice":"Ignored","damage_taken":0,"max_hp_gain":0,"max_hp_loss":0,"event_name":"Vampires","floor":20,"gold_loss":0},{"cards_removed":["Strike_B"],"damage_healed":0,"gold_gain":0,"player_choice":"Gave Gold","damage_taken":0,"max_hp_gain":0,"max_hp_loss":0,"event_name":"Beggar","floor":21,"gold_loss":75}],"is_beta":false,"boss_relics":[{"not_picked":["Tiny House","Black Star"],"picked":"Runic Pyramid"}],"items_purged_floors":[],"is_endless":false,"potions_floor_spawned":[5,11,12,13,16,24],"killed_by":"Slavers","ascension_level":15}}