{"host":"bq4pt811tk9yrmjl","time":1613410435,"event":{"mods":["AchievementEnabler","BaseMod","Colored Map","Colored Powertips","Defuse TimeMaze Blight","Hermit","Minty Spire (QoL Compilation)","Smile Girya","StSLib","SuperFastMode"],"gold_per_floor":[114,114,126,126,126,157,157,169,206,218,242,78,93,93,93,193,193,209,169,186,40,51,51,82,82,105,105,122,140,140,140,140,235,235,250,250,250,264,275,275,292,292,345,8,8,8,22,22,22],"floor_reached":48,"language":"ENG","playtime":963,"items_purged":[],"score":522,"play_id":"76bb05ea-3756-4f8c-8e08-e6949d4776a5","local_time":"20210215153355","is_ascension_mode":true,"campfire_choices":[{"data":"hermit:Covet","floor":8.0,"key":"SMITH"},{"floor":10.0,"key":"RECALL"},{"data":"Apotheosis","floor":15.0,"key":"SMITH"},{"data":"hermit:HighNoon","floor":23.0,"key":"SMITH"},{"floor":25.0,"key":"REST"},{"data":"hermit:Shortfuse","floor":27.0,"key":"SMITH"},{"data":"hermit:Maintenance","floor":30.0,"key":"SMITH"},{"floor":32.0,"key":"REST"},{"floor":40.0,"key":"REST"},{"floor":42,"key":"REST"}],"circlet_count":0,"master_deck":["hermit:Strike_Hermit+1","hermit:Strike_Hermit","hermit:Strike_Hermit+1","hermit:Defend_Hermit","hermit:Defend_Hermit","hermit:Defend_Hermit","hermit:Defend_Hermit+1","hermit:Snapshot+1","hermit:Covet+1","Apotheosis+1","hermit:Shortfuse+1","hermit:HighNoon+1","hermit:Maintenance+1","The Bomb+1","hermit:Maintenance+1","hermit:FromBeyond+1","Writhe","hermit:Maintenance","hermit:Maintenance+1","hermit:HighCaliber+1"],"relics":["hermit:Momento","NeowsBlessing","Potion Belt","MawBank","Busted Crown","Membership Card","Bottled Lightning","Bag of Preparation","MutagenicStrength","Astrolabe","Whetstone","Unceasing Top","Art of War"],"acts_visited":["Exordium","TheCity","TheBeyond"],"potions_floor_usage":[],"damage_taken":[{"damage":0.0,"enemies":"Small Slimes","floor":1.0,"turns":1.0},{"damage":0.0,"enemies":"Cultist","floor":3.0,"turns":1.0},{"damage":1.0,"enemies":"Gremlin Nob","floor":6.0,"turns":3.0},{"damage":0.0,"enemies":"Jaw Worm","floor":11.0,"turns":2.0},{"damage":0.0,"enemies":"3 Louse","floor":13.0,"turns":3.0},{"damage":30.0,"enemies":"Hexaghost","floor":16.0,"turns":9.0},{"damage":5.0,"enemies":"Shell Parasite","floor":18.0,"turns":3.0},{"damage":0.0,"enemies":"2 Thieves","floor":20.0,"turns":3.0},{"damage":0.0,"enemies":"Centurion and Healer","floor":22.0,"turns":4.0},{"damage":0.0,"enemies":"Gremlin Leader","floor":24.0,"turns":8.0},{"damage":0.0,"enemies":"Sentry and Sphere","floor":28.0,"turns":3.0},{"damage":0.0,"enemies":"Snake Plant","floor":29.0,"turns":4.0},{"damage":9.0,"enemies":"Collector","floor":33.0,"turns":11.0},{"damage":14.0,"enemies":"3 Shapes","floor":35.0,"turns":5.0},{"damage":0.0,"enemies":"Orb Walker","floor":38.0,"turns":3.0},{"damage":20.0,"enemies":"Spire Growth","floor":39.0,"turns":5.0},{"damage":25,"enemies":"Jaw Worm Horde","floor":41,"turns":5},{"damage":15,"enemies":"Transient","floor":47,"turns":5},{"damage":57,"enemies":"Writhing Mass","floor":48,"turns":3}],"seed_played":"-2429015051902779940","potions_obtained":[{"floor":1.0,"key":"Swift Potion"},{"floor":6.0,"key":"SteroidPotion"},{"floor":16.0,"key":"Ancient Potion"},{"floor":22.0,"key":"Swift Potion"},{"floor":24.0,"key":"Swift Potion"},{"floor":29.0,"key":"Fire Potion"},{"floor":33.0,"key":"LiquidMemories"},{"floor":38.0,"key":"LiquidBronze"},{"floor":47,"key":"SneckoOil"}],"is_trial":false,"path_per_floor":["M","?","M","?","?","E","?","R","T","R","M","$","M","$","R","B",null,"M","?","M","$","M","R","E","R","T","R","M","M","R","?","R","B",null,"M","?","?","M","M","R","M","R","T","$","?","$","M","M"],"character_chosen":"HERMIT","items_purchased":["Apotheosis","Membership Card","hermit:Maintenance","Unceasing Top","PowerPotion","Art of War","hermit:Eclipse"],"campfire_rested":4,"item_purchase_floors":[12,21,44,44,44,44,44],"current_hp_per_floor":[75,75,75,75,75,74,71,71,71,71,71,71,71,71,71,41,75,70,70,70,70,70,70,70,75,75,75,75,75,75,75,75,66,75,61,75,75,75,55,75,50,72,72,72,72,72,57,0,0],"gold":22,"neow_bonus":"THREE_ENEMY_KILL","is_daily":false,"chose_seed":false,"campfire_upgraded":5,"win_rate":0.0,"timestamp":1613410435,"path_taken":["M","?","?","?","?","E","?","R","T","R","M","?","?","$","R","BOSS","M","?","?","$","M","R","E","R","T","R","M","M","R","?","R","BOSS","M","?","?","M","M","R","M","R","T","?","?","$","M","M"],"items_purchased_type":["Card","Relic","Card","Relic","Potion","Relic","Potion"],"build_version":"2020-12-22","purchased_purges":0,"victory":false,"max_hp_per_floor":[75,75,75,75,75,75,75,75,75,75,75,75,75,75,75,75,75,75,75,75,75,75,75,75,75,75,75,75,75,75,75,75,75,75,75,75,75,75,75,75,75,75,75,75,75,75,75,75,75],"card_choices":[{"not_picked":["hermit:Coalescence","hermit:Enervate"],"picked":"hermit:GoldenBullet","floor":1.0},{"not_picked":["hermit:Grudge","hermit:SprayPray","hermit:Scavenge"],"picked":"SKIP","floor":3.0},{"not_picked":["hermit:Magnum","hermit:PistolWhip","hermit:ItchyTrigger"],"picked":"SKIP","floor":6.0},{"not_picked":["hermit:Horror","hermit:LowProfile","hermit:Quickdraw"],"picked":"SKIP","floor":11.0},{"not_picked":["hermit:ItchyTrigger","hermit:Feint"],"picked":"hermit:Shortfuse","floor":13.0},{"not_picked":["hermit:BlackWind","hermit:Magnum"],"picked":"hermit:HighNoon","floor":16.0},{"not_picked":[],"picked":"hermit:CalledShot","floor":18.0},{"not_picked":["hermit:Desperado"],"picked":"SKIP","floor":20.0},{"not_picked":["hermit:BigShot"],"picked":"SKIP","floor":22.0},{"not_picked":["hermit:Scavenge"],"picked":"SKIP","floor":24.0},{"not_picked":[],"picked":"hermit:Maintenance","floor":28.0},{"not_picked":["hermit:Enervate"],"picked":"SKIP","floor":29.0},{"not_picked":["hermit:HighCaliber"],"picked":"SKIP","floor":35.0},{"not_picked":["hermit:DeadMansHand+1"],"picked":"SKIP","floor":38.0},{"not_picked":["hermit:Coalescence"],"picked":"SKIP","floor":39.0},{"not_picked":["hermit:ShadowCloak"],"picked":"SKIP","floor":41},{"not_picked":[],"picked":"hermit:HighCaliber+1","floor":47}],"player_experience":304596,"relics_obtained":[{"floor":6.0,"key":"Potion Belt"},{"floor":24.0,"key":"Bottled Lightning"},{"floor":26.0,"key":"Bag of Preparation"},{"floor":43,"key":"Whetstone"}],"event_choices":[{"damage_healed":0.0,"max_hp_gain":0.0,"max_hp_loss":0.0,"gold_gain":0.0,"event_name":"Match and Keep!","player_choice":"1 cards matched","floor":2.0,"gold_loss":0.0,"damage_taken":0.0,"cards_obtained":["Dark Shackles"]},{"damage_healed":0.0,"max_hp_gain":0.0,"max_hp_loss":0.0,"gold_gain":0.0,"event_name":"Living Wall","player_choice":"Grow","floor":4.0,"gold_loss":0.0,"damage_taken":0.0,"cards_upgraded":["hermit:GoldenBullet"]},{"damage_healed":0.0,"max_hp_gain":0.0,"max_hp_loss":0.0,"gold_gain":0.0,"event_name":"The Cleric","player_choice":"Leave","floor":5.0,"gold_loss":0.0,"damage_taken":0.0},{"damage_healed":0.0,"max_hp_gain":0.0,"max_hp_loss":0.0,"gold_gain":0.0,"event_name":"Scrap Ooze","player_choice":"Success","floor":7.0,"gold_loss":0.0,"damage_taken":3.0,"relics_obtained":["MawBank"]},{"damage_healed":0.0,"max_hp_gain":0.0,"max_hp_loss":0.0,"gold_gain":0.0,"event_name":"Designer","player_choice":"Upgraded Two","floor":19.0,"gold_loss":40.0,"damage_taken":0.0,"cards_upgraded":["hermit:Defend_Hermit","hermit:Strike_Hermit"]},{"damage_healed":0.0,"max_hp_gain":0.0,"max_hp_loss":0.0,"gold_gain":0.0,"event_name":"Drug Dealer","player_choice":"Inject Mutagens","floor":31.0,"gold_loss":0.0,"damage_taken":0.0,"relics_obtained":["MutagenicStrength"]},{"damage_healed":19.0,"max_hp_gain":0.0,"max_hp_loss":0.0,"gold_gain":0.0,"event_name":"Winding Halls","player_choice":"Writhe","floor":36.0,"gold_loss":0.0,"damage_taken":0.0,"cards_obtained":["Writhe"]},{"cards_removed":["hermit:Strike_Hermit"],"damage_healed":0.0,"max_hp_gain":0.0,"max_hp_loss":0.0,"gold_gain":0.0,"event_name":"Falling","player_choice":"Removed Attack","floor":37.0,"gold_loss":0.0,"damage_taken":0.0},{"damage_healed":0,"gold_gain":0,"player_choice":"Copied","damage_taken":0,"max_hp_gain":0,"max_hp_loss":0,"event_name":"Duplicator","floor":45,"gold_loss":0,"cards_obtained":["hermit:Maintenance"]}],"is_beta":false,"boss_relics":[{"not_picked":["hermit:BartenderGlass","Philosopher\u0027s Stone"],"picked":"Busted Crown"},{"not_picked":["Snecko Eye","hermit:ClaspedLocket"],"picked":"Astrolabe"}],"items_purged_floors":[],"is_endless":false,"potions_floor_spawned":[1,6,16,22,24,29,33,38,47],"killed_by":"Writhing Mass","ascension_level":1}}