{"host":"byluu0wia6muw0p7","time":1613380212,"event":{"mods":["2.2 Compatiblity","AchievementEnabler","BaseMod","Colored Map","Colored Powertips","Minty Spire (QoL Compilation)","Quick Restart","Rare Cards Sparkle","StSLib","SuperFastMode"],"gold_per_floor":[111,121,139,150,150,150,150,150],"floor_reached":7,"language":"KOR","playtime":322,"items_purged":[],"score":54,"play_id":"f22f7168-c8be-4bc4-8471-1da876c54b8e","local_time":"20210215181012","is_ascension_mode":true,"campfire_choices":[{"data":"Omniscience","floor":6,"key":"SMITH"}],"circlet_count":0,"master_deck":["Strike_P","Strike_P","Strike_P","Strike_P","Defend_P","Defend_P","Defend_P","Defend_P","Eruption","Vigilance","Worship","Pray","SashWhip","FollowUp","Omniscience+1","CutThroughFate"],"relics":["PureWater","Bird Faced Urn"],"acts_visited":["Exordium"],"potions_floor_usage":[7],"damage_taken":[{"damage":2.0,"enemies":"Small Slimes","floor":1.0,"turns":4.0},{"damage":1.0,"enemies":"Cultist","floor":2.0,"turns":5.0},{"damage":1.0,"enemies":"Jaw Worm","floor":3.0,"turns":4.0},{"damage":8.0,"enemies":"Large Slime","floor":4.0,"turns":7.0},{"damage":50,"enemies":"3 Sentries","floor":7,"turns":9}],"seed_played":"-9144073989213473247","potions_obtained":[{"floor":2.0,"key":"Swift Potion"}],"is_trial":false,"path_per_floor":["M","M","M","M","?","R","E"],"character_chosen":"WATCHER","items_purchased":[],"campfire_rested":0,"item_purchase_floors":[],"current_hp_per_floor":[63,62,61,53,53,53,3,3],"gold":150,"neow_bonus":"ONE_RARE_RELIC","is_daily":false,"chose_seed":false,"campfire_upgraded":1,"win_rate":0.0,"timestamp":1613380212,"path_taken":["M","M","M","M","?","R","E"],"items_purchased_type":[],"build_version":"2020-12-22","purchased_purges":0,"victory":false,"max_hp_per_floor":[65,65,65,65,65,65,65,65],"card_choices":[{"not_picked":["Consecrate","EmptyBody"],"picked":"Worship","floor":1.0},{"not_picked":["Protect","FlyingSleeves"],"picked":"Pray","floor":2.0},{"not_picked":["ThirdEye","Wireheading"],"picked":"SashWhip","floor":3.0},{"not_picked":["Crescendo","Consecrate"],"picked":"FollowUp","floor":4.0}],"player_experience":379308,"relics_obtained":[],"event_choices":[{"damage_healed":0,"gold_gain":0,"player_choice":"2 cards matched","damage_taken":0,"max_hp_gain":0,"max_hp_loss":0,"event_name":"Match and Keep!","floor":5,"gold_loss":0,"cards_obtained":["Omniscience","CutThroughFate"]}],"is_beta":false,"boss_relics":[],"items_purged_floors":[],"is_endless":false,"potions_floor_spawned":[2],"killed_by":"3 Sentries","ascension_level":5}}