{"host":"epc8efk9vrywpcsw","time":1613406451,"event":{"mods":["BaseMod","Minty Spire (QoL Compilation)","Relic Stats","StSLib"],"gold_per_floor":[116,96,110,110,110,140,140,166,166,176,176,195,195,195],"floor_reached":13,"language":"ENG","playtime":289,"items_purged":[],"score":236,"play_id":"4d028698-b710-45ab-b4fb-eba06079c071","local_time":"20210215172731","is_ascension_mode":true,"campfire_choices":[{"data":"Dash","floor":7,"key":"SMITH"},{"data":"Caltrops","floor":11,"key":"SMITH"}],"circlet_count":0,"master_deck":["AscendersBane","Strike_G","Strike_G","Strike_G","Strike_G","Strike_G","Defend_G","Defend_G","Defend_G","Defend_G","Defend_G","Survivor","Neutralize","Calculated Gamble","Dash+1","Regret","Caltrops+1","Storm of Steel","Escape Plan","Noxious Fumes"],"relics":["Ring of the Snake","NeowsBlessing","Turnip","Mummified Hand","Bag of Marbles","Happy Flower","Mango"],"acts_visited":["Exordium"],"potions_floor_usage":[8,13],"damage_taken":[{"damage":0,"enemies":"Jaw Worm","floor":1,"turns":1},{"damage":0,"enemies":"Cultist","floor":3,"turns":1},{"damage":0,"enemies":"Lagavulin","floor":6,"turns":1},{"damage":30,"enemies":"3 Sentries","floor":8,"turns":11},{"damage":1,"enemies":"2 Louse","floor":10,"turns":2},{"damage":8,"enemies":"Lots of Slimes","floor":12,"turns":3},{"damage":25,"enemies":"Lagavulin","floor":13,"turns":7}],"seed_played":"-1272181487521334066","potions_obtained":[{"floor":1,"key":"LiquidMemories"},{"floor":2,"key":"GamblersBrew"},{"floor":12,"key":"LiquidMemories"}],"is_trial":false,"path_per_floor":["M","?","M","?","?","E","R","E","T","M","R","M","E"],"character_chosen":"THE_SILENT","items_purchased":[],"campfire_rested":0,"item_purchase_floors":[],"current_hp_per_floor":[59,59,59,59,59,59,59,29,43,42,42,34,9,9],"gold":195,"neow_bonus":"THREE_ENEMY_KILL","is_daily":false,"chose_seed":false,"campfire_upgraded":2,"win_rate":0.0,"timestamp":1613406451,"path_taken":["M","?","?","?","?","E","R","E","T","?","R","M","E"],"items_purchased_type":[],"build_version":"2020-12-22","purchased_purges":0,"victory":false,"max_hp_per_floor":[66,66,66,66,66,66,66,66,80,80,80,80,80,80],"relic_stats":{"Happy Flower":[4],"counters":[7,26],"Mummified Hand":[5],"Turnip":[0],"obtain_stats":[{"NeowsBlessing":0,"Happy Flower":8,"Mummified Hand":5,"Mango":9,"Turnip":4,"Bag of Marbles":6,"Ring of the Snake":0},{"NeowsBlessing":0,"Happy Flower":4,"Mummified Hand":2,"Mango":4,"Turnip":2,"Bag of Marbles":3,"Ring of the Snake":0},{"NeowsBlessing":0,"Happy Flower":14,"Mummified Hand":2,"Mango":14,"Turnip":2,"Bag of Marbles":3,"Ring of the Snake":0}],"Ring of the Snake":[14]},"card_choices":[{"not_picked":["Flechettes","Dodge and Roll"],"picked":"Calculated Gamble","floor":1},{"not_picked":["Acrobatics","Flying Knee"],"picked":"Dash","floor":3},{"not_picked":["Bane","Outmaneuver"],"picked":"Caltrops","floor":6},{"not_picked":["Bullet Time","Flying Knee"],"picked":"Storm of Steel","floor":8},{"not_picked":["Acrobatics","Dagger Spray"],"picked":"Escape Plan","floor":10},{"not_picked":["Flechettes","Infinite Blades"],"picked":"Noxious Fumes","floor":12}],"player_experience":534819,"relics_obtained":[{"floor":5,"key":"Mummified Hand"},{"floor":6,"key":"Bag of Marbles"},{"floor":8,"key":"Happy Flower"},{"floor":9,"key":"Mango"}],"event_choices":[{"damage_healed":0,"gold_gain":0,"player_choice":"Bought 1 Potion","damage_taken":0,"max_hp_gain":0,"max_hp_loss":0,"event_name":"The Woman in Blue","floor":2,"gold_loss":0},{"damage_healed":0,"gold_gain":0,"player_choice":"Box","damage_taken":0,"relics_obtained":["Turnip"],"max_hp_gain":0,"max_hp_loss":0,"event_name":"Big Fish","floor":4,"gold_loss":0,"cards_obtained":["Regret"]},{"damage_healed":0,"gold_gain":0,"player_choice":"Relic","damage_taken":0,"max_hp_gain":0,"max_hp_loss":0,"event_name":"Wheel of Change","floor":5,"gold_loss":0}],"is_beta":false,"boss_relics":[],"items_purged_floors":[],"is_endless":false,"potions_floor_spawned":[1,3,12],"killed_by":"Lagavulin","ascension_level":20}}