{"host":"mo324zvkdr1xwprd","time":1613397993,"event":{"mods":["A Penny For Your Troubles","BaseMod","Better Note","Better Third Choice","BetterRewards","Hermit","Highlight Path","Hubris","Infinite Spire","Minty Spire (QoL Compilation)","Quick Restart","Rare Cards Sparkle","Shop Mod","StSLib","The Cursed","The Hierophant","Transform Curses"],"gold_per_floor":[113,132,48,64,76,76,26,57,127,147,147,160,188,203,203,281,281,294,294,209,41,52,78,95,129,129,129,140,154,179,195,195,272,272,288,302,302,317,328,360,372,398,398,398,427,427,427,427,427,427,428,428,428,11,36,36,36],"floor_reached":56,"language":"ENG","playtime":5581,"items_purged":[],"score":2122,"play_id":"3978bfe5-56ba-4cbf-bc34-60cfab01f78a","local_time":"20210215140633","is_ascension_mode":true,"campfire_choices":[{"floor":6.0,"key":"REST"},{"floor":15.0,"key":"REST"},{"floor":27.0,"key":"RECALL"},{"data":"After Image","floor":32.0,"key":"SMITH"},{"floor":44.0,"key":"REST"},{"floor":46.0,"key":"REST"},{"data":"Adrenaline","floor":49.0,"key":"SMITH"},{"floor":53.0,"key":"REST"}],"circlet_count":0,"master_deck":["AscendersBane","Strike_G","Strike_G","Strike_G","Strike_G","Strike_G","Defend_G","Defend_G","Defend_G","Defend_G","Defend_G","Survivor","Neutralize","Deflect","Jack Of All Trades","Accuracy","Blade Dance","Blade Dance","Backflip","Accuracy","Expertise","Blur","Dagger Spray","PiercingWail","hubris:TrickCloak","Dodge and Roll","After Image+1","Dodge and Roll","After Image+1","Backflip","infinitespire:Starlight","Dagger Spray","Cloak And Dagger","Cloak And Dagger","Cloak And Dagger","Cloak And Dagger","Deflect","Adrenaline+1","Outmaneuver","Adrenaline","Outmaneuver+1","PiercingWail+1","hubris:Sniper","Infinite Blades","Escape Plan","hubris:Counter+1","Blade Dance","infinitespire:FinalStrike+1","Accuracy","Dagger Throw+1","Well Laid Plans+1"],"relics":["Ring of the Snake","Thread and Needle","FossilizedHelix","Vajra","hubris:SphereOfDissonance","hubris:BottledRain","Sundial","WristBlade","Pocketwatch","hubris:ScarierMask","infinitespire:ShieldingShard","Sling","Toy Ornithopter","Pantograph","Molten Egg 2","Omamori","Cursed Key","hubris:SlimyHat","Gremlin Horn","Nunchaku","Dead Branch","infinitespire:FocusingShard","Mango"],"acts_visited":["Exordium","TheCity","TheBeyond","TheEnding"],"potions_floor_usage":[],"damage_taken":[{"damage":0.0,"enemies":"Cultist","floor":1.0,"turns":3.0},{"damage":0.0,"enemies":"Jaw Worm","floor":2.0,"turns":3.0},{"damage":0.0,"enemies":"2 Louse","floor":4.0,"turns":3.0},{"damage":0.0,"enemies":"Blue Slaver","floor":5.0,"turns":3.0},{"damage":0.0,"enemies":"Gremlin Nob","floor":8.0,"turns":3.0},{"damage":0.0,"enemies":"Large Slime","floor":10.0,"turns":2.0},{"damage":0.0,"enemies":"Red Slaver","floor":12.0,"turns":3.0},{"damage":0.0,"enemies":"3 Sentries","floor":13.0,"turns":5.0},{"damage":0.0,"enemies":"2 Fungi Beasts","floor":14.0,"turns":3.0},{"damage":0.0,"enemies":"The Guardian","floor":16.0,"turns":9.0},{"damage":1.0,"enemies":"Spheric Guardian","floor":18.0,"turns":7.0},{"damage":0.0,"enemies":"2 Thieves","floor":22.0,"turns":2.0},{"damage":0.0,"enemies":"Gremlin Leader","floor":23.0,"turns":6.0},{"damage":0.0,"enemies":"3 Cultists","floor":24.0,"turns":4.0},{"damage":11.0,"enemies":"Book of Stabbing","floor":25.0,"turns":4.0},{"damage":0.0,"enemies":"Centurion and Healer","floor":28.0,"turns":2.0},{"damage":0.0,"enemies":"Snake Plant","floor":29.0,"turns":3.0},{"damage":0.0,"enemies":"Slavers","floor":30.0,"turns":3.0},{"damage":0.0,"enemies":"Shelled Parasite and Fungi","floor":31.0,"turns":7.0},{"damage":0.0,"enemies":"Collector","floor":33.0,"turns":1.0},{"damage":0.0,"enemies":"Orb Walker","floor":35.0,"turns":3.0},{"damage":0.0,"enemies":"3 Darklings","floor":36.0,"turns":4.0},{"damage":15.0,"enemies":"Maw","floor":38.0,"turns":9.0},{"damage":0.0,"enemies":"Jaw Worm Horde","floor":39.0,"turns":4.0},{"damage":8.0,"enemies":"Giant Head","floor":40.0,"turns":8.0},{"damage":0.0,"enemies":"3 Darklings","floor":41.0,"turns":6.0},{"damage":14.0,"enemies":"Reptomancer","floor":42.0,"turns":8.0},{"damage":35.0,"enemies":"Giant Head","floor":45.0,"turns":7.0},{"damage":0.0,"enemies":"Donu and Deca","floor":50.0,"turns":6.0},{"damage":21.0,"enemies":"infinitespire:MassOfShapes","floor":51.0,"turns":7.0},{"damage":10.0,"enemies":"Shield and Spear","floor":55.0,"turns":5.0},{"damage":90,"enemies":"The Heart","floor":56,"turns":5}],"seed_played":"-4722318473221185192","potions_obtained":[{"floor":1.0,"key":"Dexterity Potion"},{"floor":4.0,"key":"LiquidMemories"},{"floor":16.0,"key":"DistilledChaos"},{"floor":18.0,"key":"Swift Potion"},{"floor":23.0,"key":"Swift Potion"},{"floor":28.0,"key":"EntropicBrew"},{"floor":29.0,"key":"BlessingOfTheForge"},{"floor":33.0,"key":"FearPotion"},{"floor":36.0,"key":"FearPotion"},{"floor":38.0,"key":"EssenceOfSteel"},{"floor":39.0,"key":"Fire Potion"}],"is_trial":false,"path_per_floor":["M","M","$","M","M","R","$","E","T","M","?","M","E","M","R","B",null,"M","AVR","?","$","M","E","M","E","T","R","M","M","E","M","R","B",null,"M","M","?","M","M","E","M","E","T","R","E","R","?","AVR","R","B","B",null,"R","$","E","B"],"character_chosen":"THE_SILENT","items_purchased":["Accuracy","Vajra","Blade Dance","Fruit Juice","Accuracy","Dagger Spray","Sling","infinitespire:FocusingShard","Accuracy","Dagger Throw+1"],"campfire_rested":5,"item_purchase_floors":[0,0,0,0,3,7,21,54,54,54],"current_hp_per_floor":[33,33,33,33,33,54,54,54,54,54,57,57,57,57,74,74,74,73,73,73,73,73,73,74,63,63,63,63,74,74,74,74,74,74,74,74,74,69,74,74,74,60,60,74,48,70,70,70,70,74,53,69,74,74,88,0,0],"gold":36,"neow_bonus":"","is_daily":false,"chose_seed":false,"campfire_upgraded":2,"win_rate":0.0,"timestamp":1613397993,"path_taken":["M","M","?","M","M","R","$","E","T","?","?","M","E","M","R","BOSS","M","AVR","?","$","M","E","M","E","T","R","M","M","E","M","R","BOSS","M","M","?","M","M","E","M","E","T","R","E","R","?","AVR","R","BOSS","BOSS","R","$","E","BOSS"],"items_purchased_type":["Card","Relic","Card","Potion","Card","Card","Relic","Relic","Card","Card"],"build_version":"2020-12-22","purchased_purges":0,"victory":false,"max_hp_per_floor":[71,71,71,71,71,71,71,71,71,71,74,74,74,74,74,74,74,74,74,74,74,74,74,74,74,74,74,74,74,74,74,74,74,74,74,74,74,74,74,74,74,74,74,74,74,74,74,74,74,74,74,74,74,74,88,88,88],"card_choices":[{"not_picked":["Poisoned Stab","Outmaneuver"],"picked":"Blade Dance","floor":1.0},{"not_picked":["Dagger Throw","Underhanded Strike"],"picked":"Backflip","floor":2.0},{"not_picked":["Bane","Finisher"],"picked":"Expertise","floor":4.0},{"not_picked":["Poisoned Stab","Predator"],"picked":"Blur","floor":5.0},{"not_picked":["Riddle With Holes","Deflect"],"picked":"PiercingWail","floor":8.0},{"not_picked":["Reflex","Finisher"],"picked":"hubris:TrickCloak","floor":10.0},{"not_picked":["Deadly Poison","Acrobatics"],"picked":"Dodge and Roll","floor":12.0},{"not_picked":["hubris:TrickCloak","Concentrate"],"picked":"After Image","floor":13.0},{"not_picked":["Poisoned Stab","Catalyst"],"picked":"Dodge and Roll","floor":14.0},{"not_picked":["Malaise","Tools of the Trade"],"picked":"After Image","floor":16.0},{"not_picked":["hubris:TrickCloak","Flechettes"],"picked":"Backflip","floor":18.0},{"not_picked":["Catalyst","Backflip"],"picked":"Dagger Spray","floor":22.0},{"not_picked":["Bane","PiercingWail"],"picked":"Cloak And Dagger","floor":23.0},{"not_picked":["Prepared","Footwork"],"picked":"Cloak And Dagger","floor":24.0},{"not_picked":["Dagger Spray","All Out Attack+1"],"picked":"Cloak And Dagger","floor":25.0},{"not_picked":["Burst","Infinite Blades"],"picked":"Cloak And Dagger","floor":28.0},{"not_picked":["Flying Knee+1","Deadly Poison"],"picked":"Deflect","floor":29.0},{"not_picked":["Sucker Punch+1","hubris:SlightOfHand"],"picked":"Adrenaline","floor":30.0},{"not_picked":["Eviscerate+1","Bane+1"],"picked":"Outmaneuver","floor":31.0},{"not_picked":["Malaise","Corpse Explosion"],"picked":"Adrenaline","floor":33.0},{"not_picked":["Poisoned Stab+1","Deadly Poison+1"],"picked":"Outmaneuver+1","floor":35.0},{"not_picked":["Dagger Spray+1","Catalyst","Underhanded Strike+1"],"picked":"SKIP","floor":36.0},{"not_picked":["Setup","Concentrate"],"picked":"PiercingWail+1","floor":38.0},{"not_picked":["Cloak And Dagger+1","Concentrate"],"picked":"hubris:Sniper","floor":39.0},{"not_picked":["Outmaneuver","Unload+1"],"picked":"Infinite Blades","floor":40.0},{"not_picked":["Predator+1","hubris:TrickCloak"],"picked":"Escape Plan","floor":41.0},{"not_picked":["Acrobatics","Poisoned Stab+1"],"picked":"hubris:Counter+1","floor":42.0},{"not_picked":["Endless Agony+1","A Thousand Cuts"],"picked":"Blade Dance","floor":45.0},{"not_picked":["Tactician","Glass Knife+1"],"picked":"Well Laid Plans+1","floor":55.0}],"player_experience":673334,"relics_obtained":[{"floor":8.0,"key":"hubris:SphereOfDissonance"},{"floor":9.0,"key":"hubris:BottledRain"},{"floor":13.0,"key":"Sundial"},{"floor":23.0,"key":"Toy Ornithopter"},{"floor":25.0,"key":"Pantograph"},{"floor":26.0,"key":"Molten Egg 2"},{"floor":30.0,"key":"Omamori"},{"floor":40.0,"key":"hubris:SlimyHat"},{"floor":42.0,"key":"Gremlin Horn"},{"floor":45.0,"key":"Nunchaku"},{"floor":55.0,"key":"Mango"}],"event_choices":[{"damage_healed":0.0,"max_hp_gain":0.0,"max_hp_loss":0.0,"gold_gain":0.0,"event_name":"Addict","player_choice":"Obtained Relic","floor":20.0,"gold_loss":85.0,"damage_taken":0.0,"relics_obtained":["infinitespire:ShieldingShard"]},{"damage_healed":0.0,"max_hp_gain":0.0,"max_hp_loss":0.0,"gold_gain":0.0,"event_name":"Accursed Blacksmith","player_choice":"Forge","floor":47.0,"gold_loss":0.0,"damage_taken":0.0,"cards_upgraded":["After Image"]}],"is_beta":false,"boss_relics":[{"not_picked":["HoveringKite","Snecko Eye"],"picked":"WristBlade"},{"not_picked":["hubris:RunicObelisk","Empty Cage"],"picked":"Cursed Key"}],"items_purged_floors":[],"is_endless":false,"potions_floor_spawned":[1,4,10,12,16,18,23,28,29,33,36,38,39],"killed_by":"The Heart","ascension_level":20}}