{"host":"s41rn2jhghpwfrvz","time":1613432072,"event":{"mods":["BaseMod","Minty Spire (QoL Compilation)","Quick Restart","Relic Stats","SuperFastMode"],"gold_per_floor":[113,113,132,148,159,193,206,206,206,206,241,323,354,416,416,493,493,512,477,491,503,553,553,553,553],"floor_reached":24,"language":"ENG","playtime":675,"items_purged":[],"score":456,"play_id":"69153e84-63b7-4ae3-b9d1-bd95307caa2e","local_time":"20210216013432","daily_mods":["SealedDeck","Diverse","DeadlyEvents"],"is_ascension_mode":true,"campfire_choices":[{"data":"Body Slam","floor":8,"key":"SMITH"},{"data":"Recycle","floor":10,"key":"SMITH"},{"data":"Pommel Strike","floor":15,"key":"SMITH"},{"data":"Prepared","floor":23,"key":"SMITH"}],"circlet_count":0,"master_deck":["AscendersBane","Wild Strike","Choke","Flying Knee","Anger","Recycle+1","Leap","Sweeping Beam","Body Slam+1","Prostrate","Pommel Strike+1","Shrug It Off","Grand Finale+1","Blur","Prepared+1"],"relics":["Black Blood","SsserpentHead","Thread and Needle","InkBottle","Molten Egg 2","Happy Flower","MealTicket","Potion Belt"],"acts_visited":["Exordium","TheCity"],"potions_floor_usage":[13,24,24],"damage_taken":[{"damage":0,"enemies":"Small Slimes","floor":1,"turns":2},{"damage":0,"enemies":"Cultist","floor":3,"turns":3},{"damage":8,"enemies":"Jaw Worm","floor":4,"turns":2},{"damage":2,"enemies":"Looter","floor":5,"turns":2},{"damage":30,"enemies":"Gremlin Nob","floor":6,"turns":4},{"damage":0,"enemies":"Large Slime","floor":7,"turns":3},{"damage":21,"enemies":"Lagavulin","floor":11,"turns":6},{"damage":28,"enemies":"Gremlin Nob","floor":12,"turns":4},{"damage":4,"enemies":"Lagavulin","floor":13,"turns":5},{"damage":0,"enemies":"3 Louse","floor":14,"turns":3},{"damage":14,"enemies":"The Guardian","floor":16,"turns":9},{"damage":0,"enemies":"Spheric Guardian","floor":18,"turns":3},{"damage":0,"enemies":"3 Byrds","floor":20,"turns":4},{"damage":0,"enemies":"3 Cultists","floor":21,"turns":3},{"damage":53,"enemies":"Slavers","floor":24,"turns":4}],"seed_played":"5916931877996070819","potions_obtained":[{"floor":3,"key":"Swift Potion"},{"floor":6,"key":"SpeedPotion"},{"floor":13,"key":"Strength Potion"},{"floor":21,"key":"Regen Potion"}],"is_trial":true,"path_per_floor":["M","?","M","M","M","E","M","R","T","R","E","E","E","M","R","B",null,"M","?","M","M","?","R","E"],"character_chosen":"IRONCLAD","items_purchased":[],"campfire_rested":0,"item_purchase_floors":[],"current_hp_per_floor":[74,74,75,73,75,51,57,57,57,57,42,20,22,28,28,20,61,73,73,75,75,54,54,10,10],"gold":553,"neow_bonus":"","is_daily":false,"chose_seed":false,"campfire_upgraded":4,"win_rate":0.0,"timestamp":1613432072,"path_taken":["M","?","M","M","M","E","M","R","T","R","E","?","E","?","R","BOSS","M","?","M","M","?","R","E"],"items_purchased_type":[],"build_version":"2020-12-22","purchased_purges":0,"victory":false,"max_hp_per_floor":[75,75,75,75,75,75,75,75,75,75,75,75,75,75,75,75,75,75,75,75,75,75,75,75,75],"relic_stats":{"SsserpentHead":200,"Happy Flower":[10],"counters":[15,57],"Black Blood":73,"MealTicket":0,"obtain_stats":[{"Potion Belt":19,"SsserpentHead":2,"Happy Flower":12,"Black Blood":17,"Thread and Needle":6,"Molten Egg 2":11,"MealTicket":13,"Burning Blood":0,"InkBottle":9},{"Potion Belt":12,"SsserpentHead":1,"Happy Flower":8,"Black Blood":11,"Thread and Needle":5,"Molten Egg 2":7,"MealTicket":9,"Burning Blood":0,"InkBottle":6},{"Potion Belt":46,"SsserpentHead":2,"Happy Flower":26,"Black Blood":43,"Thread and Needle":13,"Molten Egg 2":22,"MealTicket":31,"Burning Blood":0,"InkBottle":16}],"InkBottle":[15]},"card_choices":[{"not_picked":["Infinite Blades","Protect","CrushJoints"],"picked":"SKIP","floor":1},{"not_picked":["Distraction","Prepared","Inflame"],"picked":"SKIP","floor":3},{"not_picked":["CrushJoints","White Noise","Melter"],"picked":"SKIP","floor":4},{"not_picked":["Study","Pommel Strike","Halt"],"picked":"SKIP","floor":5},{"not_picked":["Searing Blow","Leap","Twin Strike"],"picked":"SKIP","floor":6},{"not_picked":["Blade Dance","Consecrate"],"picked":"Shrug It Off","floor":7},{"not_picked":["Iron Wave+1","Crippling Poison"],"picked":"Grand Finale+1","floor":11},{"not_picked":["Ragnarok+1","FlyingSleeves+1","Evaluate"],"picked":"SKIP","floor":12},{"not_picked":["Sunder+1","Sentinel"],"picked":"Blur","floor":13},{"not_picked":["BowlingBash+1","Terror","Blade Dance"],"picked":"SKIP","floor":14},{"not_picked":["Darkness","Underhanded Strike+1"],"picked":"Prepared","floor":18},{"not_picked":["True Grit","Choke+1","Terror"],"picked":"SKIP","floor":20},{"not_picked":["Rebound+1","Prepared","Study"],"picked":"SKIP","floor":21}],"player_experience":1922230,"relics_obtained":[{"floor":6,"key":"Thread and Needle"},{"floor":9,"key":"InkBottle"},{"floor":11,"key":"Molten Egg 2"},{"floor":12,"key":"Happy Flower"},{"floor":13,"key":"MealTicket"}],"event_choices":[{"damage_healed":0,"gold_gain":0,"player_choice":"Trade","damage_taken":0,"relics_obtained":["SsserpentHead"],"max_hp_gain":0,"max_hp_loss":0,"event_name":"FaceTrader","floor":2,"gold_loss":0},{"damage_healed":0,"gold_gain":0,"player_choice":"Obtained Relic","damage_taken":0,"relics_obtained":["Potion Belt"],"max_hp_gain":0,"max_hp_loss":0,"event_name":"Addict","floor":19,"gold_loss":85},{"damage_healed":0,"gold_gain":0,"player_choice":"Obtained Book","damage_taken":21,"max_hp_gain":0,"max_hp_loss":0,"event_name":"Cursed Tome","floor":22,"gold_loss":0}],"is_beta":false,"boss_relics":[{"not_picked":["Calling Bell","Mark of Pain"],"picked":"Black Blood"}],"items_purged_floors":[],"is_endless":false,"potions_floor_spawned":[3,6,11,12,13,16,21],"killed_by":"Slavers","ascension_level":20}}