{"host":"w7pthw6r6331n954","time":1613421570,"event":{"mods":["AchievementEnabler","Act Like it!","BaseMod","BetterRewards","Colored Map","Colored Powertips","Custom Start","Downfall","Hallownest","Hermit","Jorbs\u0027s Wanderer Trilogy","Minty Spire (QoL Compilation)","Replay The Spire","Shop Mod","StSLib","SuperFastMode"],"gold_per_floor":[118,193,193,77,77,77,97,145,145,156,190,203,203,222,222,323,323,342,352,451,451,451,451,477,488,488,488,488,51,51,66,66,168,168,178,194,243,263,251,251,268,297,297,297,297,297,297,297,297,297,297,297,3,33,33,33],"floor_reached":55,"language":"ENG","playtime":3791,"items_purged":[],"score":1158,"play_id":"41b46d9e-76bc-4a0a-addd-92da8a701d1e","local_time":"20210215153930","is_ascension_mode":true,"campfire_choices":[{"floor":6,"key":"RECALL"},{"floor":13,"key":"REST"},{"data":"Double Energy","floor":15,"key":"SMITH"},{"data":"White Noise","floor":15,"key":"SMITH"},{"floor":23,"key":"REST"},{"floor":30,"key":"REST"},{"data":"Fission","floor":32,"key":"SMITH"},{"data":"ReplayUltimateDefense","floor":32,"key":"SMITH"},{"floor":40,"key":"REST"},{"floor":45,"key":"REST"},{"floor":47,"key":"REST"},{"data":"Seek","floor":49,"key":"SMITH"},{"data":"Seek","floor":49,"key":"SMITH"},{"floor":52,"key":"REST"}],"circlet_count":0,"master_deck":["Zap","Dualcast","Auto Shields","ReplayTheSpireMod:Omega Cannon","Reinforced Body","Undo","White Noise+1","Conserve Battery","ReplayUltimateDefense+1","Panache","Discovery","Gash","Steam","Double Energy+1","Conserve Battery","Fission+1","Seek+1","ReplaySolidLightProjector","Seek+1","Biased Cognition","Streamline","Meteor Strike","Heatsinks","Doom and Gloom","Panic Button","Redo+1","Necronomicurse","Darkness","Stack","BootSequence","Reboot","Self Repair","Streamline+1","Beam Cell+1","Genetic Algorithm","Gash+1","Leap+1","Electrodynamics","Discovery","Good Instincts","Dramatic Entrance","Mayhem+1","Panacea","Panic Button","Panic Button","Gash","ReplayGash"],"relics":["Cracked Core","MerchantsRug","Replay:Arrowhead","Replay:Antivirus Software","Regal Pillow","Lantern","InkBottle","Necronomicon","Omamori","Juzu Bracelet","Replay:Baseball","WingedGreaves","Sling","Inserter","StoneCalendar","Mirror","Blue Doll","Torii"],"acts_visited":["Exordium","TheCity","TheBeyond","TheEnding"],"potions_floor_usage":[16,16,24,33,35,37,41],"damage_taken":[{"damage":0,"enemies":"2 Louse","floor":1,"turns":1},{"damage":0,"enemies":"Small Slimes","floor":7,"turns":2},{"damage":0,"enemies":"Cultist","floor":10,"turns":5},{"damage":0,"enemies":"Lagavulin","floor":11,"turns":8},{"damage":2,"enemies":"Exordium Wildlife","floor":12,"turns":3},{"damage":0,"enemies":"Blue Slaver","floor":14,"turns":4},{"damage":12,"enemies":"Hexaghost","floor":16,"turns":8},{"damage":8,"enemies":"3 Byrds","floor":18,"turns":3},{"damage":17,"enemies":"2 Thieves","floor":19,"turns":3},{"damage":44,"enemies":"Gremlin Leader","floor":24,"turns":5},{"damage":0,"enemies":"3 Cultists","floor":25,"turns":1},{"damage":0,"enemies":"Chosen and Byrds","floor":31,"turns":2},{"damage":7,"enemies":"Automaton","floor":33,"turns":7},{"damage":27,"enemies":"3 Darklings","floor":35,"turns":3},{"damage":0,"enemies":"Orb Walker","floor":36,"turns":2},{"damage":17,"enemies":"2 Orb Walkers","floor":37,"turns":2},{"damage":11,"enemies":"Maw","floor":38,"turns":6},{"damage":28,"enemies":"Writhing Mass","floor":41,"turns":5},{"damage":36,"enemies":"R_Hoarder","floor":42,"turns":7},{"damage":57,"enemies":"Donu and Deca","floor":50,"turns":7},{"damage":48,"enemies":"Shield and Spear","floor":54,"turns":5},{"damage":65,"enemies":"The Heart","floor":55,"turns":3}],"seed_played":"3406128714685730494","potions_obtained":[{"floor":10,"key":"DistilledChaos"},{"floor":11,"key":"Milkshake"},{"floor":14,"key":"Block Potion"},{"floor":19,"key":"Block Potion"},{"floor":24,"key":"Adrenaline Potion"},{"floor":33,"key":"Strength Potion"},{"floor":35,"key":"AttackPotion"},{"floor":37,"key":"Death Potion"},{"floor":38,"key":"Doom Potion"}],"is_trial":false,"path_per_floor":["M","?","?","$","?","R","M","T","T","M","E","M","R","M","R","B",null,"M","M","?","?","?","R","E","M","T","?","?","$","R","M","R","B",null,"M","M","?","M","$","R","M","E","T","?","R","?","R","?","R","B",null,"R","$","E","B"],"character_chosen":"DEFECT","items_purchased":["MerchantsRug","Replay:Arrowhead","Orrery","ReplayTheSpireMod:ShopPack","Replay:Baseball","WingedGreaves","Sling","Gash+1","Mayhem+1","Panacea","Panic Button","Gash"],"campfire_rested":7,"item_purchase_floors":[0,0,0,4,29,29,29,39,53,53,53,53],"current_hp_per_floor":[49,38,38,38,38,38,38,38,38,38,38,36,73,73,73,61,72,64,47,47,31,31,68,24,24,24,24,24,24,61,61,61,54,70,43,43,33,29,29,66,52,23,23,23,60,50,75,75,75,25,63,75,75,27,0,0],"gold":33,"neow_bonus":"","is_daily":false,"chose_seed":false,"campfire_upgraded":6,"win_rate":0.0,"timestamp":1613421570,"path_taken":["M","?","?","$","?","R","?","?","T","M","E","M","R","M","R","BOSS","M","M","?","?","?","R","E","M","T","?","?","$","R","M","R","BOSS","M","M","?","M","$","R","M","E","T","?","R","?","R","?","R","BOSS","R","$","E","BOSS"],"items_purchased_type":["Relic","Relic","Relic","Relic","Relic","Relic","Relic","Card","Card","Card","Card","Card"],"build_version":"2020-12-22","purchased_purges":0,"victory":false,"max_hp_per_floor":[75,75,75,75,75,75,75,75,75,75,75,75,75,75,75,75,75,75,75,75,75,75,75,75,75,75,75,75,75,75,75,75,75,75,75,75,75,75,75,75,75,75,75,75,75,75,75,75,75,75,75,75,75,75,75,75],"card_choices":[{"not_picked":["Ball Lightning","Turbo"],"picked":"Auto Shields","floor":0},{"not_picked":["Stack","Crystallizer"],"picked":"ReplayTheSpireMod:Omega Cannon","floor":0},{"not_picked":["Rip and Tear","Panic Button"],"picked":"Reinforced Body","floor":0},{"not_picked":["Sweeping Beam","Beam Cell"],"picked":"Undo","floor":0},{"not_picked":["Force Field","Sweeping Beam"],"picked":"White Noise","floor":0},{"not_picked":["Auto Shields","Recycle"],"picked":"Conserve Battery","floor":1},{"not_picked":["The Bomb","Secret Weapon"],"picked":"ReplayUltimateDefense","floor":4},{"not_picked":["ReplayTheSpireMod:Necrogeddon","Good Instincts"],"picked":"Panache","floor":4},{"not_picked":["ReplayTheSpireMod:Trickstab","Bandage Up"],"picked":"Discovery","floor":4},{"not_picked":["Go for the Eyes","Chill"],"picked":"Melter","floor":7},{"not_picked":["BasicCrystalCard","Beam Cell"],"picked":"Gash","floor":10},{"not_picked":["Streamline","Biased Cognition"],"picked":"Steam","floor":11},{"not_picked":["Cold Snap","Panic Button"],"picked":"Double Energy","floor":12},{"not_picked":["BasicCrystalCard","Redo"],"picked":"Conserve Battery","floor":14},{"not_picked":["Machine Learning","Thunder Strike"],"picked":"Fission","floor":16},{"not_picked":["Compile Driver","Consume"],"picked":"Panic Button","floor":18},{"not_picked":["Leap","Go for the Eyes"],"picked":"Redo+1","floor":19},{"not_picked":["Crystallizer","ReplayTheSpireMod:GoodbyeWorld+1"],"picked":"Darkness","floor":24},{"not_picked":["Leap","Rebound"],"picked":"Stack","floor":25},{"not_picked":["Coolheaded+1","ReplayTheSpireMod:GoodbyeWorld"],"picked":"BootSequence","floor":31},{"not_picked":["Fission","Seek"],"picked":"Reboot","floor":33},{"not_picked":["Recycle","Blizzard+1"],"picked":"Self Repair","floor":35},{"not_picked":["ReplayTheSpireMod:Repulse","Storm"],"picked":"Streamline+1","floor":36},{"not_picked":["Storm","Redo+1"],"picked":"Beam Cell+1","floor":37},{"not_picked":["Sweeping Beam","Ball Lightning"],"picked":"Genetic Algorithm","floor":38},{"not_picked":["Panic Button+1","Coolheaded+1"],"picked":"Leap+1","floor":41},{"not_picked":["Sweeping Beam","Stack+1"],"picked":"Electrodynamics","floor":42},{"not_picked":["Forethought","Secret Technique"],"picked":"Discovery","floor":46},{"not_picked":["Jack Of All Trades","ReplayTheSpireMod:Necrogeddon"],"picked":"Good Instincts","floor":46},{"not_picked":["Jack Of All Trades","Replay:Bootleg Shield Generator"],"picked":"Dramatic Entrance","floor":46},{"not_picked":["Static Discharge+1","Go for the Eyes+1"],"picked":"ReplayGash","floor":54}],"player_experience":1275723,"relics_obtained":[{"floor":5,"key":"Replay:Antivirus Software"},{"floor":8,"key":"Regal Pillow"},{"floor":9,"key":"Lantern"},{"floor":11,"key":"InkBottle"},{"floor":21,"key":"Necronomicon"},{"floor":24,"key":"Juzu Bracelet"},{"floor":37,"key":"StoneCalendar"},{"floor":42,"key":"Mirror"},{"floor":43,"key":"Blue Doll"},{"floor":54,"key":"Torii"}],"event_choices":[{"damage_healed":0,"gold_gain":75,"player_choice":"Gather Gold","damage_taken":11,"max_hp_gain":0,"max_hp_loss":0,"event_name":"World of Goop","floor":2,"gold_loss":0},{"damage_healed":0,"gold_gain":0,"player_choice":"Ignored","damage_taken":0,"max_hp_gain":0,"max_hp_loss":0,"event_name":"Shining Light","floor":3,"gold_loss":0},{"damage_healed":0,"gold_gain":0,"player_choice":"Relic","damage_taken":0,"max_hp_gain":0,"max_hp_loss":0,"event_name":"Wheel of Change","floor":5,"gold_loss":0},{"damage_healed":0,"gold_gain":99,"player_choice":"Stole From Cult","damage_taken":0,"max_hp_gain":0,"max_hp_loss":0,"event_name":"Nest","floor":20,"gold_loss":0},{"damage_healed":0,"gold_gain":0,"player_choice":"Obtained Book","damage_taken":16,"max_hp_gain":0,"max_hp_loss":0,"event_name":"Cursed Tome","floor":21,"gold_loss":0},{"damage_healed":0,"gold_gain":0,"player_choice":"Ignored","damage_taken":0,"max_hp_gain":0,"max_hp_loss":0,"event_name":"Beggar","floor":27,"gold_loss":0},{"damage_healed":0,"gold_gain":0,"player_choice":"Simplicity","damage_taken":0,"max_hp_gain":0,"max_hp_loss":0,"event_name":"Back to Basics","floor":28,"gold_loss":0,"cards_upgraded":[]},{"damage_healed":0,"gold_gain":0,"player_choice":"Fight","damage_taken":0,"max_hp_gain":0,"max_hp_loss":0,"event_name":"Mysterious Sphere","floor":37,"gold_loss":0},{"cards_removed":["Melter"],"damage_healed":0,"gold_gain":0,"player_choice":"Removed Attack","damage_taken":0,"max_hp_gain":0,"max_hp_loss":0,"event_name":"Falling","floor":44,"gold_loss":0},{"damage_healed":0,"gold_gain":0,"player_choice":"Memory 3","damage_taken":10,"max_hp_gain":0,"max_hp_loss":0,"event_name":"SensoryStone","floor":46,"gold_loss":0},{"damage_healed":0,"gold_gain":0,"player_choice":"Ignored","damage_taken":0,"max_hp_gain":0,"max_hp_loss":0,"event_name":"Tomb of Lord Red Mask","floor":48,"gold_loss":0}],"is_beta":false,"boss_relics":[{"not_picked":["Replay:Bronze Core","Abe\u0027s Treasure"],"picked":"Pandora\u0027s Box"},{"not_picked":["Snecko Eye","Cursed Key"],"picked":"Inserter"}],"items_purged_floors":[],"is_endless":false,"potions_floor_spawned":[10,11,14,19,24,33,35,37,38],"killed_by":"The Heart","ascension_level":5}}