{"host":"y9jgkjnf95sujozk","time":1613393688,"event":{"mods":["2.2 Compatiblity","AchievementEnabler","Act Like it!","BaseMod","BetterRewards","Block Reminder","Colored Map","Colored Powertips","Friendly Minions","Gensokyo","GifTheSpireLib","Hallownest","Hermit","Highlight Path","HololiveMod","Hubris","Infinite Spire","Jorbs\u0027s Wanderer Trilogy","Koishi","Marisa（霧雨　魔理沙）","Minty Spire (QoL Compilation)","Quick Restart","Random Character Button","Rare Cards Sparkle","Reimu（博??梦）","Remilia（蕾米莉?）","Replay The Spire","Shop Mod","StSLib","SuperFastMode","The Bug Knight","The Cursed","The Disciple","The Hierophant","The Jungle","The Runesmith","The Senshi","The Servant 0.9.4"],"gold_per_floor":[113,132,13,13,13,13,28,44,44,44,117,117,117,132,132,233,233,253,267,542,556,556,556],"floor_reached":22,"language":"ENG","playtime":793,"items_purged":[],"score":176,"play_id":"18fc67ad-c636-40a0-a1ba-bf5f6528f8f2","local_time":"20210215135448","is_ascension_mode":false,"campfire_choices":[{"floor":6,"key":"REST"},{"floor":13,"key":"REST"},{"floor":15,"key":"REST"}],"circlet_count":0,"master_deck":["Strike_Lin:ReiMu","Strike_Lin:ReiMu","Strike_Lin:ReiMu","Strike_Lin:ReiMu","Defend_Lin:ReiMu","Defend_Lin:ReiMu","Defend_Lin:ReiMu","Defend_Lin:ReiMu","NB:ReiMu","Stagnation:ReiMu","UniversalSpiritual:ReiMu","SafetyPray:ReiMu+1","Metamorphosis","ReplayTheSpireMod:Brewmster+1","Mind Blast","TightArray:ReiMu","SpreadBorder2:ReiMu+1","Enchanting:ReiMu","SubcavityFantasy:ReiMu","NineCharacters:ReiMu","YinYangSign:ReiMu","Regret","CareerPray:ReiMu"],"relics":["FlyPower:ReiMu","ReplayTheSpireMod:ShopPack","Hallownest:DreamNailRelic","Gremlin Food","hubris:PeanutButter","Fusion Hammer"],"acts_visited":["Exordium","Hallownest:Greenpath"],"potions_floor_usage":[8,8,16,16,16,16,16,16,16,16,16,16,21,21,21,21,21,21,21,21,21,22,22,22,22,22],"damage_taken":[{"damage":4,"enemies":"Hallownest:2_Baldur","floor":1,"turns":7},{"damage":2,"enemies":"Hallownest:monsterHuskWarrior","floor":2,"turns":6},{"damage":8,"enemies":"Hallownest:monsterHuskGuard","floor":7,"turns":7},{"damage":52,"enemies":"Hallownest:1_Ooma_and_2_Uuma","floor":8,"turns":13},{"damage":0,"enemies":"Hallownest:monsterAspidMother","floor":14,"turns":5},{"damage":13,"enemies":"Hallownest:BossFalseKnight","floor":16,"turns":12},{"damage":0,"enemies":"theJungle:GiantWrat","floor":18,"turns":5},{"damage":0,"enemies":"theJungle:MUSHROOMGANG","floor":19,"turns":7},{"damage":49,"enemies":"theJungle:JungleHuntersEncounter","floor":21,"turns":12},{"damage":33,"enemies":"theJungle:Snecko_Cultist_And_Trap","floor":22,"turns":6}],"seed_played":"-4382822863052495453","potions_obtained":[{"floor":2,"key":"DistilledChaos"},{"floor":7,"key":"Energy Potion"},{"floor":16,"key":"Strength Potion"},{"floor":21,"key":"Toxic Potion"}],"is_trial":false,"path_per_floor":["M","M","$","?","?","R","M","M","T","$","T","?","R","M","R","B",null,"M","M","?","M","M"],"character_chosen":"REIMU","items_purchased":["ReplayTheSpireMod:ShopPack"],"campfire_rested":3,"item_purchase_floors":[3],"current_hp_per_floor":[61,59,59,50,50,65,57,5,5,5,5,5,24,24,43,30,65,65,65,65,31,0,0],"gold":556,"neow_bonus":"","is_daily":false,"chose_seed":false,"campfire_upgraded":0,"win_rate":0.0,"timestamp":1613393688,"path_taken":["M","M","$","?","?","R","?","M","T","$","?","?","R","?","R","BOSS","M","M","?","?","M"],"items_purchased_type":["Relic"],"build_version":"2020-12-22","purchased_purges":0,"victory":false,"max_hp_per_floor":[65,65,65,65,65,65,65,65,65,65,65,65,65,65,65,65,65,65,65,65,65,65,65],"card_choices":[{"not_picked":["ShadowOfCrow2:ReiMu","SubAcupoint:ReiMu"],"picked":"UniversalSpiritual:ReiMu","floor":1},{"not_picked":["PrepareRite:ReiMu","DoubleButterfly:ReiMu"],"picked":"SafetyPray:ReiMu","floor":2},{"not_picked":["Midas Touch","Secret Technique"],"picked":"Metamorphosis","floor":3},{"not_picked":["Midas Touch","Replay:Sssssssssshield"],"picked":"ReplayTheSpireMod:Brewmster","floor":3},{"not_picked":["Sadistic Nature","Violence"],"picked":"Mind Blast","floor":3},{"not_picked":["SubcavityInstant:ReiMu","DependentForm:ReiMu"],"picked":"TightArray:ReiMu","floor":7},{"not_picked":["PassingAway:ReiMu","LovePray:ReiMu"],"picked":"SpreadBorder2:ReiMu","floor":8},{"not_picked":["AirStrike:ReiMu","Amulet:ReiMu"],"picked":"Enchanting:ReiMu","floor":14},{"not_picked":["CeremonyResonance:ReiMu","CardOfSanctity:ReiMu"],"picked":"SubcavityFantasy:ReiMu","floor":16},{"not_picked":["ManaGlint:ReiMu","SpreadBorder2:ReiMu+1"],"picked":"NineCharacters:ReiMu","floor":18},{"not_picked":["AirStrike:ReiMu","YinYangSange:ReiMu"],"picked":"YinYangSign:ReiMu","floor":19},{"not_picked":["EmergencyTakeOff:ReiMu","Enchanting:ReiMu"],"picked":"CareerPray:ReiMu","floor":21}],"player_experience":138046,"relics_obtained":[{"floor":9,"key":"Gremlin Food"},{"floor":11,"key":"hubris:PeanutButter"}],"event_choices":[{"damage_healed":0,"gold_gain":275,"player_choice":"Desecrate","damage_taken":0,"max_hp_gain":0,"max_hp_loss":0,"event_name":"Golden Shrine","floor":20,"gold_loss":0,"cards_obtained":["Regret"]}],"is_beta":false,"boss_relics":[{"not_picked":["Ectoplasm","Hololive_Finger"],"picked":"Fusion Hammer"}],"items_purged_floors":[],"is_endless":false,"potions_floor_spawned":[2,7,16,21],"killed_by":"theJungle:Snecko_Cultist_And_Trap","ascension_level":0}}