{"host":"jngeqill3bw7azzz","time":1613418039,"event":{"mods":["BaseMod","Highlight Path","Minty Spire (QoL Compilation)","Permanent Neow","Relic Stats"],"gold_per_floor":[109,122,141,141,141,141,177,177,177,177,201,241,0,18,18,114,114,127,127,127,148,161,161,192,107,107,107,145,160,160,196,196,292,292,315,23,47,378,378,378],"floor_reached":39,"language":"ENG","playtime":2268,"items_purged":["Strike_P","Strike_P"],"score":1094,"play_id":"848bd61e-2d6e-412d-9f10-f9a2b6dc56dd","local_time":"20210215144039","is_ascension_mode":true,"campfire_choices":[{"data":"Eruption","floor":6,"key":"SMITH"},{"data":"1","floor":8,"key":"LIFT"},{"floor":10,"key":"REST"},{"data":"Wallop","floor":15,"key":"SMITH"},{"data":"Judgement","floor":23,"key":"SMITH"},{"data":"Ghostly","floor":27,"key":"SMITH"},{"floor":30,"key":"REST"},{"floor":32,"key":"REST"}],"circlet_count":0,"master_deck":["AscendersBane","Strike_P","Defend_P","Defend_P","Eruption+1","Vigilance","DevaForm+1","Fasting2+1","Ragnarok+1","Wallop+1","JustLucky","Halt","JustLucky","JustLucky","Judgement+1","Adaptation+1","Ghostly+1","Ghostly","Ghostly","Swivel+1","Wallop","CutThroughFate","DeusExMachina","Omniscience","ThirdEye"],"relics":["Astrolabe","Golden Idol","Girya","Mercury Hourglass","Damaru","Art of War","Sozu","Sundial","Bag of Marbles","TeardropLocket","Darkstone Periapt","Bronze Scales","Busted Crown","OrangePellets","Old Coin"],"acts_visited":["Exordium","TheCity","TheBeyond"],"potions_floor_usage":[16,28],"damage_taken":[{"damage":14,"enemies":"Jaw Worm","floor":1,"turns":3},{"damage":0,"enemies":"Small Slimes","floor":2,"turns":2},{"damage":0,"enemies":"Cultist","floor":3,"turns":3},{"damage":28,"enemies":"3 Sentries","floor":7,"turns":10},{"damage":0,"enemies":"3 Louse","floor":11,"turns":1},{"damage":0,"enemies":"Lagavulin","floor":12,"turns":4},{"damage":0,"enemies":"2 Fungi Beasts","floor":14,"turns":2},{"damage":5,"enemies":"The Guardian","floor":16,"turns":8},{"damage":10,"enemies":"2 Thieves","floor":18,"turns":2},{"damage":0,"enemies":"Chosen","floor":21,"turns":3},{"damage":0,"enemies":"Snecko","floor":22,"turns":5},{"damage":0,"enemies":"Slavers","floor":24,"turns":3},{"damage":22,"enemies":"Book of Stabbing","floor":28,"turns":6},{"damage":2,"enemies":"Shelled Parasite and Fungi","floor":29,"turns":4},{"damage":14,"enemies":"Slavers","floor":31,"turns":4},{"damage":0,"enemies":"Automaton","floor":33,"turns":8},{"damage":0,"enemies":"Orb Walker","floor":35,"turns":1},{"damage":19,"enemies":"3 Darklings","floor":37,"turns":4},{"damage":0,"enemies":"Mind Bloom Boss Battle","floor":38,"turns":4},{"damage":19,"enemies":"4 Shapes","floor":39,"turns":4}],"seed_played":"-5868643269152531780","potions_obtained":[{"floor":1,"key":"Ancient Potion"},{"floor":2,"key":"Block Potion"},{"floor":16,"key":"DistilledChaos"}],"is_trial":false,"path_per_floor":["M","M","M","?","?","R","E","R","T","R","M","E","$","M","R","B",null,"M","?","?","M","M","R","E","?","T","R","E","M","R","E","R","B",null,"M","$","M","?","M"],"character_chosen":"WATCHER","items_purchased":["Art of War","OrangePellets","ThirdEye"],"campfire_rested":3,"item_purchase_floors":[13,36,36],"current_hp_per_floor":[47,47,47,47,47,47,19,19,19,37,37,37,37,37,37,32,55,45,31,31,31,31,31,31,31,31,31,9,7,16,2,11,11,26,26,26,7,7,0,0],"gold":378,"neow_bonus":"BOSS_RELIC","is_daily":false,"chose_seed":false,"campfire_upgraded":4,"win_rate":0.0,"timestamp":1613418039,"path_taken":["M","M","M","?","?","R","E","R","T","R","M","E","?","M","R","BOSS","M","?","?","M","M","R","E","?","T","R","E","M","R","E","R","BOSS","M","$","M","?","M"],"items_purchased_type":["Relic","Relic","Card"],"build_version":"2020-12-22","purchased_purges":2,"victory":false,"max_hp_per_floor":[68,68,68,68,62,62,62,62,62,62,62,62,62,62,62,62,62,62,31,31,31,31,31,31,31,31,31,31,31,31,31,31,31,31,31,31,31,31,31,31],"relic_stats":{"Sozu":4,"Darkstone Periapt":0,"OrangePellets":[2],"Busted Crown":6,"counters":[20,81],"Golden Idol":112,"Sundial":[2],"Astrolabe":["DevaForm","Fasting2","Ragnarok"],"Bronze Scales":[51],"Art of War":[9],"obtain_stats":[{"Darkstone Periapt":28,"Girya":7,"Golden Idol":5,"Astrolabe":0,"Damaru":12,"TeardropLocket":26,"Mercury Hourglass":9,"Old Coin":38,"Sozu":17,"OrangePellets":36,"Busted Crown":34,"Sundial":24,"Bronze Scales":31,"Art of War":13,"Bag of Marbles":25,"PureWater":0},{"Darkstone Periapt":13,"Girya":4,"Golden Idol":3,"Astrolabe":0,"Damaru":6,"TeardropLocket":12,"Mercury Hourglass":4,"Old Coin":19,"Sozu":8,"OrangePellets":17,"Busted Crown":16,"Sundial":12,"Bronze Scales":15,"Art of War":6,"Bag of Marbles":12,"PureWater":0},{"Darkstone Periapt":52,"Girya":18,"Golden Idol":8,"Astrolabe":0,"Damaru":23,"TeardropLocket":46,"Mercury Hourglass":18,"Old Coin":77,"Sozu":33,"OrangePellets":69,"Busted Crown":68,"Sundial":46,"Bronze Scales":60,"Art of War":23,"Bag of Marbles":46,"PureWater":0}],"Mercury Hourglass":[270]},"card_choices":[{"not_picked":["BowlingBash","Adaptation"],"picked":"Wallop","floor":1},{"not_picked":["ClearTheMind","Evaluate"],"picked":"JustLucky","floor":2},{"not_picked":["CutThroughFate","SignatureMove"],"picked":"Halt","floor":3},{"not_picked":["ThirdEye","PathToVictory"],"picked":"JustLucky","floor":7},{"not_picked":["BowlingBash","Protect","Crescendo"],"picked":"SKIP","floor":11},{"not_picked":["Alpha","Evaluate"],"picked":"JustLucky","floor":12},{"not_picked":["Prostrate","CrushJoints","JustLucky"],"picked":"SKIP","floor":14},{"not_picked":["Ragnarok","SpiritShield"],"picked":"Judgement","floor":16},{"not_picked":["CutThroughFate","Halt"],"picked":"Adaptation+1","floor":18},{"not_picked":["JustLucky+1","EmptyBody","FlyingSleeves+1"],"picked":"SKIP","floor":21},{"not_picked":["FollowUp","Halt"],"picked":"Swivel+1","floor":22},{"not_picked":["BowlingBash","SashWhip"],"picked":"Wallop","floor":24},{"not_picked":["EmptyBody","BowlingBash"],"picked":"CutThroughFate","floor":28},{"not_picked":["Halt","FollowUp+1","Study"],"picked":"SKIP","floor":29},{"not_picked":["Halt","DeceiveReality+1"],"picked":"DeusExMachina","floor":31},{"not_picked":["Judgement","LessonLearned"],"picked":"Omniscience","floor":33},{"not_picked":["Crescendo"],"picked":"SKIP","floor":35},{"not_picked":["Vengeance"],"picked":"SKIP","floor":37}],"player_experience":2649953,"relics_obtained":[{"floor":7,"key":"Girya"},{"floor":9,"key":"Mercury Hourglass"},{"floor":12,"key":"Damaru"},{"floor":24,"key":"Sundial"},{"floor":26,"key":"TeardropLocket"},{"floor":28,"key":"Darkstone Periapt"},{"floor":31,"key":"Bronze Scales"},{"floor":38,"key":"Old Coin"}],"event_choices":[{"damage_healed":0,"gold_gain":0,"player_choice":"Ignored","damage_taken":0,"max_hp_gain":0,"max_hp_loss":0,"event_name":"Liars Game","floor":4,"gold_loss":0},{"damage_healed":0,"gold_gain":0,"player_choice":"Lose Max HP","damage_taken":0,"relics_obtained":["Golden Idol"],"max_hp_gain":0,"max_hp_loss":6,"event_name":"Golden Idol","floor":5,"gold_loss":0},{"damage_healed":0,"gold_gain":0,"player_choice":"Became a Ghost","damage_taken":0,"max_hp_gain":0,"max_hp_loss":31,"event_name":"Ghosts","floor":19,"gold_loss":0,"cards_obtained":["Ghostly","Ghostly","Ghostly"]},{"damage_healed":0,"gold_gain":0,"player_choice":"Ignored","damage_taken":0,"max_hp_gain":0,"max_hp_loss":0,"event_name":"The Mausoleum","floor":20,"gold_loss":0},{"damage_healed":0,"gold_gain":0,"player_choice":"Obtained Relic","damage_taken":0,"relics_obtained":["Bag of Marbles"],"max_hp_gain":0,"max_hp_loss":0,"event_name":"Addict","floor":25,"gold_loss":85},{"damage_healed":0,"gold_gain":0,"player_choice":"Fight","damage_taken":0,"max_hp_gain":0,"max_hp_loss":0,"event_name":"MindBloom","floor":38,"gold_loss":0}],"is_beta":false,"boss_relics":[{"not_picked":["SlaversCollar","Empty Cage"],"picked":"Sozu"},{"not_picked":["Coffee Dripper","Tiny House"],"picked":"Busted Crown"}],"items_purged_floors":[13,36],"is_endless":false,"potions_floor_spawned":[1,2,16,22,29,31,37],"killed_by":"4 Shapes","ascension_level":20}}