{"host":"ormi09wwzv7sq47a","time":1613400964,"event":{"mods":["2.2 Compatiblity","AchievementEnabler","Act Like it!","BaseMod","Bestiary","Better Altar","Better Note","Better Sensory Stone","Better Silent Start","Better Skull","Better Third Choice","Better Vampires","BetterRewards","Block Reminder","Card Forge","Colored Map","Colored Powertips","Curses Come First","DeckTracker","Downfall","Highlight Path","Minty Spire (QoL Compilation)","Permanent Neow","Quick Restart","Rare Cards Sparkle","Relic Stats","Shop Mod","StSLib","The Jungle"],"gold_per_floor":[115,126,51,62,77,77,106,106,106,131,131,157,170,203,203,278,278,291,291,23,0,0,0,0,0,0,0,33,43,43,62,62,62,62],"floor_reached":33,"language":"ENG","playtime":1199,"items_purged":["Strike_R","Strike_R"],"score":534,"play_id":"fc1dc039-6af6-4564-90e4-4cbdaf63a60e","local_time":"20210215115604","is_ascension_mode":true,"campfire_choices":[{"data":"Perfected Strike","floor":6.0,"key":"SMITH"},{"data":"Shockwave","floor":8.0,"key":"SMITH"},{"floor":11.0,"key":"REST"},{"data":"Perfected Strike","floor":15.0,"key":"SMITH"},{"data":"Burning Pact","floor":23.0,"key":"SMITH"},{"data":"Twin Strike","floor":25.0,"key":"SMITH"},{"data":"True Grit","floor":27.0,"key":"SMITH"},{"data":"Perfected Strike","floor":32,"key":"SMITH"}],"circlet_count":0,"master_deck":["AscendersBane","Strike_R","Strike_R","Strike_R","Bash","Shockwave+1","Body Slam","Perfected Strike+1","Shrug It Off","Twin Strike+1","Burning Pact+1","True Grit+1","Evolve","Perfected Strike+1","Offering+1","Seeing Red+1","Spot Weakness+1","Dark Embrace+1","Perfected Strike+1","Clothesline+1"],"relics":["Burning Blood","Hammer of Thor","Seething Fire","Anvil of the Gods","Oddly Smooth Stone","Ginger","Gambling Chip","Anchor","Charon\u0027s Ashes","Akabeko","Pantograph","Astrolabe","Juzu Bracelet","Question Card","Smiling Mask"],"acts_visited":["Exordium","TheCity"],"potions_floor_usage":[31],"damage_taken":[{"damage":0.0,"enemies":"Jaw Worm","floor":1.0,"turns":8.0},{"damage":0.0,"enemies":"Cultist","floor":2.0,"turns":4.0},{"damage":1.0,"enemies":"2 Louse","floor":4.0,"turns":3.0},{"damage":3.0,"enemies":"Blue Slaver","floor":5.0,"turns":3.0},{"damage":33.0,"enemies":"3 Sentries","floor":7.0,"turns":10.0},{"damage":24.0,"enemies":"Gremlin Nob","floor":10.0,"turns":4.0},{"damage":8.0,"enemies":"Exordium Wildlife","floor":13.0,"turns":2.0},{"damage":15.0,"enemies":"Lagavulin","floor":14.0,"turns":5.0},{"damage":20.0,"enemies":"Slime Boss","floor":16.0,"turns":9.0},{"damage":6.0,"enemies":"Spheric Guardian","floor":18.0,"turns":1.0},{"damage":16.0,"enemies":"Slavers","floor":28.0,"turns":3.0},{"damage":6.0,"enemies":"3 Byrds","floor":29.0,"turns":2.0},{"damage":27,"enemies":"Sentry and Sphere","floor":31,"turns":4},{"damage":104,"enemies":"Automaton","floor":33,"turns":6}],"seed_played":"-1679118799101978696","potions_obtained":[{"floor":7.0,"key":"hexamod:SoulburnPotion"},{"floor":13.0,"key":"SpeedPotion"},{"floor":14.0,"key":"Energy Potion"},{"floor":29.0,"key":"SneckoOil"}],"is_trial":false,"path_per_floor":["M","M","?","M","M","R","E","R","T","E","R","T","M","E","R","B",null,"M","?","$","?","?","R","?","R","T","R","E","M","$","M","R","B"],"character_chosen":"IRONCLAD","items_purchased":["Oddly Smooth Stone","Ginger","Shockwave","Juzu Bracelet"],"campfire_rested":1,"item_purchase_floors":[0,0,0,20],"current_hp_per_floor":[39,45,45,50,53,53,26,26,26,8,30,30,28,19,19,30,64,64,64,64,64,75,75,75,75,75,75,65,65,65,44,44,0,0],"gold":62,"neow_bonus":"","is_daily":false,"chose_seed":false,"campfire_upgraded":7,"win_rate":0.0,"timestamp":1613400964,"path_taken":["M","M","?","M","M","R","E","R","T","E","R","?","M","E","R","BOSS","M","?","$","?","?","R","?","R","T","R","E","M","?","M","R","BOSS"],"items_purchased_type":["Relic","Relic","Card","Relic"],"build_version":"2020-12-22","purchased_purges":2,"victory":false,"max_hp_per_floor":[75,75,75,75,75,75,75,75,75,75,75,75,75,75,75,75,75,75,75,75,75,75,75,75,75,75,75,75,75,75,75,75,75,75],"relic_stats":{"counters":[14,64],"Gambling Chip":[30],"Pantograph":50,"Astrolabe":["Seeing Red","Spot Weakness","Dark Embrace"],"Charon\u0027s Ashes":[141],"Juzu Bracelet":1,"Ginger":[5],"Question Card":3,"Smiling Mask":0,"obtain_stats":[{"Astrolabe":17,"Oddly Smooth Stone":0,"Hammer of Thor":0,"Charon\u0027s Ashes":10,"Juzu Bracelet":20,"Seething Fire":0,"Ginger":0,"Question Card":26,"Smiling Mask":28,"Burning Blood":0,"Akabeko":12,"Anchor":7,"Anvil of the Gods":0,"Gambling Chip":0,"Pantograph":14},{"Astrolabe":9,"Oddly Smooth Stone":0,"Hammer of Thor":0,"Charon\u0027s Ashes":6,"Juzu Bracelet":10,"Seething Fire":0,"Ginger":0,"Question Card":10,"Smiling Mask":11,"Burning Blood":0,"Akabeko":6,"Anchor":5,"Anvil of the Gods":0,"Gambling Chip":0,"Pantograph":8},{"Astrolabe":48,"Oddly Smooth Stone":0,"Hammer of Thor":0,"Charon\u0027s Ashes":32,"Juzu Bracelet":49,"Seething Fire":0,"Ginger":0,"Question Card":49,"Smiling Mask":52,"Burning Blood":0,"Akabeko":32,"Anchor":28,"Anvil of the Gods":0,"Gambling Chip":0,"Pantograph":39}],"Burning Blood":78},"card_choices":[{"not_picked":["Thunderclap","Dual Wield"],"picked":"Body Slam","floor":1.0},{"not_picked":["Twin Strike","Battle Trance"],"picked":"Perfected Strike","floor":2.0},{"not_picked":["Pummel","Warcry"],"picked":"Shrug It Off","floor":4.0},{"not_picked":["Rampage","Reckless Charge"],"picked":"Twin Strike","floor":5.0},{"not_picked":["Seeing Red","Heavy Blade"],"picked":"Burning Pact","floor":7.0},{"not_picked":["Body Slam","Spot Weakness"],"picked":"True Grit","floor":10.0},{"not_picked":["Anger","Clothesline"],"picked":"Evolve","floor":13.0},{"not_picked":["Sword Boomerang","Power Through"],"picked":"Perfected Strike","floor":14.0},{"not_picked":["Berserk","Double Tap"],"picked":"Offering","floor":16.0},{"not_picked":["Sword Boomerang","Carnage","Flex"],"picked":"SKIP","floor":18.0},{"not_picked":["Warcry","Anger+1","Body Slam"],"picked":"Perfected Strike","floor":28.0},{"not_picked":["Warcry","Sword Boomerang","Clothesline","Combust"],"picked":"SKIP","floor":29.0},{"not_picked":["Flex","Sword Boomerang","Pummel"],"picked":"Clothesline+1","floor":31}],"player_experience":1084789,"relics_obtained":[{"floor":7.0,"key":"Anchor"},{"floor":10.0,"key":"Charon\u0027s Ashes"},{"floor":12.0,"key":"Akabeko"},{"floor":14.0,"key":"Pantograph"},{"floor":26.0,"key":"Question Card"},{"floor":28.0,"key":"Smiling Mask"}],"event_choices":[{"cards_removed":["Defend_R"],"damage_healed":0.0,"max_hp_gain":0.0,"max_hp_loss":0.0,"gold_gain":0.0,"event_name":"The Cleric","player_choice":"Card Removal","floor":3.0,"gold_loss":75.0,"damage_taken":0.0},{"damage_healed":0.0,"max_hp_gain":0.0,"max_hp_loss":0.0,"gold_gain":0.0,"event_name":"Upgrade Shrine","player_choice":"Upgraded","floor":19.0,"gold_loss":0.0,"damage_taken":0.0,"cards_upgraded":["Offering"]},{"damage_healed":0.0,"max_hp_gain":0.0,"max_hp_loss":0.0,"gold_gain":0.0,"event_name":"Masked Bandits","player_choice":"Paid Fearfully","floor":21.0,"gold_loss":23.0,"damage_taken":0.0},{"damage_healed":15.0,"max_hp_gain":0.0,"max_hp_loss":0.0,"gold_gain":0.0,"event_name":"The Library","player_choice":"Heal","floor":22.0,"gold_loss":0.0,"damage_taken":0.0},{"damage_healed":0.0,"max_hp_gain":0.0,"max_hp_loss":0.0,"gold_gain":0.0,"event_name":"Vampires","player_choice":"Ignored","floor":24.0,"gold_loss":0.0,"damage_taken":0.0}],"is_beta":false,"boss_relics":[{"not_picked":["Calling Bell","SlaversCollar"],"picked":"Astrolabe"}],"items_purged_floors":[0,20],"is_endless":false,"potions_floor_spawned":[7,13,14,29],"killed_by":"Automaton","ascension_level":18}}