{"host":"n95r2z13dwkl182w","time":1613374110,"event":{"mods":["2.2 Compatiblity","AchievementEnabler","BaseMod","Colored Map","Hermit","Marisa£¨Ùöéë¡¡Øª×âÞÞ£©","Minty Spire (QoL Compilation)","StSLib","SuperFastMode","The Poker Player","everything is the same but u backflip on backflip"],"gold_per_floor":[111,40,40,40,40,71,71,101,101,116,146,146,146,177,177,276,276,289,289,305,305,320,320,339,339,339,373,119,218,218,218,218,322,372,383,397,253,253,253,253,272,272,272,290,290,290,302,602,602,602,602],"floor_reached":50,"language":"KOR","playtime":1174,"items_purged":[],"score":558,"play_id":"f4e438e4-eed6-4ffd-940e-90b7b63de9f7","local_time":"20210215162830","is_ascension_mode":true,"campfire_choices":[{"floor":7.0,"key":"REST"},{"data":"Catalyst","floor":13.0,"key":"SMITH"},{"floor":15.0,"key":"REST"},{"floor":23.0,"key":"REST"},{"floor":25.0,"key":"REST"},{"data":"Noxious Fumes","floor":30.0,"key":"SMITH"},{"data":"Crippling Poison","floor":32.0,"key":"SMITH"},{"floor":40.0,"key":"REST"},{"data":"Adrenaline","floor":42.0,"key":"SMITH"},{"floor":46.0,"key":"REST"},{"floor":49,"key":"REST"}],"circlet_count":0,"master_deck":["Strike_G+1","Strike_G+1","Strike_G+1","Strike_G+1","Defend_G+1","Defend_G+1","Defend_G+1","Defend_G+1","Survivor+1","Neutralize","Noxious Fumes+1","Noxious Fumes+1","Poisoned Stab","Dagger Spray","Catalyst+1","Adrenaline+1","Crippling Poison+1","Bane+1","Envenom","Noxious Fumes+1","Secret Technique","Prepared+1","Madness","Madness"],"relics":["Ring of the Snake","Bronze Scales","Meat on the Bone","Shuriken","Question Card","Pen Nib","Black Star","Du-Vu Doll","Kunai","MealTicket","Ornamental Fan","HandDrill","Tiny House","Centennial Puzzle","Unceasing Top","Old Coin"],"acts_visited":["Exordium","TheCity","TheBeyond"],"potions_floor_usage":[50],"damage_taken":[{"damage":2.0,"enemies":"Jaw Worm","floor":1.0,"turns":6.0},{"damage":18.0,"enemies":"3 Sentries","floor":6.0,"turns":6.0},{"damage":0.0,"enemies":"Lagavulin","floor":8.0,"turns":5.0},{"damage":0.0,"enemies":"2 Louse","floor":10.0,"turns":2.0},{"damage":14.0,"enemies":"Gremlin Nob","floor":11.0,"turns":3.0},{"damage":18.0,"enemies":"3 Sentries","floor":14.0,"turns":5.0},{"damage":2.0,"enemies":"Slime Boss","floor":16.0,"turns":8.0},{"damage":0.0,"enemies":"Chosen","floor":18.0,"turns":4.0},{"damage":6.0,"enemies":"3 Byrds","floor":20.0,"turns":4.0},{"damage":34.0,"enemies":"Snake Plant","floor":22.0,"turns":3.0},{"damage":18.0,"enemies":"Centurion and Healer","floor":24.0,"turns":4.0},{"damage":11.0,"enemies":"Gremlin Leader","floor":27.0,"turns":5.0},{"damage":54.0,"enemies":"Automaton","floor":33.0,"turns":7.0},{"damage":12.0,"enemies":"Orb Walker","floor":35.0,"turns":3.0},{"damage":25.0,"enemies":"3 Darklings","floor":36.0,"turns":3.0},{"damage":34.0,"enemies":"Transient","floor":41.0,"turns":5.0},{"damage":13.0,"enemies":"Maw","floor":44.0,"turns":5.0},{"damage":27,"enemies":"3 Darklings","floor":47,"turns":4},{"damage":58,"enemies":"Awakened One","floor":50,"turns":4}],"seed_played":"4267098679244461763","potions_obtained":[{"floor":1.0,"key":"SteroidPotion"},{"floor":11.0,"key":"BlessingOfTheForge"},{"floor":18.0,"key":"Explosive Potion"},{"floor":22.0,"key":"PowerPotion"},{"floor":27.0,"key":"GamblersBrew"},{"floor":33.0,"key":"Energy Potion"},{"floor":34.0,"key":"Explosive Potion"},{"floor":36.0,"key":"SpeedPotion"},{"floor":41.0,"key":"Strength Potion"}],"is_trial":false,"path_per_floor":["M","$","?","?","?","E","R","E","T","M","E","$","R","E","R","B",null,"M","?","M","T","M","R","M","R","T","E","$","?","R","?","R","B",null,"M","M","$","?","?","R","M","R","T","M","?","R","M","T","R","B"],"character_chosen":"THE_SILENT","items_purchased":["Noxious Fumes","HandDrill","Fruit Juice","Centennial Puzzle"],"campfire_rested":7,"item_purchase_floors":[2,28,28,37],"current_hp_per_floor":[47,47,47,47,70,52,70,70,70,70,56,56,56,38,59,57,70,70,70,64,64,42,63,45,66,66,55,75,75,75,75,75,33,80,68,43,58,58,58,80,46,46,46,45,35,59,44,44,68,10,10],"gold":602,"neow_bonus":"REMOVE_TWO","is_daily":false,"chose_seed":false,"campfire_upgraded":4,"win_rate":0.0,"timestamp":1613374110,"path_taken":["M","$","?","?","?","E","R","E","T","M","E","$","R","E","R","BOSS","M","?","M","?","M","R","M","R","T","E","$","?","R","?","R","BOSS","M","?","$","?","?","R","M","R","T","M","?","R","?","?","R","BOSS"],"items_purchased_type":["Card","Relic","Potion","Relic"],"build_version":"2020-12-22","purchased_purges":0,"victory":false,"max_hp_per_floor":[70,70,70,70,70,70,70,70,70,70,70,70,70,70,70,70,70,70,70,70,70,70,70,70,70,70,70,75,75,75,75,75,75,80,80,80,80,80,80,80,80,80,80,80,80,80,80,80,80,80,80],"card_choices":[{"not_picked":["Dash","Dagger Spray"],"picked":"Noxious Fumes","floor":1.0},{"not_picked":["Deflect","Deadly Poison"],"picked":"Poisoned Stab","floor":6.0},{"not_picked":["Blade Dance","Footwork"],"picked":"Dagger Spray","floor":8.0},{"not_picked":["Sucker Punch","Blur","Dodge and Roll"],"picked":"SKIP","floor":10.0},{"not_picked":["Crippling Poison","Cloak And Dagger"],"picked":"Catalyst","floor":11.0},{"not_picked":["Flying Knee","Dash","Die Die Die"],"picked":"Adrenaline","floor":14.0},{"not_picked":["Choke","Setup","Footwork","Finisher"],"picked":"SKIP","floor":18.0},{"not_picked":["Skewer","Dash","Calculated Gamble+1"],"picked":"Crippling Poison","floor":20.0},{"not_picked":["Riddle With Holes","Deflect+1","Escape Plan"],"picked":"Bane+1","floor":22.0},{"not_picked":["Slice","Underhanded Strike","Reflex+1","Footwork"],"picked":"SKIP","floor":24.0},{"not_picked":["Deadly Poison","Bane","Underhanded Strike","Predator"],"picked":"SKIP","floor":27.0},{"not_picked":["Venomology","Doppelganger","Night Terror"],"picked":"Envenom","floor":33.0},{"not_picked":["Deadly Poison+1","Dagger Spray+1","Dash+1"],"picked":"Noxious Fumes+1","floor":35.0},{"not_picked":["Calculated Gamble+1","All Out Attack+1","Accuracy+1","Expertise"],"picked":"SKIP","floor":36.0},{"not_picked":["Dramatic Entrance","Dark Shackles","Discovery"],"picked":"Secret Technique","floor":38.0},{"not_picked":["Bane","Cloak And Dagger+1","Deflect"],"picked":"Prepared+1","floor":41.0},{"not_picked":["Crippling Poison+1","Heel Hook","Deflect+1","Backflip"],"picked":"SKIP","floor":44.0},{"not_picked":["Footwork","Blade Dance","Dagger Spray+1","Endless Agony"],"picked":"SKIP","floor":47}],"player_experience":85606,"relics_obtained":[{"floor":6.0,"key":"Bronze Scales"},{"floor":8.0,"key":"Meat on the Bone"},{"floor":9.0,"key":"Shuriken"},{"floor":11.0,"key":"Question Card"},{"floor":14.0,"key":"Pen Nib"},{"floor":21.0,"key":"Du-Vu Doll"},{"floor":26.0,"key":"Kunai"},{"floor":27.0,"key":"MealTicket"},{"floor":27.0,"key":"Ornamental Fan"},{"floor":43.0,"key":"Unceasing Top"},{"floor":48,"key":"Old Coin"}],"event_choices":[{"damage_healed":0.0,"max_hp_gain":0.0,"max_hp_loss":0.0,"gold_gain":0.0,"event_name":"Golden Wing","player_choice":"Ignored","floor":3.0,"gold_loss":0.0,"damage_taken":0.0},{"damage_healed":0.0,"max_hp_gain":0.0,"max_hp_loss":0.0,"gold_gain":0.0,"event_name":"Living Wall","player_choice":"Grow","floor":4.0,"gold_loss":0.0,"damage_taken":0.0,"cards_upgraded":["Noxious Fumes"]},{"damage_healed":23.0,"max_hp_gain":0.0,"max_hp_loss":0.0,"gold_gain":0.0,"event_name":"Big Fish","player_choice":"Banana","floor":5.0,"gold_loss":0.0,"damage_taken":0.0},{"damage_healed":0.0,"max_hp_gain":0.0,"max_hp_loss":0.0,"gold_gain":0.0,"event_name":"Back to Basics","player_choice":"Simplicity","floor":19.0,"gold_loss":0.0,"damage_taken":0.0,"cards_upgraded":["Strike_G","Strike_G","Strike_G","Strike_G","Defend_G","Defend_G","Defend_G","Defend_G"]},{"damage_healed":0.0,"max_hp_gain":0.0,"max_hp_loss":0.0,"gold_gain":99.0,"event_name":"Nest","player_choice":"Stole From Cult","floor":29.0,"gold_loss":0.0,"damage_taken":0.0},{"damage_healed":0.0,"max_hp_gain":0.0,"max_hp_loss":0.0,"gold_gain":0.0,"event_name":"Transmorgrifier","player_choice":"Ignored","floor":31.0,"gold_loss":0.0,"damage_taken":0.0},{"damage_healed":0.0,"max_hp_gain":0.0,"max_hp_loss":0.0,"gold_gain":0.0,"event_name":"SensoryStone","player_choice":"Memory 1","floor":38.0,"gold_loss":0.0,"damage_taken":0.0},{"damage_healed":0.0,"max_hp_gain":0.0,"max_hp_loss":0.0,"gold_gain":0.0,"event_name":"Mysterious Sphere","player_choice":"Ignored","floor":39.0,"gold_loss":0.0,"damage_taken":0.0},{"damage_healed":0.0,"max_hp_gain":0.0,"max_hp_loss":0.0,"gold_gain":0.0,"event_name":"Winding Halls","player_choice":"Embrace Madness","floor":45.0,"gold_loss":0.0,"damage_taken":10.0,"cards_obtained":["Madness","Madness"]}],"is_beta":false,"boss_relics":[{"not_picked":["Busted Crown","HoveringKite"],"picked":"Black Star"},{"not_picked":["WristBlade","Astrolabe"],"picked":"Tiny House"}],"items_purged_floors":[],"is_endless":false,"potions_floor_spawned":[1,11,18,22,27,33,35,36,41],"killed_by":"Awakened One","ascension_level":2}}