{"host":"btkbr53c3gip0r7d","time":1613371926,"event":{"mods":["BaseMod","Better Altar","Better Match","Better Note","Better Sensory Stone","Better Skull","Better Third Choice","Colored Map","Curses Come First","Downfall","Minty Spire (QoL Compilation)","StSLib","The Cursed","The Marked"],"gold_per_floor":[149,167,184,184,196,226,226,226,236,265,440,440,440,450,464,464,464,464],"floor_reached":16,"language":"ENG","playtime":3407,"items_purged":[],"score":134,"play_id":"8df2719b-7cef-40f7-b8dd-7c6879125b79","local_time":"20210214235206","is_ascension_mode":true,"campfire_choices":[{"data":"Guardian:WalkerClaw","floor":1,"key":"SMITH"},{"data":"Guardian:ChargeUp","floor":8,"key":"SMITH"}],"circlet_count":0,"master_deck":["Guardian:Strike_Guardian","Guardian:Strike_Guardian","Guardian:Strike_Guardian","Guardian:Strike_Guardian","Guardian:Defend_Guardian","Guardian:Defend_Guardian","Guardian:Defend_Guardian","Guardian:Defend_Guardian","Guardian:CurlUp","Guardian:TwinSlam+1","Guardian:WalkerClaw+1","Guardian:BodySlam","Guardian:ChargeUp+1","Guardian:BaubleBeam","Guardian:BronzeArmor","Doubt","Guardian:Gem_Yellow","Guardian:Gem_Crimson","Guardian:Gem_Orange","Guardian:Gem_Orange","Guardian:PrismaticBarrier"],"relics":["Tiny House","Mummified Hand","Gremlin Horn","Blue Candle","Anchor","Guardian:PickAxe"],"acts_visited":["Exordium"],"potions_floor_usage":[6,13,16,16,16],"damage_taken":[{"damage":1,"enemies":"Cultist","floor":2,"turns":3},{"damage":2,"enemies":"2 Louse","floor":3,"turns":2},{"damage":5,"enemies":"Small Slimes","floor":5,"turns":2},{"damage":4,"enemies":"Gremlin Nob","floor":6,"turns":4},{"damage":8,"enemies":"Exordium Wildlife","floor":9,"turns":5},{"damage":26,"enemies":"3 Sentries","floor":10,"turns":8},{"damage":1,"enemies":"3 Sentries","floor":12,"turns":3},{"damage":0,"enemies":"Gremlin Nob","floor":13,"turns":2},{"damage":9,"enemies":"Blue Slaver","floor":14,"turns":3},{"damage":7,"enemies":"downfall:LooterAlt","floor":15,"turns":3},{"damage":21,"enemies":"WA_ARCHETYPE_RETAIN","floor":16,"turns":5}],"seed_played":"-6085065380793388528","potions_obtained":[{"floor":0,"key":"Guardian:AcceleratePotion"},{"floor":3,"key":"Guardian:DefensiveModePotion"},{"floor":9,"key":"SmokeBomb"},{"floor":10,"key":"sneckomod:MuddlingPotion"},{"floor":15,"key":"SneckoOil"}],"is_trial":false,"path_per_floor":["R","M","M","T","M","E","T","R","M","E","?","?","E","M","M","B"],"character_chosen":"GUARDIAN","items_purchased":[],"campfire_rested":0,"item_purchase_floors":[],"current_hp_per_floor":[85,84,82,82,77,73,73,73,65,39,39,32,32,23,16,0,0,0],"gold":464,"neow_bonus":"BOSS_RELIC","is_daily":false,"chose_seed":false,"campfire_upgraded":2,"win_rate":0.0,"timestamp":1613371926,"path_taken":["R","M","M","?","M","E","T","R","M","E","?","?","E","M","M","BOSS"],"items_purchased_type":[],"build_version":"2020-12-22","purchased_purges":0,"victory":false,"max_hp_per_floor":[85,85,85,85,85,85,85,85,85,85,85,85,85,85,85,85,85,85],"card_choices":[{"not_picked":["Guardian:Gem_Cyan","Guardian:TemporalShield"],"picked":"Guardian:WalkerClaw","floor":0},{"not_picked":["Guardian:CrystalBeam","Guardian:Gem_Red"],"picked":"Guardian:Gem_Yellow","floor":2},{"not_picked":["Guardian:EvasiveProtocol","Guardian:Gem_Cyan"],"picked":"Guardian:BodySlam","floor":3},{"not_picked":["Guardian:RollAttack","Guardian:Gem_Cyan"],"picked":"Guardian:Gem_Purple","floor":5},{"not_picked":["Guardian:PolyBeam","Guardian:Gem_Green"],"picked":"Guardian:ChargeUp","floor":6},{"not_picked":["Guardian:CrystalBeam","Guardian:Gem_Red"],"picked":"Guardian:BaubleBeam","floor":9},{"not_picked":["Guardian:EvasiveProtocol","Guardian:VentSteam"],"picked":"Guardian:BronzeArmor","floor":10},{"not_picked":["Guardian:FuturePlans","Guardian:FloatingOrbs"],"picked":"Guardian:PrismaticBarrier","floor":14},{"not_picked":["Guardian:VentSteam","Guardian:FloatingOrbs","Guardian:WalkerClaw"],"picked":"SKIP","floor":15}],"player_experience":1455973,"relics_obtained":[{"floor":4,"key":"Mummified Hand"},{"floor":6,"key":"Gremlin Horn"},{"floor":7,"key":"Blue Candle"},{"floor":10,"key":"Anchor"}],"event_choices":[],"is_beta":false,"boss_relics":[],"items_purged_floors":[],"is_endless":false,"potions_floor_spawned":[3,9,10,15],"killed_by":"WA_ARCHETYPE_RETAIN","ascension_level":2}}