{"host":"684z1xpuwaoqmmh1","time":1613408708,"event":{"mods":["A Magickal Journey","BaseMod","Downfall","Hermit","Jorbs\u0027s Wanderer Trilogy","Marisa????????","Minty Spire (QoL Compilation)","Robot Space Explorer","Shade Mod","StSLib","The Bug Knight","The Dragon Tamer","The Elementalist","The Hayseed","The Hierophant","The Marked","The Mystic","The Runesmith","The Saiyan","The Senshi","The Spell Scribe","The Vixen","TheBandit","TheFirefly"],"gold_per_floor":[116,131,131,149,199,230,4,31,31,50,50,85,105,117,117,191,191,206,223,223,223,233,267,267,296,319,23,33,33,49,79,79,154,154,172,192,192,204,219,245,245,272,320,351,351,351,351],"floor_reached":46,"language":"ENG","playtime":3049,"items_purged":["RobotSpaceExplorer:Strike"],"score":1081,"play_id":"a17ce9c2-a905-4dbb-a6ea-032e83ce0511","local_time":"20210215190508","is_ascension_mode":true,"campfire_choices":[{"data":"RobotSpaceExplorer:ExhaustFan","floor":11,"key":"SMITH"},{"data":"RobotSpaceExplorer:MiniLasers","floor":15,"key":"SMITH"},{"data":"RobotSpaceExplorer:Blaster","floor":24,"key":"SMITH"},{"data":"RobotSpaceExplorer:FreezingShield","floor":29,"key":"SMITH"},{"data":"RobotSpaceExplorer:DualCore","floor":32,"key":"SMITH"},{"floor":41,"key":"REST"},{"floor":45,"key":"REST"}],"circlet_count":0,"master_deck":["AscendersBane","RobotSpaceExplorer:Strike","RobotSpaceExplorer:Strike","RobotSpaceExplorer:Defend+1","RobotSpaceExplorer:Defend","RobotSpaceExplorer:Defend","RobotSpaceExplorer:Scan+1","RobotSpaceExplorer:MiniLasers+1","RobotSpaceExplorer:ExhaustFan+1","RobotSpaceExplorer:SurgingStrike","RobotSpaceExplorer:ScrapToss","RobotSpaceExplorer:GearShield","RobotSpaceExplorer:DualCore+1","RobotSpaceExplorer:Probe","RobotSpaceExplorer:GearShield","RobotSpaceExplorer:Blaster+1","RobotSpaceExplorer:GearShield","Shame","RobotSpaceExplorer:PlasmaMissile","RobotSpaceExplorer:TrailblazerForm","RobotSpaceExplorer:FreezingShield+1","RobotSpaceExplorer:Smokescreen","RobotSpaceExplorer:FreezeRay","RobotSpaceExplorer:ChargingLaser","RobotSpaceExplorer:ExhaustFan","RobotSpaceExplorer:StarDust","RobotSpaceExplorer:JunkDive","RobotSpaceExplorer:Electroshield"],"relics":["RobotSpaceExplorer:RoboCore","Boot","Lee\u0027s Waffle","HornCleat","Blue Candle","bronze:DecasWashers","RobotSpaceExplorer:SearchSpecs","Pear","Gambling Chip","FossilizedHelix","Membership Card","Incense Burner","Matryoshka","Empty Cage","Bag of Preparation","Peace Pipe","RobotSpaceExplorer:FoglandsKnife","MealTicket","Juzu Bracelet"],"acts_visited":["Exordium","TheCity","TheBeyond"],"potions_floor_usage":[12,25,42,46],"damage_taken":[{"damage":1,"enemies":"2 Louse","floor":1,"turns":3},{"damage":11,"enemies":"Jaw Worm","floor":2,"turns":7},{"damage":0,"enemies":"Cultist","floor":4,"turns":4},{"damage":28,"enemies":"Gremlin Nob","floor":6,"turns":5},{"damage":21,"enemies":"HollowMod:MossKnight","floor":8,"turns":9},{"damage":0,"enemies":"Lots of Slimes","floor":10,"turns":4},{"damage":11,"enemies":"Gremlin Nob","floor":12,"turns":4},{"damage":0,"enemies":"2 Fungi Beasts","floor":13,"turns":3},{"damage":0,"enemies":"3 Louse","floor":14,"turns":3},{"damage":20,"enemies":"Slime Boss","floor":16,"turns":7},{"damage":0,"enemies":"Spheric Guardian","floor":18,"turns":3},{"damage":0,"enemies":"3 Byrds","floor":19,"turns":4},{"damage":1,"enemies":"Centurion and Healer","floor":22,"turns":6},{"damage":1,"enemies":"HollowMod:Nosk","floor":23,"turns":7},{"damage":9,"enemies":"Gremlin Leader","floor":25,"turns":7},{"damage":4,"enemies":"Snake Plant","floor":28,"turns":4},{"damage":0,"enemies":"Sentry and Sphere","floor":30,"turns":6},{"damage":0,"enemies":"Slavers","floor":31,"turns":7},{"damage":23,"enemies":"Automaton","floor":33,"turns":10},{"damage":4,"enemies":"3 Darklings","floor":35,"turns":7},{"damage":0,"enemies":"Orb Walker","floor":36,"turns":4},{"damage":4,"enemies":"Transient","floor":38,"turns":5},{"damage":28,"enemies":"Jaw Worm Horde","floor":39,"turns":8},{"damage":12,"enemies":"Nemesis","floor":40,"turns":10},{"damage":35,"enemies":"Reptomancer","floor":42,"turns":9},{"damage":9,"enemies":"Nemesis","floor":44,"turns":9},{"damage":53,"enemies":"Orin","floor":46,"turns":6}],"seed_played":"6083305615176522224","potions_obtained":[{"floor":2,"key":"SkillPotion"},{"floor":4,"key":"Dexterity Potion"},{"floor":8,"key":"Regen Potion"},{"floor":22,"key":"FairyPotion"},{"floor":23,"key":"DuplicationPotion"},{"floor":25,"key":"Weak Potion"},{"floor":28,"key":"SteroidPotion"},{"floor":38,"key":"Guardian:BlockOnCardUsePotion"},{"floor":42,"key":"Swift Potion"}],"is_trial":false,"path_per_floor":["M","M","?","M","?","E","$","E","T","M","R","E","M","M","R","B",null,"M","M","?","?","M","E","R","E","T","$","M","R","M","E","R","B",null,"M","M","?","M","M","E","R","E","T","E","R","?"],"character_chosen":"RobotSpaceExplorer","items_purchased":["Lee\u0027s Waffle","Membership Card","Incense Burner"],"campfire_rested":2,"item_purchase_floors":[7,27,27],"current_hp_per_floor":[74,63,47,47,47,19,89,68,68,68,68,69,69,69,69,49,79,79,79,89,89,88,87,87,78,78,78,74,74,74,74,74,51,87,83,83,83,79,51,39,68,33,33,24,53,0,0],"gold":351,"neow_bonus":"TEN_PERCENT_HP_BONUS","is_daily":false,"chose_seed":false,"campfire_upgraded":5,"win_rate":0.0,"timestamp":1613408708,"path_taken":["M","M","?","M","?","E","?","E","T","M","R","E","?","?","R","BOSS","M","M","?","?","M","E","R","E","T","$","M","R","M","E","R","BOSS","M","M","?","M","M","E","R","E","T","E","R","?"],"items_purchased_type":["Relic","Relic","Relic"],"build_version":"2020-12-22","purchased_purges":1,"victory":false,"max_hp_per_floor":[82,82,82,82,82,82,89,89,89,89,89,89,89,89,89,89,89,89,89,99,99,99,99,99,99,99,99,99,99,99,99,99,99,99,99,99,99,99,99,99,99,99,99,99,99,99,99],"card_choices":[{"not_picked":["RobotSpaceExplorer:MetalStrike","RobotSpaceExplorer:Electroshield"],"picked":"RobotSpaceExplorer:ExhaustFan","floor":1},{"not_picked":["RobotSpaceExplorer:Counterblock","RobotSpaceExplorer:IronShell"],"picked":"RobotSpaceExplorer:SurgingStrike","floor":2},{"not_picked":["RobotSpaceExplorer:SwiftStep","RobotSpaceExplorer:SlimeMissile","RobotSpaceExplorer:Ammunition"],"picked":"SKIP","floor":4},{"not_picked":["RobotSpaceExplorer:Smokescreen","RobotSpaceExplorer:StarDust"],"picked":"RobotSpaceExplorer:ScrapToss","floor":6},{"not_picked":["RobotSpaceExplorer:Discharger","RobotSpaceExplorer:FranticSearch"],"picked":"RobotSpaceExplorer:GearShield","floor":8},{"not_picked":["RobotSpaceExplorer:SurgingStrike","RobotSpaceExplorer:Electropulse","RobotSpaceExplorer:ScrapShield"],"picked":"SKIP","floor":10},{"not_picked":["RobotSpaceExplorer:FrostMissile","RobotSpaceExplorer:ToxicBomb"],"picked":"RobotSpaceExplorer:DualCore","floor":12},{"not_picked":["RobotSpaceExplorer:SlimeMissile","RobotSpaceExplorer:DualCore"],"picked":"RobotSpaceExplorer:Probe","floor":13},{"not_picked":["RobotSpaceExplorer:SwiftStep","RobotSpaceExplorer:Ammunition"],"picked":"RobotSpaceExplorer:GearShield","floor":14},{"not_picked":["RobotSpaceExplorer:Wormhole","RobotSpaceExplorer:Scanner"],"picked":"RobotSpaceExplorer:Blaster","floor":16},{"not_picked":["RobotSpaceExplorer:Ammunition","RobotSpaceExplorer:Probe"],"picked":"RobotSpaceExplorer:GearShield","floor":18},{"not_picked":["RobotSpaceExplorer:MetalStrike","RobotSpaceExplorer:Probe+1","RobotSpaceExplorer:StunGrenade"],"picked":"SKIP","floor":19},{"not_picked":["RobotSpaceExplorer:Ammunition","RobotSpaceExplorer:DualCore"],"picked":"RobotSpaceExplorer:PlasmaMissile","floor":22},{"not_picked":["RobotSpaceExplorer:StunGrenade","RobotSpaceExplorer:ExhaustFan"],"picked":"RobotSpaceExplorer:TrailblazerForm","floor":23},{"not_picked":["RobotSpaceExplorer:ScrapShield","RobotSpaceExplorer:SurgingShield"],"picked":"RobotSpaceExplorer:FreezingShield","floor":25},{"not_picked":["RobotSpaceExplorer:StunGrenade","RobotSpaceExplorer:ShovelStrike"],"picked":"RobotSpaceExplorer:Smokescreen","floor":28},{"not_picked":["RobotSpaceExplorer:Calculate","RobotSpaceExplorer:Counterblock","RobotSpaceExplorer:SurgingStrike+1"],"picked":"SKIP","floor":30},{"not_picked":["RobotSpaceExplorer:Pulsar","RobotSpaceExplorer:Explosion"],"picked":"RobotSpaceExplorer:FreezeRay","floor":31},{"not_picked":["RobotSpaceExplorer:Wormhole","RobotSpaceExplorer:Asteroid"],"picked":"RobotSpaceExplorer:ChargingLaser","floor":33},{"not_picked":["RobotSpaceExplorer:Pulsar","RobotSpaceExplorer:Fix"],"picked":"RobotSpaceExplorer:ExhaustFan","floor":35},{"not_picked":["RobotSpaceExplorer:StunGrenade","RobotSpaceExplorer:ImprovisedAttack"],"picked":"RobotSpaceExplorer:StarDust","floor":36},{"not_picked":["RobotSpaceExplorer:Probe","RobotSpaceExplorer:SurgingStrike","RobotSpaceExplorer:ShovelStrike"],"picked":"SKIP","floor":38},{"not_picked":["RobotSpaceExplorer:FranticSearch","RobotSpaceExplorer:Electroshield+1"],"picked":"RobotSpaceExplorer:JunkDive","floor":39},{"not_picked":["RobotSpaceExplorer:Counterblock+1","RobotSpaceExplorer:MetalStrike","RobotSpaceExplorer:PowerGlove"],"picked":"SKIP","floor":40},{"not_picked":["RobotSpaceExplorer:Discharger","RobotSpaceExplorer:ShockKick","RobotSpaceExplorer:Electroshield"],"picked":"SKIP","floor":42},{"not_picked":["RobotSpaceExplorer:Discharger","RobotSpaceExplorer:ShockKick"],"picked":"RobotSpaceExplorer:Electroshield","floor":42},{"not_picked":["RobotSpaceExplorer:GlueShot+1","RobotSpaceExplorer:MetalStrike+1","RobotSpaceExplorer:Blaster"],"picked":"SKIP","floor":44}],"player_experience":3303014,"relics_obtained":[{"floor":6,"key":"Boot"},{"floor":8,"key":"HornCleat"},{"floor":9,"key":"Blue Candle"},{"floor":12,"key":"bronze:DecasWashers"},{"floor":23,"key":"Gambling Chip"},{"floor":25,"key":"FossilizedHelix"},{"floor":31,"key":"Matryoshka"},{"floor":40,"key":"Bag of Preparation"},{"floor":42,"key":"Peace Pipe"},{"floor":43,"key":"RobotSpaceExplorer:FoglandsKnife"},{"floor":43,"key":"MealTicket"},{"floor":44,"key":"Juzu Bracelet"}],"event_choices":[{"damage_healed":0,"gold_gain":0,"player_choice":"Entered Light","damage_taken":16,"max_hp_gain":0,"max_hp_loss":0,"event_name":"Shining Light","floor":3,"gold_loss":0,"cards_upgraded":["RobotSpaceExplorer:Defend","RobotSpaceExplorer:Scan"]},{"damage_healed":0,"gold_gain":0,"player_choice":"Stole Relic","damage_taken":0,"relics_obtained":["Pear"],"max_hp_gain":0,"max_hp_loss":0,"event_name":"Addict","floor":20,"gold_loss":0,"cards_obtained":["Shame"]},{"damage_healed":0,"gold_gain":0,"player_choice":"Fight","damage_taken":0,"max_hp_gain":0,"max_hp_loss":0,"event_name":"OrinTheCat","floor":46,"gold_loss":0}],"is_beta":false,"boss_relics":[{"not_picked":["Snecko Eye","Astrolabe"],"picked":"RobotSpaceExplorer:SearchSpecs"},{"not_picked":["Runic Pyramid","SlaversCollar"],"picked":"Empty Cage"}],"items_purged_floors":[7],"is_endless":false,"potions_floor_spawned":[2,4,8,22,23,25,28,31,35,36,38,42],"killed_by":"Orin","ascension_level":13}}