{"host":"x05n69rv5q9mps34","time":1613363884,"event":{"mods":["AchievementEnabler","BaseMod","Colored Map","Minty Spire (QoL Compilation)","SuperFastMode"],"gold_per_floor":[112,112,127,139,139,164,164,175,224,10,20,20,20,34,34,138,138,158,171,117,128,143,143,174,174,198,216,315,340,352,173,173,271,271,284,629,629,641,181,181,181,181],"floor_reached":41,"language":"ENG","playtime":2130,"items_purged":["Strike_P"],"score":556,"play_id":"b7e803c2-14a9-4076-816e-953f5be3beaa","local_time":"20210215023804","is_ascension_mode":true,"campfire_choices":[{"floor":7,"key":"REST"},{"data":"Eruption","floor":12,"key":"SMITH"},{"data":"Prostrate","floor":15,"key":"SMITH"},{"data":"TalkToTheHand","floor":23,"key":"SMITH"},{"floor":30,"key":"REST"},{"data":"Nirvana","floor":32,"key":"SMITH"},{"floor":40,"key":"REST"}],"circlet_count":0,"master_deck":["Strike_P","Strike_P","Defend_P","Defend_P","Defend_P","Eruption+1","Vigilance","FlurryOfBlows","SpiritShield","CutThroughFate","FlurryOfBlows","Indignation","Wireheading","Protect","Prostrate+1","Vault","MentalFortress","FlurryOfBlows","ClearTheMind","Prostrate+1","TalkToTheHand+1","InnerPeace","EmptyFist","Protect","Nirvana+1","JustLucky","Brilliance","ThirdEye","Prostrate+1","DevaForm"],"relics":["PureWater","Shuriken","Happy Flower","Bag of Preparation","Damaru","Runic Dome","Unceasing Top","MawBank","Empty Cage","Old Coin","Ornamental Fan","FossilizedHelix"],"acts_visited":["Exordium","TheCity","TheBeyond"],"potions_floor_usage":[6,19,19,19,19,33,41],"damage_taken":[{"damage":0,"enemies":"Jaw Worm","floor":1,"turns":3},{"damage":0,"enemies":"Small Slimes","floor":3,"turns":2},{"damage":0,"enemies":"Cultist","floor":4,"turns":2},{"damage":15,"enemies":"3 Sentries","floor":6,"turns":6},{"damage":12,"enemies":"Gremlin Gang","floor":8,"turns":3},{"damage":0,"enemies":"Large Slime","floor":11,"turns":3},{"damage":0,"enemies":"3 Louse","floor":14,"turns":2},{"damage":0,"enemies":"Slime Boss","floor":16,"turns":4},{"damage":2,"enemies":"Shell Parasite","floor":18,"turns":3},{"damage":3,"enemies":"3 Byrds","floor":19,"turns":5},{"damage":1,"enemies":"Centurion and Healer","floor":21,"turns":5},{"damage":12,"enemies":"Snake Plant","floor":22,"turns":4},{"damage":0,"enemies":"Book of Stabbing","floor":24,"turns":4},{"damage":13,"enemies":"3 Cultists","floor":27,"turns":4},{"damage":18,"enemies":"Gremlin Leader","floor":29,"turns":4},{"damage":8,"enemies":"Champ","floor":33,"turns":7},{"damage":14,"enemies":"Orb Walker","floor":35,"turns":4},{"damage":19,"enemies":"2 Orb Walkers","floor":36,"turns":4},{"damage":1,"enemies":"3 Shapes","floor":38,"turns":3},{"damage":91,"enemies":"Nemesis","floor":41,"turns":11}],"seed_played":"7897252573743360881","potions_obtained":[{"floor":4,"key":"Swift Potion"},{"floor":6,"key":"EntropicBrew"},{"floor":11,"key":"CultistPotion"},{"floor":16,"key":"Weak Potion"},{"floor":21,"key":"CultistPotion"},{"floor":29,"key":"Weak Potion"},{"floor":38,"key":"PowerPotion"}],"is_trial":false,"path_per_floor":["M","?","M","M","?","E","R","M","T","$","M","R","$","M","R","B",null,"M","M","$","M","M","R","E","?","T","M","?","E","R","$","R","B",null,"M","?","T","M","$","R","E"],"character_chosen":"WATCHER","items_purchased":["Wireheading","Damaru","ClearTheMind","Nirvana","JustLucky","FossilizedHelix","DevaForm"],"campfire_rested":3,"item_purchase_floors":[10,10,20,31,31,39,39],"current_hp_per_floor":[79,79,79,79,46,31,54,42,42,42,42,42,42,42,42,42,79,77,74,74,73,61,61,61,61,61,48,48,30,53,53,53,45,79,65,46,46,45,45,68,0,0],"gold":181,"neow_bonus":"TEN_PERCENT_HP_BONUS","is_daily":false,"chose_seed":false,"campfire_upgraded":4,"win_rate":0.0,"timestamp":1613363884,"path_taken":["M","?","M","M","?","E","R","M","T","?","M","R","$","M","R","BOSS","M","M","?","M","?","R","E","?","T","M","?","E","R","?","R","BOSS","M","?","?","?","$","R","E"],"items_purchased_type":["Card","Relic","Card","Card","Card","Relic","Card"],"build_version":"2020-12-22","purchased_purges":1,"victory":false,"max_hp_per_floor":[79,79,79,79,79,79,79,79,79,79,79,79,79,79,79,79,79,79,79,79,79,79,79,79,79,79,79,79,79,79,79,79,79,79,79,79,79,79,79,79,79,79],"card_choices":[{"not_picked":["WaveOfTheHand","Protect"],"picked":"FlurryOfBlows","floor":1},{"not_picked":["CrushJoints","FlyingSleeves"],"picked":"SpiritShield","floor":3},{"not_picked":["Consecrate","SashWhip"],"picked":"CutThroughFate","floor":4},{"not_picked":["Vault","FollowUp"],"picked":"FlurryOfBlows","floor":6},{"not_picked":["Halt","WreathOfFlame"],"picked":"Indignation","floor":8},{"not_picked":["SignatureMove","JustLucky"],"picked":"Protect","floor":11},{"not_picked":["TalkToTheHand","LikeWater"],"picked":"Prostrate","floor":14},{"not_picked":["Alpha","ConjureBlade"],"picked":"Vault","floor":16},{"not_picked":["Swivel","WreathOfFlame+1"],"picked":"MentalFortress","floor":18},{"not_picked":["PathToVictory","BowlingBash"],"picked":"FlurryOfBlows","floor":19},{"not_picked":["Establishment","ForeignInfluence"],"picked":"Prostrate+1","floor":21},{"not_picked":["SashWhip","FollowUp"],"picked":"TalkToTheHand","floor":22},{"not_picked":["BowlingBash","Vault"],"picked":"InnerPeace","floor":24},{"not_picked":["PathToVictory","Prostrate"],"picked":"EmptyFist","floor":27},{"not_picked":["FollowUp+1","JustLucky"],"picked":"Protect","floor":29},{"not_picked":["ConjureBlade","Omniscience"],"picked":"Brilliance","floor":33},{"not_picked":["FollowUp+1","BowlingBash","Indignation"],"picked":"SKIP","floor":35},{"not_picked":["FlurryOfBlows+1","CrushJoints"],"picked":"ThirdEye","floor":36},{"not_picked":["FollowUp+1","ClearTheMind+1"],"picked":"Prostrate+1","floor":38}],"player_experience":996860,"relics_obtained":[{"floor":6,"key":"Happy Flower"},{"floor":9,"key":"Bag of Preparation"},{"floor":24,"key":"Unceasing Top"},{"floor":29,"key":"MawBank"},{"floor":36,"key":"Old Coin"},{"floor":37,"key":"Ornamental Fan"}],"event_choices":[{"damage_healed":0,"gold_gain":0,"player_choice":"Ignored","damage_taken":0,"max_hp_gain":0,"max_hp_loss":0,"event_name":"Liars Game","floor":2,"gold_loss":0},{"damage_healed":0,"gold_gain":0,"player_choice":"Success","damage_taken":33,"relics_obtained":["Shuriken"],"max_hp_gain":0,"max_hp_loss":0,"event_name":"Scrap Ooze","floor":5,"gold_loss":0},{"damage_healed":0,"gold_gain":0,"player_choice":"Ignored","damage_taken":0,"max_hp_gain":0,"max_hp_loss":0,"event_name":"Vampires","floor":25,"gold_loss":0},{"damage_healed":0,"gold_gain":99,"player_choice":"Stole From Cult","damage_taken":0,"max_hp_gain":0,"max_hp_loss":0,"event_name":"Nest","floor":28,"gold_loss":0},{"damage_healed":0,"gold_gain":0,"player_choice":"Fight","damage_taken":0,"max_hp_gain":0,"max_hp_loss":0,"event_name":"Mysterious Sphere","floor":36,"gold_loss":0}],"is_beta":false,"boss_relics":[{"not_picked":["Philosopher\u0027s Stone","Coffee Dripper"],"picked":"Runic Dome"},{"not_picked":["SacredBark","Tiny House"],"picked":"Empty Cage"}],"items_purged_floors":[31],"is_endless":false,"potions_floor_spawned":[4,6,11,16,18,21,29,38],"killed_by":"Nemesis","ascension_level":1}}