{"host":"c9gk0qvlyxpqjtz8","time":1613377155,"event":{"mods":["100% Spire Juice","Act Like it!","Arknights","BaseMod","BetterRewards","Colored Powertips","Downfall","Hermit","Highlight Path","KinomotoSakuraMod(ƒæ÷Æ±æ”£)","Marisa£®ÏF”Í°°ƒß¿Ì…≥£©","Minty Spire (QoL Compilation)","READ ME - Guardian Mod","Reimu£®≤©¿ˆ¡È√Œ£©","Relic Stats","Remilia£®¿Ÿ√◊¿Ú—«£©","Replay The Spire","RumiaBox-¬∂√◊Ê´µƒ…Ò√ÿ∫–◊”","StSLib","TestMod","The Bladedancer","The Bug Knight","The Cursed","The Hierophant","The Servant 0.9.4","UnlockEverythingMod","WarShipGirlsR/’ΩΩ¢…Ÿ≈ÆR mod","Youmu£®ªÍ∆«—˝√Œ£©"],"gold_per_floor":[111,3,21,35,53,81,99,99,4,4,4,34,34,47,47,152,32,32],"floor_reached":17,"language":"ZHS","playtime":920,"items_purged":[],"score":184,"play_id":"2423fddd-2e8f-4c36-859e-5046e54d2ab4","local_time":"20210215161915","is_ascension_mode":false,"campfire_choices":[{"data":"Moonworks:EvilSpyWorkPreparation","floor":8,"key":"SMITH"},{"data":"Moonworks:EvilSpyWorkPreparation","floor":10,"key":"SMITH"},{"floor":15,"key":"REST"}],"circlet_count":0,"master_deck":["Moonworks:Strike","Moonworks:Strike","Moonworks:Strike","Moonworks:Strike","Moonworks:Defend","Moonworks:Defend","Moonworks:Defend","Moonworks:Defend","Moonworks:Ambush","Moonworks:LongDistanceShot","Moonworks:EvilSpyWorkPreparation+1","Moonworks:AngelHand","Moonworks:EvilSpyWorkPreparation+1","Moonworks:SweetBattle","Moonworks:ReflectiveShell"],"relics":["Moonworks:BrokenBomb","Moonworks:Homemark","testmod-TestBox","testmod-ArcanaOfDestiny","NeowsBlessing","Simple Rune","Odd Mushroom","testmod-GoldenSoul"],"acts_visited":["Exordium","TheCity"],"potions_floor_usage":[16],"damage_taken":[{"damage":0,"enemies":"2 Louse","floor":1,"turns":1},{"damage":0,"enemies":"Small Slimes","floor":2,"turns":1},{"damage":0,"enemies":"Jaw Worm","floor":3,"turns":1},{"damage":0,"enemies":"Large Slime","floor":4,"turns":3},{"damage":16,"enemies":"Lots of Slimes","floor":5,"turns":3},{"damage":33,"enemies":"Gremlin Nob","floor":6,"turns":5},{"damage":1,"enemies":"Exordium Wildlife","floor":7,"turns":5},{"damage":4,"enemies":"The Mushroom Lair","floor":12,"turns":3},{"damage":2,"enemies":"3 Louse","floor":14,"turns":3},{"damage":24,"enemies":"Hexaghost","floor":16,"turns":11}],"seed_played":"1989482629265744325","potions_obtained":[{"floor":3,"key":"CultistPotion"},{"floor":4,"key":"bronze:BurnAndBuffPotion"},{"floor":5,"key":"Doom Potion"},{"floor":7,"key":"Cursed Concoction"},{"floor":16,"key":"LiquidBronze"}],"is_trial":false,"path_per_floor":["M","M","M","M","M","E","M","R","T","R","?","?","?","M","R","B",null],"character_chosen":"THE_STARBREAKER","items_purchased":[],"campfire_rested":1,"item_purchase_floors":[],"current_hp_per_floor":[60,60,60,60,44,11,10,10,10,10,10,6,6,4,22,2,15,15],"gold":32,"neow_bonus":"THREE_ENEMY_KILL","is_daily":false,"chose_seed":false,"campfire_upgraded":2,"win_rate":0.0,"timestamp":1613377155,"path_taken":["M","M","M","M","M","E","M","R","T","R","?","?","?","M","R","BOSS"],"items_purchased_type":[],"build_version":"2020-12-22","purchased_purges":0,"victory":false,"max_hp_per_floor":[60,60,60,60,60,60,60,60,60,60,60,60,60,60,60,60,15,15],"relic_stats":{"counters":[10,35],"obtain_stats":[{"testmod-TestBox":0,"NeowsBlessing":0,"Moonworks:Homemark":0,"Simple Rune":6,"testmod-GoldenSoul":17,"Odd Mushroom":12,"testmod-ArcanaOfDestiny":0,"Moonworks:BrokenBomb":0},{"testmod-TestBox":0,"NeowsBlessing":0,"Moonworks:Homemark":0,"Simple Rune":6,"testmod-GoldenSoul":10,"Odd Mushroom":8,"testmod-ArcanaOfDestiny":0,"Moonworks:BrokenBomb":0},{"testmod-TestBox":0,"NeowsBlessing":0,"Moonworks:Homemark":0,"Simple Rune":14,"testmod-GoldenSoul":35,"Odd Mushroom":22,"testmod-ArcanaOfDestiny":0,"Moonworks:BrokenBomb":0}]},"card_choices":[{"not_picked":["Moonworks:IndiscriminateFireSupport","Moonworks:ScrambledEve","Moonworks:LuckyCharm"],"picked":"SKIP","floor":1},{"not_picked":["Moonworks:Assault","Moonworks:CloudOfSeagulls"],"picked":"Moonworks:EvilSpyWorkPreparation","floor":2},{"not_picked":["Moonworks:DeployBits","Moonworks:CompletionReward","Moonworks:FinalSurgery"],"picked":"SKIP","floor":3},{"not_picked":["Moonworks:DeployBits","Moonworks:Heat300Percent","Moonworks:LulusLuckyEgg"],"picked":"SKIP","floor":4},{"not_picked":["Moonworks:SakisCookie","Moonworks:SelfDestruct"],"picked":"Moonworks:AngelHand","floor":5},{"not_picked":["Moonworks:CompletionReward","Moonworks:Assault","Moonworks:DeployBits"],"picked":"SKIP","floor":6},{"not_picked":["Moonworks:Heat300Percent","Moonworks:MeltingMemories"],"picked":"Moonworks:EvilSpyWorkPreparation","floor":7},{"not_picked":[],"picked":"Moonworks:SweetBattle","floor":11},{"not_picked":["Moonworks:SakisCookie","Moonworks:DeployBits","Moonworks:MiracleWalker"],"picked":"SKIP","floor":14},{"not_picked":["Moonworks:MeltingMemories","Moonworks:HolyNight"],"picked":"Moonworks:ReflectiveShell","floor":16}],"player_experience":148209,"relics_obtained":[{"floor":6,"key":"Simple Rune"},{"floor":12,"key":"Odd Mushroom"}],"event_choices":[{"damage_healed":0,"gold_gain":0,"player_choice":"Fought Mushrooms","damage_taken":0,"max_hp_gain":0,"max_hp_loss":0,"event_name":"Mushrooms","floor":12,"gold_loss":0}],"is_beta":false,"boss_relics":[{"not_picked":["Cursed Key","Empty Cage"],"picked":"testmod-GoldenSoul"}],"items_purged_floors":[],"is_endless":false,"potions_floor_spawned":[3,4,5,7,16],"ascension_level":0}}