{"host":"bzg9y3flbaqjj1j7","time":1613414215,"event":{"mods":["100% Spire Juice","AchievementEnabler","Aspiration","BaseMod","Challenge The Spire","Dark Map","Ekko","Hubris","Infinite Spire","Lobotomy","LobotomyExtend","Marisa????????","Marked Mod","Minty Spire (QoL Compilation)","Permanent Neow","Poor People Problems","Prisma Mod","Quick Restart","Rare Cards Sparkle","Reimu??????","Remilia??????","Replay The Spire","Shop Mod","Spicy Shops","Spire Arcade","StSLib","The Animator","The Blue Laboratory","Waifu the Spire"],"gold_per_floor":[118,118,118,118,132,170,194,194,194,214,11,11,25,48,48,48,48],"floor_reached":16,"language":"ENG","playtime":965,"items_purged":[],"score":127,"play_id":"a26a7e5e-3981-45a5-bdf9-b01572eade5a","local_time":"20210215150655","is_ascension_mode":false,"campfire_choices":[{"data":"Infernal Blade","floor":15,"key":"SMITH"}],"circlet_count":0,"master_deck":["Strike_R","Strike_R","Strike_R","Strike_R","Strike_R","Defend_R","Defend_R","Defend_R","Bash","Anger","Replay:Undeath\u0027s Touch","ReplayTheSpireMod:Limb From Limb+1","Twin Strike","Twin Strike","Twin Strike","Twin Strike","Infernal Blade+1"],"relics":["Burning Blood","aspiration:Nostalgia","MiniHakkero","LetterFromLob","Golden Idol","hubris:Towel","Replay:Multitool","Another Sword","MerchantsRug","infinitespire:Broken Mirror"],"acts_visited":["Exordium"],"potions_floor_usage":[13],"damage_taken":[{"damage":12.0,"enemies":"Small Slimes","floor":1.0,"turns":4.0},{"damage":3.0,"enemies":"Jaw Worm","floor":5.0,"turns":3.0},{"damage":39.0,"enemies":"3 Sentries","floor":6.0,"turns":8.0},{"damage":8.0,"enemies":"2 Louse","floor":7.0,"turns":3.0},{"damage":15.0,"enemies":"Exordium Thugs","floor":10.0,"turns":3.0},{"damage":0,"enemies":"3 Louse","floor":13,"turns":2},{"damage":0,"enemies":"Large Slime","floor":14,"turns":4},{"damage":55,"enemies":"The Guardian","floor":16,"turns":9}],"seed_played":"-5916035473618188617","potions_obtained":[{"floor":1.0,"key":"Weak Potion"},{"floor":10.0,"key":"SkillPotion"},{"floor":14,"key":"blueLaboratory:EnragingPotion"}],"is_trial":false,"path_per_floor":["M","?","?","?","M","E","M","R","T","M","$","?","M","M","R","B"],"character_chosen":"IRONCLAD","items_purchased":["MerchantsRug","Twin Strike"],"campfire_rested":0,"item_purchase_floors":[11,11],"current_hp_per_floor":[74,67,67,67,70,37,35,57,57,48,48,41,47,53,53,0,0],"gold":48,"neow_bonus":"NOSTALGIA","is_daily":false,"chose_seed":false,"campfire_upgraded":1,"win_rate":0.0,"timestamp":1613414215,"path_taken":["M","?","?","?","M","E","M","R","T","M","$","?","M","M","R","BOSS"],"items_purchased_type":["Relic","Card"],"build_version":"2020-12-22","purchased_purges":0,"victory":false,"max_hp_per_floor":[80,80,74,74,74,74,74,74,74,74,74,74,74,74,74,74,74],"card_choices":[{"not_picked":["hubris:ReadiedAction","Perfected Strike"],"picked":"Anger","floor":1.0},{"not_picked":["Body Slam","Whirlwind"],"picked":"Replay:Undeath\u0027s Touch","floor":5.0},{"not_picked":["Thunderclap","Body Slam"],"picked":"ReplayTheSpireMod:Limb From Limb","floor":6.0},{"not_picked":["ReplayTheSpireMod:Strike From Hell","Entrench","Body Slam"],"picked":"SKIP","floor":7.0},{"not_picked":["Pummel","Sword Boomerang"],"picked":"Twin Strike","floor":10.0},{"not_picked":["Shockwave","Clothesline"],"picked":"Twin Strike","floor":13},{"not_picked":["Feed","Iron Wave"],"picked":"Infernal Blade","floor":14}],"player_experience":186229,"relics_obtained":[{"floor":1.0,"key":"LetterFromLob"},{"floor":6.0,"key":"Replay:Multitool"},{"floor":9.0,"key":"Another Sword"}],"event_choices":[{"cards_removed":["Defend_R"],"damage_healed":0.0,"max_hp_gain":0.0,"max_hp_loss":0.0,"gold_gain":0.0,"event_name":"Golden Wing","player_choice":"Card Removal","floor":2.0,"gold_loss":0.0,"damage_taken":7.0},{"damage_healed":0.0,"max_hp_gain":0.0,"max_hp_loss":6.0,"gold_gain":0.0,"event_name":"Golden Idol","player_choice":"Lose Max HP","floor":3.0,"gold_loss":0.0,"damage_taken":0.0,"relics_obtained":["Golden Idol"]},{"damage_healed":0.0,"max_hp_gain":0.0,"max_hp_loss":0.0,"gold_gain":0.0,"event_name":"Scrap Ooze","player_choice":"Success","floor":12.0,"gold_loss":0.0,"damage_taken":7.0,"relics_obtained":["infinitespire:Broken Mirror"]}],"is_beta":false,"boss_relics":[],"items_purged_floors":[],"is_endless":false,"potions_floor_spawned":[1,10,14],"killed_by":"The Guardian","ascension_level":0}}