{"host":"dztixnx9b0gu6w9i","time":1613417175,"event":{"mods":["BaseMod","Bestiary","Minty Spire (QoL Compilation)","Relic Stats","Slay the Relics Exporter","SpireBot","ojb\u0027s Better Paths Mod","ojb\u0027s Info Mod"],"gold_per_floor":[114,114,114,128,149,149,193,130,155,155,155],"floor_reached":10,"language":"ENG","playtime":446,"items_purged":[],"score":132,"play_id":"cb23ac1a-d9be-4b0f-817c-8fe915ea1bd9","local_time":"20210215142615","is_ascension_mode":true,"campfire_choices":[{"floor":6.0,"key":"REST"}],"circlet_count":0,"master_deck":["AscendersBane","Strike_B","Strike_B","Strike_B","Strike_B","Defend_B","Defend_B","Defend_B","Defend_B","Zap","Dualcast","Mayhem","Beam Cell","Sweeping Beam","Go for the Eyes","Compile Driver"],"relics":["Cracked Core","Golden Idol","Bag of Marbles","InkBottle","Pen Nib"],"acts_visited":["Exordium"],"potions_floor_usage":[10],"damage_taken":[{"damage":2.0,"enemies":"2 Louse","floor":1.0,"turns":2.0},{"damage":0.0,"enemies":"Small Slimes","floor":4.0,"turns":2.0},{"damage":7.0,"enemies":"Jaw Worm","floor":5.0,"turns":2.0},{"damage":30.0,"enemies":"3 Sentries","floor":7.0,"turns":7.0},{"damage":5,"enemies":"Gremlin Nob","floor":10,"turns":2}],"seed_played":"4967680157933351113","potions_obtained":[{"floor":1.0,"key":"Block Potion"},{"floor":7.0,"key":"DuplicationPotion"}],"is_trial":false,"path_per_floor":["M","?","?","M","M","R","E","?","T","E"],"character_chosen":"DEFECT","items_purchased":[],"campfire_rested":1,"item_purchase_floors":[],"current_hp_per_floor":[62,58,23,23,16,33,3,3,3,0,0],"gold":155,"neow_bonus":"RANDOM_COLORLESS_2","is_daily":false,"chose_seed":false,"campfire_upgraded":0,"win_rate":0.0,"timestamp":1613417175,"path_taken":["M","?","?","M","M","R","E","?","T","E"],"items_purchased_type":[],"build_version":"2020-12-22","purchased_purges":0,"victory":false,"max_hp_per_floor":[64,58,58,58,58,58,58,58,58,58,58],"relic_stats":{"counters":[5,15],"Golden Idol":16,"Pen Nib":[0],"obtain_stats":[{"Golden Idol":2,"Pen Nib":9,"Bag of Marbles":3,"Cracked Core":0,"InkBottle":7},{"Golden Idol":1,"Pen Nib":4,"Bag of Marbles":1,"Cracked Core":0,"InkBottle":4},{"Golden Idol":2,"Pen Nib":13,"Bag of Marbles":2,"Cracked Core":0,"InkBottle":13}],"InkBottle":[1]},"card_choices":[{"not_picked":["Transmutation","Metamorphosis"],"picked":"Mayhem","floor":0.0},{"not_picked":["Reprogram","Undo"],"picked":"Beam Cell","floor":1.0},{"not_picked":["Conserve Battery","Turbo"],"picked":"Sweeping Beam","floor":4.0},{"not_picked":["Amplify","Conserve Battery"],"picked":"Go for the Eyes","floor":5.0},{"not_picked":["Rebound","Thunder Strike"],"picked":"Compile Driver","floor":7.0}],"player_experience":8632923,"relics_obtained":[{"floor":7.0,"key":"InkBottle"},{"floor":9.0,"key":"Pen Nib"}],"event_choices":[{"damage_healed":0.0,"max_hp_gain":0.0,"max_hp_loss":6.0,"gold_gain":0.0,"event_name":"Golden Idol","player_choice":"Lose Max HP","floor":2.0,"gold_loss":0.0,"damage_taken":0.0,"relics_obtained":["Golden Idol"]},{"damage_healed":0.0,"max_hp_gain":0.0,"max_hp_loss":0.0,"gold_gain":0.0,"event_name":"Scrap Ooze","player_choice":"Success","floor":3.0,"gold_loss":0.0,"damage_taken":35.0,"relics_obtained":["Bag of Marbles"]},{"damage_healed":0.0,"max_hp_gain":0.0,"max_hp_loss":0.0,"gold_gain":0.0,"event_name":"World of Goop","player_choice":"Left Gold","floor":8.0,"gold_loss":63.0,"damage_taken":0.0}],"is_beta":false,"boss_relics":[],"items_purged_floors":[],"is_endless":false,"potions_floor_spawned":[1,7],"killed_by":"Gremlin Nob","ascension_level":20}}