{"host":"6z6y4ky8uzsz1dpj","time":1613423676,"event":{"mods":["AchievementEnabler","BaseMod","BetterRewards","Challenge The Spire","Colored Map","Hubris","Minty Spire (QoL Compilation)","Quick Restart","Relic Stats","Replay The Spire","StSLib"],"gold_per_floor":[112,15,35,35,47,61,61,93,117,143,143,155,155,181,181,285,285,300,313,313,313,313],"floor_reached":21,"language":"ENG","playtime":730,"items_purged":["Strike_G"],"score":343,"play_id":"f0eff706-fd49-48d5-a96a-39a2b9121c4f","local_time":"20210215161436","is_ascension_mode":true,"campfire_choices":[{"data":"Night Terror","floor":7.0,"key":"SMITH"},{"floor":11.0,"key":"REST"},{"floor":13.0,"key":"REST"},{"floor":15.0,"key":"REST"}],"circlet_count":0,"master_deck":["AscendersBane","Survivor","Neutralize","Replay:Poison Smokescreen+1","Poisoned Stab","Infinite Blades+1","Bouncing Flask","Poisoned Stab","Night Terror+1","Atom Bomb","Noxious Fumes","Poisoned Stab+1","Noxious Fumes","Blur","Footwork","Infinite Blades","hubris:Sniper","hubris:TrickCloak","hubris:SlightOfHand","hubris:Counter","Storm of Steel","Corpse Explosion","ReplayTheSpireMod:Scrap Shanks","Poisoned Stab+1","Dodge and Roll"],"relics":["Ring of the Snake","Byrd Skull","Guide Book","Gremlin Food","Bronze Scales","Ancient Tea Set","Lantern","Pandora\u0027s Box"],"acts_visited":["Exordium","TheCity"],"potions_floor_usage":[21],"damage_taken":[{"damage":0.0,"enemies":"Jaw Worm","floor":1.0,"turns":3.0},{"damage":1.0,"enemies":"Cultist","floor":3.0,"turns":3.0},{"damage":0.0,"enemies":"2 Louse","floor":5.0,"turns":2.0},{"damage":20.0,"enemies":"2 Fungi Beasts","floor":6.0,"turns":5.0},{"damage":17.0,"enemies":"3 Sentries","floor":8.0,"turns":8.0},{"damage":17.0,"enemies":"Lagavulin","floor":10.0,"turns":6.0},{"damage":0.0,"enemies":"Blue Slaver","floor":12.0,"turns":2.0},{"damage":22.0,"enemies":"3 Sentries","floor":14.0,"turns":5.0},{"damage":19.0,"enemies":"Slime Boss","floor":16.0,"turns":7.0},{"damage":24.0,"enemies":"3 Byrds","floor":18.0,"turns":3.0},{"damage":17.0,"enemies":"Shell Parasite","floor":19.0,"turns":5.0},{"damage":23,"enemies":"Cultist and Chosen","floor":21,"turns":4}],"seed_played":"5707464197006398539","potions_obtained":[{"floor":3.0,"key":"Milkshake"},{"floor":6.0,"key":"Explosive Potion"},{"floor":10.0,"key":"Elixir"},{"floor":14.0,"key":"Flashbang"},{"floor":19.0,"key":"PowerPotion"}],"is_trial":false,"path_per_floor":["M","$","M","?","M","M","R","E","T","E","R","M","R","E","R","B",null,"M","M","?","M"],"character_chosen":"THE_SILENT","items_purchased":["Replay:Poison Smokescreen","Poisoned Stab","Infinite Blades","Guide Book","Poisoned Stab"],"campfire_rested":3,"item_purchase_floors":[0,0,0,0,2],"current_hp_per_floor":[56,56,55,55,55,35,35,18,18,1,22,22,43,21,42,23,58,34,17,17,0,0],"gold":313,"neow_bonus":"","is_daily":false,"chose_seed":false,"campfire_upgraded":1,"win_rate":0.0,"timestamp":1613423676,"path_taken":["M","$","M","?","?","M","R","E","T","E","R","M","R","E","R","BOSS","M","M","?","M"],"items_purchased_type":["Card","Card","Card","Relic","Card"],"build_version":"2020-12-22","purchased_purges":1,"victory":false,"max_hp_per_floor":[70,70,70,70,70,70,70,70,70,70,70,70,70,70,70,70,70,70,70,70,70,70],"relic_stats":{"counters":[96,441],"Bronze Scales":[108],"Pandora\u0027s Box":["Footwork","Infinite Blades","hubris:Sniper","hubris:TrickCloak","hubris:SlightOfHand","hubris:Counter","Storm of Steel","Corpse Explosion"],"obtain_stats":[{"Tiny House":17,"Calipers":0,"Gremlin Horn":23,"CeramicFish":23,"hubris:VirtuousBlindfold":17,"Boot":8,"HornCleat":38,"Replay:Bronze Core":17,"Iron Hammer":9,"Kunai":43,"Toxic Egg 2":28,"Byrd Skull":0,"Replay:Bottled Steam":26,"Girya":43,"Counterbalance":0,"Oddly Smooth Stone":25,"hubris:SphereOfDissonance":48,"Akabeko":24,"Du-Vu Doll":0,"SlaversCollar":34,"ReplayTheSpireMod:Shallot":26,"Shuriken":13,"Bronze Scales":9,"hubris:PeanutButter":28,"Pandora\u0027s Box":17,"ReplayTheSpireMod:TigerMarble":23,"Lantern":28,"StoneCalendar":0,"Snake Skull":9,"Bag of Preparation":25,"hubris:SlimyHat":25,"Ancient Tea Set":10,"Pet Ghost":7,"Tough Bandages":41,"Nunchaku":34,"Replay:Bandana":7,"Mummified Hand":40,"Red Mask":39,"Ring of the Snake":0,"hubris:GlazedTorus":47,"Gremlin Food":8,"hubris:DisguiseKit":34,"ReplayTheSpireMod:Ninjato":6,"Golden Idol":3,"Quantum Egg":31,"Guide Book":36,"Basket Of Snakes":0,"Thread and Needle":0,"hubris:Towel":21,"Frozen Egg 2":28,"Orichalcum":29,"MawBank":26,"Calling Bell":34,"CaptainsWheel":0,"Anchor":9,"Ectoplasm":17,"Membership Card":0,"hubris:Potato":14,"hubris:OldNail":10,"TungstenRod":14},{"Tiny House":8,"Calipers":16,"Gremlin Horn":12,"CeramicFish":83,"hubris:VirtuousBlindfold":25,"Boot":44,"HornCleat":37,"Replay:Bronze Core":79,"Iron Hammer":4,"Kunai":39,"Toxic Egg 2":58,"Byrd Skull":84,"Replay:Bottled Steam":56,"Girya":65,"Counterbalance":16,"Oddly Smooth Stone":13,"hubris:SphereOfDissonance":41,"Akabeko":29,"Du-Vu Doll":71,"SlaversCollar":35,"ReplayTheSpireMod:Shallot":13,"Shuriken":77,"Bronze Scales":89,"hubris:PeanutButter":31,"Pandora\u0027s Box":93,"ReplayTheSpireMod:TigerMarble":55,"Lantern":14,"StoneCalendar":71,"Snake Skull":76,"Bag of Preparation":30,"hubris:SlimyHat":56,"Ancient Tea Set":90,"Pet Ghost":4,"Tough Bandages":39,"Nunchaku":60,"Replay:Bandana":76,"Mummified Hand":63,"Red Mask":62,"Ring of the Snake":0,"hubris:GlazedTorus":69,"Gremlin Food":21,"hubris:DisguiseKit":60,"ReplayTheSpireMod:Ninjato":44,"Golden Idol":73,"Quantum Egg":34,"Guide Book":36,"Basket Of Snakes":42,"Thread and Needle":71,"hubris:Towel":11,"Frozen Egg 2":31,"Orichalcum":32,"MawBank":30,"Calling Bell":60,"CaptainsWheel":0,"Anchor":44,"Ectoplasm":50,"Membership Card":16,"hubris:Potato":7,"hubris:OldNail":22,"TungstenRod":49},{"Tiny House":42,"Calipers":85,"Gremlin Horn":65,"CeramicFish":384,"hubris:VirtuousBlindfold":140,"Boot":251,"HornCleat":211,"Replay:Bronze Core":370,"Iron Hammer":17,"Kunai":223,"Toxic Egg 2":299,"Byrd Skull":388,"Replay:Bottled Steam":294,"Girya":319,"Counterbalance":85,"Oddly Smooth Stone":70,"hubris:SphereOfDissonance":235,"Akabeko":162,"Du-Vu Doll":332,"SlaversCollar":201,"ReplayTheSpireMod:Shallot":70,"Shuriken":359,"Bronze Scales":409,"hubris:PeanutButter":173,"Pandora\u0027s Box":429,"ReplayTheSpireMod:TigerMarble":291,"Lantern":76,"StoneCalendar":332,"Snake Skull":355,"Bag of Preparation":168,"hubris:SlimyHat":294,"Ancient Tea Set":415,"Pet Ghost":17,"Tough Bandages":223,"Nunchaku":305,"Replay:Bandana":355,"Mummified Hand":313,"Red Mask":310,"Ring of the Snake":0,"hubris:GlazedTorus":327,"Gremlin Food":113,"hubris:DisguiseKit":305,"ReplayTheSpireMod:Ninjato":251,"Golden Idol":338,"Quantum Egg":190,"Guide Book":206,"Basket Of Snakes":243,"Thread and Needle":332,"hubris:Towel":56,"Frozen Egg 2":173,"Orichalcum":179,"MawBank":168,"Calling Bell":305,"CaptainsWheel":0,"Anchor":251,"Ectoplasm":271,"Membership Card":85,"hubris:Potato":31,"hubris:OldNail":121,"TungstenRod":265}],"Ring of the Snake":[192]},"card_choices":[{"not_picked":["Tactician","Distraction"],"picked":"Bouncing Flask","floor":1.0},{"not_picked":["Flying Knee","Dagger Throw","Slice"],"picked":"SKIP","floor":3.0},{"not_picked":["Dodge and Roll","Quick Slash"],"picked":"Atom Bomb","floor":5.0},{"not_picked":["Poisoned Stab","Blur"],"picked":"Noxious Fumes","floor":6.0},{"not_picked":["Backflip","Quick Slash","Reflex"],"picked":"SKIP","floor":8.0},{"not_picked":["Predator","Blade Dance"],"picked":"Poisoned Stab","floor":10.0},{"not_picked":["Accuracy","Sucker Punch"],"picked":"Noxious Fumes","floor":12.0},{"not_picked":["Blade Dance","Glass Knife"],"picked":"Blur","floor":14.0},{"not_picked":["Quick Slash+1","Sucker Punch"],"picked":"ReplayTheSpireMod:Scrap Shanks","floor":18.0},{"not_picked":["Dodge and Roll","Masterful Stab"],"picked":"Poisoned Stab+1","floor":19.0}],"player_experience":623918,"relics_obtained":[{"floor":8.0,"key":"Gremlin Food"},{"floor":9.0,"key":"Bronze Scales"},{"floor":10.0,"key":"Ancient Tea Set"},{"floor":14.0,"key":"Lantern"}],"event_choices":[{"damage_healed":0.0,"max_hp_gain":0.0,"max_hp_loss":0.0,"gold_gain":0.0,"cards_transformed":["Strike_G"],"event_name":"Transmorgrifier","player_choice":"Transformed","floor":4.0,"gold_loss":0.0,"damage_taken":0.0,"cards_obtained":["Night Terror"]},{"damage_healed":0.0,"max_hp_gain":0.0,"max_hp_loss":0.0,"gold_gain":0.0,"event_name":"The Library","player_choice":"Read","floor":20.0,"gold_loss":0.0,"damage_taken":0.0,"cards_obtained":["Dodge and Roll"]}],"is_beta":false,"boss_relics":[{"not_picked":["Black Star","Empty Cage"],"picked":"Pandora\u0027s Box"}],"items_purged_floors":[2],"is_endless":false,"potions_floor_spawned":[3,6,10,14,16,19],"killed_by":"Cultist and Chosen","ascension_level":12}}