{"host":"kg61lsvem4dxoat8","time":1613408890,"event":{"mods":["AchievementEnabler","BaseMod","Better Altar","Better Match","Better Sensory Stone","Better Skull","Block Reminder","Highlight Path","Minty Spire (QoL Compilation)","Quick Restart","Rare Cards Sparkle","Relic Sorter","Relic Stats","StSLib","Synergy Search","slay the spire mod where everything is the same but ironclad has a cowboy hat"],"gold_per_floor":[111,111,111,10,26,58,72,72,72,72,88,105,133,133,133,236,236,161,161,86,86,86],"floor_reached":21,"language":"ENG","playtime":372,"items_purged":["Strike_R"],"score":321,"play_id":"4dd908b8-7618-4b82-a6af-2c5d39d0a125","local_time":"20210216010810","is_ascension_mode":true,"campfire_choices":[{"data":"Carnage","floor":8,"key":"SMITH"},{"floor":15,"key":"DIG"}],"circlet_count":0,"master_deck":["AscendersBane","Strike_R","Strike_R","Defend_R","Defend_R","Defend_R","Defend_R","Bash","Thunderclap","Carnage+1","Double Tap"],"relics":["Burning Blood","NeowsBlessing","Thread and Needle","Blue Candle","Shovel","StrikeDummy","Ectoplasm"],"acts_visited":["Exordium","TheCity"],"potions_floor_usage":[16,16,19],"damage_taken":[{"damage":0,"enemies":"Jaw Worm","floor":1,"turns":1},{"damage":0,"enemies":"Small Slimes","floor":5,"turns":1},{"damage":0,"enemies":"3 Sentries","floor":6,"turns":1},{"damage":0,"enemies":"2 Louse","floor":7,"turns":4},{"damage":35,"enemies":"Lots of Slimes","floor":11,"turns":4},{"damage":9,"enemies":"Large Slime","floor":12,"turns":4},{"damage":17,"enemies":"Gremlin Nob","floor":13,"turns":4},{"damage":24,"enemies":"Slime Boss","floor":16,"turns":7},{"damage":34,"enemies":"2 Thieves","floor":18,"turns":5},{"damage":8,"enemies":"3 Byrds","floor":19,"turns":6},{"damage":0,"enemies":"Shelled Parasite and Fungi","floor":21,"turns":1}],"seed_played":"-720581611908381686","potions_obtained":[{"floor":6,"key":"Dexterity Potion"},{"floor":7,"key":"SteroidPotion"},{"floor":19,"key":"PowerPotion"}],"is_trial":false,"path_per_floor":["M","?","?","$","M","E","M","R","T","$","M","M","E","?","R","B",null,"M","M","$","M"],"character_chosen":"IRONCLAD","items_purchased":["CultistPotion"],"campfire_rested":0,"item_purchase_floors":[4],"current_hp_per_floor":[78,78,83,83,85,85,85,85,85,85,56,53,42,42,42,24,70,42,40,40,40,40],"gold":86,"neow_bonus":"THREE_ENEMY_KILL","is_daily":false,"chose_seed":false,"campfire_upgraded":1,"win_rate":0.0,"timestamp":1613408890,"path_taken":["M","?","?","?","M","E","M","R","T","$","?","M","E","?","R","BOSS","M","M","$","?"],"items_purchased_type":["Potion"],"build_version":"2020-12-22","purchased_purges":1,"victory":false,"max_hp_per_floor":[80,80,85,85,85,85,85,85,85,85,85,85,85,85,85,85,85,85,85,85,85,85],"relic_stats":{"Shovel":1,"counters":[11,37],"Blue Candle":[0],"Ectoplasm":97,"obtain_stats":[{"Shovel":13,"NeowsBlessing":0,"Blue Candle":9,"Thread and Needle":6,"Ectoplasm":17,"StrikeDummy":15,"Burning Blood":0},{"Shovel":7,"NeowsBlessing":0,"Blue Candle":4,"Thread and Needle":3,"Ectoplasm":8,"StrikeDummy":7,"Burning Blood":0},{"Shovel":19,"NeowsBlessing":0,"Blue Candle":7,"Thread and Needle":3,"Ectoplasm":26,"StrikeDummy":19,"Burning Blood":0}],"Burning Blood":44},"card_choices":[{"not_picked":["Clothesline","Blood for Blood"],"picked":"Thunderclap","floor":1},{"not_picked":["Seeing Red","Twin Strike","Combust"],"picked":"SKIP","floor":5},{"not_picked":["Clothesline","Bloodletting","Sentinel"],"picked":"SKIP","floor":6},{"not_picked":["Warcry","Cleave"],"picked":"Carnage","floor":7},{"not_picked":["Havoc","Anger","Sentinel"],"picked":"SKIP","floor":11},{"not_picked":["Flex","Perfected Strike","Body Slam"],"picked":"SKIP","floor":12},{"not_picked":["Bludgeon","Dual Wield","Carnage"],"picked":"SKIP","floor":13},{"not_picked":["Reaper","Bludgeon"],"picked":"Double Tap","floor":16},{"not_picked":["Clothesline+1","Reckless Charge","Headbutt+1"],"picked":"SKIP","floor":18},{"not_picked":["Shrug It Off","Sentinel","Warcry"],"picked":"SKIP","floor":19}],"player_experience":1544210,"relics_obtained":[{"floor":6,"key":"Thread and Needle"},{"floor":9,"key":"Blue Candle"},{"floor":13,"key":"Shovel"},{"floor":15,"key":"StrikeDummy"}],"event_choices":[{"cards_removed":["Strike_R"],"damage_healed":0,"gold_gain":0,"player_choice":"Forget","damage_taken":0,"max_hp_gain":0,"max_hp_loss":0,"event_name":"Living Wall","floor":2,"gold_loss":0},{"damage_healed":0,"gold_gain":0,"player_choice":"Donut","damage_taken":0,"max_hp_gain":5,"max_hp_loss":0,"event_name":"Big Fish","floor":3,"gold_loss":0},{"cards_removed":["Strike_R"],"damage_healed":0,"gold_gain":0,"player_choice":"Offered Basic","damage_taken":0,"max_hp_gain":0,"max_hp_loss":0,"event_name":"Bonfire Elementals","floor":14,"gold_loss":0}],"is_beta":false,"boss_relics":[{"not_picked":["SacredBark","Black Blood"],"picked":"Ectoplasm"}],"items_purged_floors":[20],"is_endless":false,"potions_floor_spawned":[6,7,11,12,19],"killed_by":"Shelled Parasite and Fungi","ascension_level":10}}