{"host":"n5x0e04y88v3omrc","time":1613400396,"event":{"mods":["Aspiration","BaseMod","Colored Powertips","Downfall","Minty Spire (QoL Compilation)","Replay The Spire","Shop Mod","StSLib"],"gold_per_floor":[119,38,38,54,129,156,170,170,251,251,262,262,293,309,309,406,406,421,150,170,14,14,45,45,45,45,45,57,57,109,140,140,237,237,248,265,265,265,265,292,292,318,341,360,379,46,46,60,60,60],"floor_reached":51,"language":"ZHS","playtime":8720,"items_purged":["Defend_R","Strike_R","Strike_R"],"score":728,"play_id":"e560e060-52d6-4915-a141-4003e4488de0","local_time":"20210215224636","is_ascension_mode":true,"campfire_choices":[{"data":"Inflame","floor":8,"key":"SMITH"},{"data":"Rupture","floor":10,"key":"SMITH"},{"data":"Bash","floor":12,"key":"SMITH"},{"floor":15,"key":"DIG"},{"data":"Immolate","floor":25,"key":"SMITH"},{"data":"Heavy Blade","floor":27,"key":"SMITH"},{"floor":29,"key":"REST"},{"floor":32,"key":"REST"},{"data":"Limit Break","floor":41,"key":"SMITH"},{"data":"Demon Form","floor":47,"key":"SMITH"},{"data":"Double Tap","floor":49,"key":"SMITH"}],"circlet_count":0,"master_deck":["Strike_R","Strike_R+1","Strike_R","Defend_R+1","Defend_R","Bash+1","Inflame+1","Rupture+1","Pommel Strike","Battle Trance+1","Immolate+1","Combust","Demon Form+1","Thunderclap","Heavy Blade+1","ReplayTheSpireMod:Uncanny Aura","Amnesia","Rampage","Combust","ReplayTheSpireMod:Limb From Limb+1","Life Link+1","Rage","Limit Break+1","Blood for Blood+1","Thinking Ahead","Bloodletting+1","Flex","Dual Wield+1","Spot Weakness","Double Tap+1"],"relics":["Burning Blood","NeowsBlessing","Oddly Smooth Stone","Self Forming Clay","Replay:Ringing Soul","War Paint","bronze:MakeshiftBattery","MerchantsRug","Ring of Fury","ReplayTheSpireMod:Ring of Exchange","Toy Ornithopter","champ:DeflectingBracers","Bottled Lightning","aspiration:FetidBarrel","Coffee Dripper","Blue Candle","Nunchaku","Boot","Vajra","Strawberry"],"acts_visited":["Exordium","TheCity","TheBeyond"],"potions_floor_usage":[13,16,23,42,44,50],"damage_taken":[{"damage":0,"enemies":"Cultist","floor":1,"turns":1},{"damage":0,"enemies":"Jaw Worm","floor":4,"turns":1},{"damage":0,"enemies":"Small Slimes","floor":7,"turns":1},{"damage":5,"enemies":"Looter","floor":11,"turns":4},{"damage":14,"enemies":"Gremlin Nob","floor":13,"turns":3},{"damage":9,"enemies":"2 Fungi Beasts","floor":14,"turns":2},{"damage":3,"enemies":"Slime Boss","floor":16,"turns":4},{"damage":19,"enemies":"2 Thieves","floor":18,"turns":4},{"damage":18,"enemies":"Shell Parasite","floor":20,"turns":4},{"damage":58,"enemies":"Gremlin Leader","floor":23,"turns":5},{"damage":18,"enemies":"Snake Plant","floor":28,"turns":4},{"damage":18,"enemies":"Book of Stabbing","floor":31,"turns":3},{"damage":49,"enemies":"Automaton","floor":33,"turns":6},{"damage":10,"enemies":"3 Shapes","floor":35,"turns":2},{"damage":11,"enemies":"Orb Walker","floor":36,"turns":2},{"damage":30,"enemies":"R_Hoarder","floor":40,"turns":4},{"damage":33,"enemies":"Reptomancer","floor":42,"turns":3},{"damage":23,"enemies":"Maw","floor":44,"turns":5},{"damage":4,"enemies":"3 Darklings","floor":45,"turns":2},{"damage":3,"enemies":"Sphere and 2 Shapes","floor":48,"turns":3},{"damage":36,"enemies":"Replay:Hell Engine","floor":50,"turns":6}],"seed_played":"-6591799958698218003","potions_obtained":[{"floor":1,"key":"SpeedPotion"},{"floor":4,"key":"Fire Potion"},{"floor":11,"key":"FearPotion"},{"floor":14,"key":"Fire Potion"},{"floor":20,"key":"Regen Potion"},{"floor":30,"key":"Milkshake"},{"floor":33,"key":"SkillPotion"},{"floor":35,"key":"BlessingOfTheForge"},{"floor":42,"key":"SkillPotion"},{"floor":44,"key":"Reflective Coating"},{"floor":45,"key":"FearPotion"}],"is_trial":false,"path_per_floor":["M","$","?","M","?","T","M","R","T","R","M","R","E","M","R","B",null,"M","$","M","$","?","E","?","R","T","R","M","R","?","E","R","B",null,"M","M","?","?","?","E","R","E","T","M","M","$","R","M","R","B",null],"character_chosen":"IRONCLAD","items_purchased":["Rupture","Heavy Blade","MerchantsRug","ReplayTheSpireMod:Uncanny Aura","Strawberry","Spot Weakness"],"campfire_rested":2,"item_purchase_floors":[2,19,19,21,46,46],"current_hp_per_floor":[80,80,64,70,59,59,65,65,65,65,66,66,61,61,61,67,89,79,82,70,73,76,39,42,42,42,42,33,66,42,33,67,27,119,118,113,113,116,111,90,90,68,68,59,64,74,74,80,80,55],"gold":60,"neow_bonus":"THREE_ENEMY_KILL","is_daily":false,"chose_seed":false,"campfire_upgraded":8,"win_rate":0.0,"timestamp":1613400396,"path_taken":["M","?","?","M","?","?","M","R","T","R","M","R","E","M","R","BOSS","M","$","M","$","?","E","?","R","T","R","?","R","?","E","R","BOSS","M","?","?","?","?","E","R","E","T","M","M","?","R","M","R","BOSS"],"items_purchased_type":["Card","Card","Relic","Card","Relic","Card"],"build_version":"2020-12-22","purchased_purges":3,"victory":true,"max_hp_per_floor":[80,80,80,80,80,80,80,80,80,80,80,80,83,86,86,89,89,92,95,95,98,101,104,107,107,107,107,110,110,113,116,116,119,119,122,122,122,125,125,128,128,128,128,131,134,144,144,147,147,147],"card_choices":[{"not_picked":["Uppercut","ReplayTheSpireMod:Stacked"],"picked":"Inflame","floor":1},{"not_picked":["Burning Pact","Metallicize","ReplayTheSpireMod:Strike From Hell"],"picked":"SKIP","floor":4},{"not_picked":["Replay:Undeath\u0027s Touch","Sentinel"],"picked":"Pommel Strike","floor":7},{"not_picked":["Run Through","Shockwave"],"picked":"Battle Trance","floor":11},{"not_picked":["ReplayTheSpireMod:Strike From Hell","Wild Strike"],"picked":"Immolate","floor":13},{"not_picked":["Clash","Dual Wield"],"picked":"Combust","floor":14},{"not_picked":["Demonic Infusion","Offering"],"picked":"Demon Form","floor":16},{"not_picked":["Warcry","Armaments"],"picked":"Thunderclap","floor":18},{"not_picked":["Juggernaut","Iron Wave","True Grit"],"picked":"SKIP","floor":20},{"not_picked":["Warcry","Power Through"],"picked":"Rampage","floor":23},{"not_picked":["Headbutt+1","Hemogenesis"],"picked":"ReplayTheSpireMod:Limb From Limb+1","floor":28},{"not_picked":["Rage","True Grit+1"],"picked":"Life Link+1","floor":30},{"not_picked":["Warcry","Shockwave"],"picked":"Rage","floor":31},{"not_picked":["Exhume","Eclipse"],"picked":"Limit Break","floor":33},{"not_picked":["Defy Death","ReplayTheSpireMod:Muscle Training"],"picked":"Blood for Blood+1","floor":35},{"not_picked":["Run Through+1","Havoc+1","Pommel Strike+1"],"picked":"SKIP","floor":36},{"not_picked":["Replay:Sssssssssshield","Trip"],"picked":"Thinking Ahead","floor":38},{"not_picked":["Demon Form","Shrug It Off+1"],"picked":"Bloodletting+1","floor":40},{"not_picked":["Defy Death","Rampage+1","Shrug It Off+1"],"picked":"SKIP","floor":42},{"not_picked":["True Grit","Clothesline"],"picked":"Flex","floor":44},{"not_picked":["Infernal Blade+1","Pommel Strike"],"picked":"Dual Wield+1","floor":45},{"not_picked":["Wild Strike+1","Shrug It Off"],"picked":"Double Tap","floor":48}],"player_experience":47714,"relics_obtained":[{"floor":6,"key":"Oddly Smooth Stone"},{"floor":9,"key":"Self Forming Clay"},{"floor":13,"key":"Replay:Ringing Soul"},{"floor":15,"key":"War Paint"},{"floor":22,"key":"Ring of Fury"},{"floor":22,"key":"ReplayTheSpireMod:Ring of Exchange"},{"floor":23,"key":"Toy Ornithopter"},{"floor":26,"key":"champ:DeflectingBracers"},{"floor":30,"key":"Bottled Lightning"},{"floor":31,"key":"aspiration:FetidBarrel"},{"floor":40,"key":"Nunchaku"},{"floor":42,"key":"Boot"},{"floor":43,"key":"Vajra"}],"event_choices":[{"damage_healed":0,"gold_gain":0,"player_choice":"Entered Light","damage_taken":16,"max_hp_gain":0,"max_hp_loss":0,"event_name":"Shining Light","floor":3,"gold_loss":0,"cards_upgraded":["Defend_R","Strike_R"]},{"damage_healed":0,"gold_gain":75,"player_choice":"Gather Gold","damage_taken":11,"max_hp_gain":0,"max_hp_loss":0,"event_name":"World of Goop","floor":5,"gold_loss":0},{"damage_healed":0,"gold_gain":0,"player_choice":"Copied","damage_taken":0,"max_hp_gain":0,"max_hp_loss":0,"event_name":"Duplicator","floor":24,"gold_loss":0,"cards_obtained":["Combust"]},{"cards_removed":["Defend_R"],"damage_healed":0,"gold_gain":0,"player_choice":"Removed Skill","damage_taken":0,"max_hp_gain":0,"max_hp_loss":0,"event_name":"Falling","floor":37,"gold_loss":0},{"damage_healed":0,"gold_gain":0,"player_choice":"Memory 1","damage_taken":0,"max_hp_gain":0,"max_hp_loss":0,"event_name":"SensoryStone","floor":38,"gold_loss":0}],"is_beta":false,"boss_relics":[{"not_picked":["ChewingGum","Runic Pyramid"],"picked":"bronze:MakeshiftBattery"},{"not_picked":["champ:Barbells","Runic Dome"],"picked":"Coffee Dripper"}],"items_purged_floors":[19,21,46],"is_endless":false,"potions_floor_spawned":[1,4,11,14,20,33,35,42,44,45],"ascension_level":2}}