{"host":"684z1xpuwaoqmmh1","time":1613410033,"event":{"mods":["A Magickal Journey","BaseMod","Downfall","Hermit","Jorbs\u0027s Wanderer Trilogy","Marisa????????","Minty Spire (QoL Compilation)","Robot Space Explorer","Shade Mod","StSLib","The Bug Knight","The Dragon Tamer","The Elementalist","The Hayseed","The Hierophant","The Marked","The Mystic","The Runesmith","The Saiyan","The Senshi","The Spell Scribe","The Vixen","TheBandit","TheFirefly"],"gold_per_floor":[113,126,146,146,166,199,249,284,336,336,371,148,148,98,98,218,218,234,149,173,197,197,197,197],"floor_reached":23,"language":"ENG","playtime":1300,"items_purged":["HollowMod:NailStrikeStart"],"score":251,"play_id":"dd934d57-5757-4ee6-84b3-bde945c3e16d","local_time":"20210215192713","is_ascension_mode":true,"campfire_choices":[{"data":"HollowMod:QuirrelsAssistance","floor":10,"key":"SMITH"},{"data":"HollowMod:theNailsmith","floor":15,"key":"SMITH"}],"circlet_count":0,"master_deck":["HollowMod:NailStrikeStart","HollowMod:NailStrikeStart","HollowMod:NailStrikeStart","HollowMod:QuickDashStart","HollowMod:QuickDashStart+1","HollowMod:QuickDashStart+1","HollowMod:FocusHealStart+1","HollowMod:PogoStrike","HollowMod:DashSlash","HollowMod:NewLittleFool","HollowMod:QuirrelsAssistance+1","HollowMod:Grubsong","HollowMod:FastStrike","HollowMod:MantisMark","HollowMod:theNailsmith+1","HollowMod:HerrahsAnger","HollowMod:ShapeofUnn+1","HollowMod:RecoilStrike+1","HollowMod:HuntersJournal"],"relics":["HollowMod:VesselMask","champ:DeflectingBracers","HollowMod:StagPassRelic","Dream Catcher","Nunchaku","Sling","Golden Idol","Fusion Hammer","bronze:DecasWashers"],"acts_visited":["Exordium","TheCity"],"potions_floor_usage":[6,18,18,21,23],"damage_taken":[{"damage":1,"enemies":"Cultist","floor":1,"turns":3},{"damage":2,"enemies":"2 Louse","floor":2,"turns":3},{"damage":0,"enemies":"Small Slimes","floor":3,"turns":2},{"damage":1,"enemies":"2 Fungi Beasts","floor":5,"turns":6},{"damage":23,"enemies":"Lagavulin","floor":6,"turns":10},{"damage":23,"enemies":"3 Sentries","floor":8,"turns":10},{"damage":11,"enemies":"Lagavulin","floor":11,"turns":5},{"damage":20,"enemies":"Slime Boss","floor":16,"turns":6},{"damage":9,"enemies":"2 Thieves","floor":18,"turns":3},{"damage":16,"enemies":"3 Byrds","floor":20,"turns":5},{"damage":27,"enemies":"3 Cultists","floor":21,"turns":5},{"damage":35,"enemies":"Gremlin Leader","floor":23,"turns":4}],"seed_played":"-597968633536645251","potions_obtained":[{"floor":1,"key":"Slimebound:ThreeZeroPotion"},{"floor":5,"key":"champ:CounterPotion"},{"floor":8,"key":"sneckomod:MuddlingPotion"},{"floor":16,"key":"Block Potion"},{"floor":18,"key":"GamblersBrew"}],"is_trial":false,"path_per_floor":["M","M","M","?","M","E","?","E","T","R","E","$","?","?","R","B",null,"M","?","M","M","?","E"],"character_chosen":"THE_BUGKNIGHT","items_purchased":["Sling"],"campfire_rested":0,"item_purchase_floors":[12],"current_hp_per_floor":[75,75,75,60,69,58,58,45,45,45,40,40,40,40,40,26,69,60,60,44,27,21,0,0],"gold":197,"neow_bonus":"UPGRADE_CARD","is_daily":false,"chose_seed":false,"campfire_upgraded":2,"win_rate":0.0,"timestamp":1613410033,"path_taken":["M","M","M","?","M","E","?","E","T","R","E","$","?","?","R","BOSS","M","?","M","M","?","E"],"items_purchased_type":["Relic"],"build_version":"2020-12-22","purchased_purges":1,"victory":false,"max_hp_per_floor":[75,75,75,75,75,75,75,75,75,75,75,75,69,69,69,69,69,69,69,69,69,69,69,69],"card_choices":[{"not_picked":["HollowMod:MonarchWings","HollowMod:CycloneSlash"],"picked":"HollowMod:DashSlash","floor":1},{"not_picked":["HollowMod:LuriensSpire","HollowMod:SharpenedShadows"],"picked":"HollowMod:NewLittleFool","floor":2},{"not_picked":["HollowMod:VengefulVoid","HollowMod:ChannelNail"],"picked":"HollowMod:QuirrelsAssistance","floor":3},{"not_picked":["HollowMod:SoulStrike","HollowMod:GoodIntentions"],"picked":"HollowMod:Grubsong","floor":5},{"not_picked":["HollowMod:SiblingsSouls","HollowMod:GoodIntentions"],"picked":"HollowMod:FastStrike","floor":6},{"not_picked":["HollowMod:BlackTendrils","HollowMod:SoulEater"],"picked":"HollowMod:MantisMark","floor":8},{"not_picked":["HollowMod:DescendingDark","HollowMod:SiblingsSouls"],"picked":"HollowMod:theNailsmith","floor":11},{"not_picked":["HollowMod:AwokenDreamNail","HollowMod:ElderbugsWisdom"],"picked":"HollowMod:HerrahsAnger","floor":16},{"not_picked":["HollowMod:MawleksShell","HollowMod:NewJinnsSoul"],"picked":"HollowMod:ShapeofUnn+1","floor":18},{"not_picked":["HollowMod:SiblingsSouls","HollowMod:SoulSplash"],"picked":"HollowMod:RecoilStrike+1","floor":20},{"not_picked":["HollowMod:HeavyBlow+1","HollowMod:DashSlash"],"picked":"HollowMod:HuntersJournal","floor":21}],"player_experience":3306063,"relics_obtained":[{"floor":6,"key":"champ:DeflectingBracers"},{"floor":8,"key":"HollowMod:StagPassRelic"},{"floor":9,"key":"Dream Catcher"},{"floor":11,"key":"Nunchaku"}],"event_choices":[{"damage_healed":0,"gold_gain":0,"player_choice":"Entered Light","damage_taken":15,"max_hp_gain":0,"max_hp_loss":0,"event_name":"Shining Light","floor":4,"gold_loss":0,"cards_upgraded":["HollowMod:QuickDashStart","HollowMod:QuickDashStart"]},{"damage_healed":0,"gold_gain":0,"player_choice":"Lose Max HP","damage_taken":0,"relics_obtained":["Golden Idol"],"max_hp_gain":0,"max_hp_loss":6,"event_name":"Golden Idol","floor":13,"gold_loss":0},{"cards_removed":["HollowMod:QuickDashStart"],"damage_healed":0,"gold_gain":0,"player_choice":"Card Removal","damage_taken":0,"max_hp_gain":0,"max_hp_loss":0,"event_name":"The Cleric","floor":14,"gold_loss":50},{"damage_healed":0,"gold_gain":0,"player_choice":"Obtained Relic","damage_taken":0,"relics_obtained":["bronze:DecasWashers"],"max_hp_gain":0,"max_hp_loss":0,"event_name":"Addict","floor":19,"gold_loss":85},{"damage_healed":0,"gold_gain":0,"player_choice":"","damage_taken":6,"max_hp_gain":0,"max_hp_loss":0,"event_name":"Knowing Skull","floor":22,"potions_obtained":[],"gold_loss":0,"cards_obtained":[]}],"is_beta":false,"boss_relics":[{"not_picked":["Runic Pyramid","Velvet Choker"],"picked":"Fusion Hammer"}],"items_purged_floors":[12],"is_endless":false,"potions_floor_spawned":[1,5,8,16,18],"killed_by":"Gremlin Leader","ascension_level":4}}