{"host":"yy1cu9q9bsxhflzi","time":1613410816,"event":{"mods":["BaseMod","DeckTracker","Minty Spire (QoL Compilation)","Quick Restart","StSLib","SuperFastMode","everything is the same but u backflip on backflip"],"gold_per_floor":[115,115,115,40,53,85,103,115,163,88,100,115,147,160,160,234,234,253,273,301,201,201,201],"floor_reached":22,"language":"KOR","playtime":402,"items_purged":["Defend_G","Strike_G"],"score":505,"play_id":"e5081510-aa01-4db9-a230-f69ea86f62c1","local_time":"20210216024016","is_ascension_mode":true,"campfire_choices":[{"data":"Tactician","floor":15,"key":"SMITH"}],"circlet_count":0,"master_deck":["AscendersBane","Strike_G","Strike_G","Strike_G","Defend_G","Defend_G","Defend_G","Survivor","Neutralize","Slice","Sucker Punch","Calculated Gamble","Blade Dance","Finisher","Bullet Time","Tactician+1","Infinite Blades","Dagger Throw","Backflip","Die Die Die","Acrobatics"],"relics":["Ring of the Snake","NeowsBlessing","White Beast Statue","Oddly Smooth Stone","Bronze Scales","Runic Pyramid","Red Mask"],"acts_visited":["Exordium","TheCity"],"potions_floor_usage":[13,16,16,20],"damage_taken":[{"damage":0.0,"enemies":"2 Louse","floor":1.0,"turns":1.0},{"damage":0.0,"enemies":"Cultist","floor":5.0,"turns":1.0},{"damage":0.0,"enemies":"3 Sentries","floor":6.0,"turns":1.0},{"damage":0.0,"enemies":"Jaw Worm","floor":7.0,"turns":3.0},{"damage":9.0,"enemies":"Large Slime","floor":8.0,"turns":4.0},{"damage":3.0,"enemies":"Exordium Wildlife","floor":11.0,"turns":3.0},{"damage":18.0,"enemies":"Exordium Thugs","floor":12.0,"turns":5.0},{"damage":9,"enemies":"Lagavulin","floor":13,"turns":4},{"damage":16,"enemies":"2 Fungi Beasts","floor":14,"turns":3},{"damage":0,"enemies":"Hexaghost","floor":16,"turns":7},{"damage":8,"enemies":"Spheric Guardian","floor":18,"turns":3},{"damage":16,"enemies":"2 Thieves","floor":19,"turns":2},{"damage":8,"enemies":"Masked Bandits","floor":20,"turns":2},{"damage":21,"enemies":"Cultist and Chosen","floor":22,"turns":4}],"seed_played":"320665435720439733","potions_obtained":[{"floor":7.0,"key":"DuplicationPotion"},{"floor":8.0,"key":"SkillPotion"},{"floor":13,"key":"PowerPotion"},{"floor":14,"key":"Swift Potion"},{"floor":16,"key":"Strength Potion"},{"floor":18,"key":"EssenceOfSteel"},{"floor":20,"key":"EntropicBrew"}],"is_trial":false,"path_per_floor":["M","?","?","$","M","E","M","M","T","?","M","M","E","M","R","B",null,"M","M","?","$","M"],"character_chosen":"THE_SILENT","items_purchased":[],"campfire_rested":0,"item_purchase_floors":[],"current_hp_per_floor":[59,59,59,59,59,59,59,50,50,50,47,29,20,4,4,4,51,43,27,19,19,0,0],"gold":201,"neow_bonus":"THREE_ENEMY_KILL","is_daily":false,"chose_seed":false,"campfire_upgraded":1,"win_rate":0.0,"timestamp":1613410816,"path_taken":["M","?","?","$","M","E","M","?","T","?","M","M","E","M","R","BOSS","M","M","?","$","M"],"items_purchased_type":[],"build_version":"2020-12-22","purchased_purges":2,"victory":false,"max_hp_per_floor":[66,66,66,66,66,66,66,66,66,66,66,66,66,66,66,66,66,66,66,66,66,66,66],"card_choices":[{"not_picked":["Dodge and Roll","Distraction"],"picked":"Slice","floor":1.0},{"not_picked":["Underhanded Strike","Dodge and Roll"],"picked":"Calculated Gamble","floor":5.0},{"not_picked":["Escape Plan","Catalyst"],"picked":"Blade Dance","floor":6.0},{"not_picked":["Backflip","Dagger Spray"],"picked":"Finisher","floor":7.0},{"not_picked":["Quick Slash","Finisher"],"picked":"Bullet Time","floor":8.0},{"not_picked":["PiercingWail","Outmaneuver"],"picked":"Tactician","floor":11.0},{"not_picked":["PiercingWail","Quick Slash"],"picked":"Infinite Blades","floor":12.0},{"not_picked":["PiercingWail","Quick Slash"],"picked":"Dagger Throw","floor":13},{"not_picked":["Bane","Distraction"],"picked":"Backflip","floor":14},{"not_picked":["A Thousand Cuts","Grand Finale"],"picked":"Die Die Die","floor":16},{"not_picked":["Deflect","Concentrate","Underhanded Strike"],"picked":"SKIP","floor":18},{"not_picked":["Dagger Spray","Predator","All Out Attack"],"picked":"SKIP","floor":19},{"not_picked":["Poisoned Stab","Flying Knee+1"],"picked":"Acrobatics","floor":20}],"player_experience":3911397,"relics_obtained":[{"floor":6.0,"key":"White Beast Statue"},{"floor":9.0,"key":"Oddly Smooth Stone"},{"floor":13,"key":"Bronze Scales"},{"floor":20,"key":"Red Mask"}],"event_choices":[{"cards_removed":["Strike_G"],"damage_healed":0.0,"max_hp_gain":0.0,"max_hp_loss":0.0,"gold_gain":0.0,"event_name":"Living Wall","player_choice":"Forget","floor":2.0,"gold_loss":0.0,"damage_taken":0.0},{"damage_healed":0.0,"max_hp_gain":0.0,"max_hp_loss":0.0,"gold_gain":0.0,"event_name":"Match and Keep!","player_choice":"1 cards matched","floor":3.0,"gold_loss":0.0,"damage_taken":0.0,"cards_obtained":["Sucker Punch"]},{"cards_removed":["Defend_G"],"damage_healed":0.0,"max_hp_gain":0.0,"max_hp_loss":0.0,"gold_gain":0.0,"event_name":"The Cleric","player_choice":"Card Removal","floor":10.0,"gold_loss":75.0,"damage_taken":0.0},{"damage_healed":0,"gold_gain":0,"player_choice":"Fought Bandits","damage_taken":0,"max_hp_gain":0,"max_hp_loss":0,"event_name":"Masked Bandits","floor":20,"gold_loss":0}],"is_beta":false,"boss_relics":[{"not_picked":["Tiny House","Sozu"],"picked":"Runic Pyramid"}],"items_purged_floors":[4,21],"is_endless":false,"potions_floor_spawned":[7,8,11,12,13,14,16,18,19,20],"killed_by":"Cultist and Chosen","ascension_level":17}}