{"host":"0jm2u9rma46qko29","time":1613356747,"event":{"mods":["Act Like it!","BaseMod","Better Altar","Better Note","Better Skull","Better Third Choice","CapriCore","Hermit","Marisa????????","Minty Spire (QoL Compilation)","Monster B Gone","Relic Stats","Robot Space Explorer","Shade Mod","StSLib","Waifu the Spire"],"gold_per_floor":[116,28,28,28,48,77,77,104,176,196,196,229,72,72,72,173,173,199,53,53,53,78,113,113,137,137,47,112,125,8,43,43,147,147,147],"floor_reached":34,"language":"ENG","playtime":1999,"items_purged":[],"score":515,"play_id":"bfc4b788-0f7d-481e-9250-0dee919b3d52","local_time":"20210214203907","is_ascension_mode":true,"campfire_choices":[{"data":"hermit:EyeOfTheStorm","floor":7,"key":"SMITH"},{"data":"hermit:FlashPowder","floor":11,"key":"SMITH"},{"floor":15,"key":"REST"},{"data":"hermit:FatalDesire","floor":24,"key":"SMITH"},{"data":"hermit:ShadowCloak","floor":32,"key":"SMITH"}],"circlet_count":0,"master_deck":["hermit:Strike_Hermit+1","hermit:Strike_Hermit","hermit:Defend_Hermit","hermit:Defend_Hermit","hermit:Defend_Hermit","hermit:Defend_Hermit","hermit:Snapshot","hermit:Covet","hermit:EyeOfTheStorm+1","hermit:ShadowCloak","hermit:HighCaliber+1","Skim","hermit:GoldenBullet","hermit:SprayPray+1","hermit:GhostlyPresence","hermit:FlashPowder+1","hermit:DeadOrAlive+1","hermit:ShadowCloak+1","hermit:Showdown+1","hermit:BodyArmor","hermit:PistolWhip+1","hermit:DeadOrAlive+1","hermit:Glare+1","hermit:OverwhelmingPower+1","hermit:CursedWeapon+1","hermit:FatalDesire+1","hermit:Manifest","hermit:Vantage+1","hermit:Dive","hermit:HighNoon"],"relics":["hermit:Momento","NeowsBlessing","Art of War","Molten Egg 2","Oddly Smooth Stone","Sundial","Thread and Needle","Coffee Dripper","The Courier","hermit:Spyglass","Akabeko","FossilizedHelix","Pantograph","Lee\u0027s Waffle","Philosopher\u0027s Stone"],"acts_visited":["Exordium","TheCity","TheBeyond"],"potions_floor_usage":[8,28,28,28],"damage_taken":[{"damage":0,"enemies":"2 Louse","floor":1,"turns":1},{"damage":0,"enemies":"Small Slimes","floor":5,"turns":1},{"damage":0,"enemies":"Gremlin Nob","floor":6,"turns":2},{"damage":25,"enemies":"Lagavulin","floor":8,"turns":5},{"damage":0,"enemies":"Cultist","floor":10,"turns":2},{"damage":23,"enemies":"Gremlin Nob","floor":12,"turns":4},{"damage":8,"enemies":"Hexaghost","floor":16,"turns":12},{"damage":6,"enemies":"Shell Parasite","floor":18,"turns":5},{"damage":10,"enemies":"Spheric Guardian","floor":22,"turns":4},{"damage":33,"enemies":"Gremlin Leader","floor":23,"turns":10},{"damage":22,"enemies":"Slavers","floor":28,"turns":5},{"damage":0,"enemies":"Centurion and Healer","floor":29,"turns":5},{"damage":0,"enemies":"3 Cultists","floor":31,"turns":6},{"damage":44,"enemies":"Champ","floor":33,"turns":18}],"seed_played":"4018742365449257238","potions_obtained":[{"floor":5,"key":"AttackPotion"},{"floor":8,"key":"PowerPotion"},{"floor":22,"key":"hermit:Tonic"},{"floor":23,"key":"Ancient Potion"},{"floor":28,"key":"Ancient Potion"}],"is_trial":false,"path_per_floor":["M","$","?","?","M","E","R","E","T","M","R","E","$","?","R","B",null,"M","$","?","?","M","E","R","T","T","?","E","M","$","M","R","B",null],"character_chosen":"HERMIT","items_purchased":["hermit:ShadowCloak","hermit:HighCaliber","hermit:ShadowCloak","hermit:Showdown+1","hermit:BodyArmor","hermit:OverwhelmingPower","Lee\u0027s Waffle"],"campfire_rested":1,"item_purchase_floors":[2,2,13,13,13,19,30],"current_hp_per_floor":[75,75,66,66,66,66,66,41,41,41,41,18,18,18,40,32,75,69,69,69,69,59,26,26,26,26,26,4,4,82,82,82,38,82,82],"gold":147,"neow_bonus":"THREE_ENEMY_KILL","is_daily":false,"chose_seed":false,"campfire_upgraded":4,"win_rate":0.0,"timestamp":1613356747,"path_taken":["M","$","?","?","M","E","R","E","T","?","R","E","?","?","R","BOSS","M","?","?","?","?","E","R","?","T","?","E","?","$","M","R","BOSS"],"items_purchased_type":["Card","Card","Card","Card","Card","Card","Relic"],"build_version":"2020-12-22","purchased_purges":0,"victory":false,"max_hp_per_floor":[75,75,75,75,75,75,75,75,75,75,75,75,75,75,75,75,75,75,75,75,75,75,75,75,75,75,75,75,75,82,82,82,82,82,82],"relic_stats":{"Lee\u0027s Waffle":78,"counters":[14,80],"Sundial":[10],"Pantograph":0,"Art of War":[3],"obtain_stats":[{"Lee\u0027s Waffle":30,"NeowsBlessing":0,"Oddly Smooth Stone":8,"Thread and Needle":12,"The Courier":20,"Akabeko":25,"Sundial":9,"Pantograph":28,"Molten Egg 2":6,"Philosopher\u0027s Stone":34,"Art of War":3,"Coffee Dripper":17,"hermit:Momento":0,"hermit:Spyglass":23,"FossilizedHelix":26},{"Lee\u0027s Waffle":12,"NeowsBlessing":0,"Oddly Smooth Stone":4,"Thread and Needle":6,"The Courier":8,"Akabeko":10,"Sundial":4,"Pantograph":11,"Molten Egg 2":3,"Philosopher\u0027s Stone":14,"Art of War":1,"Coffee Dripper":7,"hermit:Momento":0,"hermit:Spyglass":10,"FossilizedHelix":10},{"Lee\u0027s Waffle":56,"NeowsBlessing":0,"Oddly Smooth Stone":9,"Thread and Needle":15,"The Courier":32,"Akabeko":46,"Sundial":9,"Pantograph":51,"Molten Egg 2":4,"Philosopher\u0027s Stone":80,"Art of War":1,"Coffee Dripper":27,"hermit:Momento":0,"hermit:Spyglass":46,"FossilizedHelix":46}]},"card_choices":[{"not_picked":["hermit:WideOpen","hermit:Roulette"],"picked":"hermit:EyeOfTheStorm","floor":1},{"not_picked":["hermit:LowProfile","hermit:WideOpen"],"picked":"hermit:GoldenBullet","floor":5},{"not_picked":["hermit:Headshot+1","hermit:ShadowCloak"],"picked":"hermit:SprayPray+1","floor":6},{"not_picked":["hermit:HoleUp","hermit:Determination"],"picked":"hermit:GhostlyPresence","floor":8},{"not_picked":["hermit:Desperado+1","hermit:Midnight"],"picked":"hermit:FlashPowder","floor":10},{"not_picked":["hermit:ItchyTrigger+1","hermit:BodyArmor"],"picked":"hermit:DeadOrAlive+1","floor":12},{"not_picked":["hermit:EternalForm","hermit:FromBeyond"],"picked":"hermit:DeadOrAlive+1","floor":16},{"not_picked":["hermit:LowProfile","hermit:Showdown+1"],"picked":"hermit:Glare+1","floor":18},{"not_picked":["hermit:ItchyTrigger+1","hermit:DeadMansHand+1"],"picked":"hermit:CursedWeapon+1","floor":22},{"not_picked":["hermit:TrackingShot+1","hermit:Shortfuse+1"],"picked":"hermit:FatalDesire","floor":23},{"not_picked":["hermit:Headshot+1","hermit:Misfire+1"],"picked":"hermit:Manifest","floor":28},{"not_picked":["hermit:Maintenance","hermit:Glare"],"picked":"hermit:Vantage+1","floor":29},{"not_picked":["hermit:TakeAim","hermit:LoneWolf+1"],"picked":"hermit:Dive","floor":31},{"not_picked":["hermit:DeadOrAlive+1","hermit:Gambit"],"picked":"hermit:HighNoon","floor":33}],"player_experience":184798,"relics_obtained":[{"floor":6,"key":"Molten Egg 2"},{"floor":8,"key":"Oddly Smooth Stone"},{"floor":9,"key":"Sundial"},{"floor":12,"key":"Thread and Needle"},{"floor":23,"key":"hermit:Spyglass"},{"floor":25,"key":"Akabeko"},{"floor":26,"key":"FossilizedHelix"},{"floor":28,"key":"Pantograph"}],"event_choices":[{"damage_healed":0,"gold_gain":0,"player_choice":"Upgraded","damage_taken":0,"max_hp_gain":0,"max_hp_loss":0,"event_name":"Upgrade Shrine","floor":4,"gold_loss":0,"cards_upgraded":["hermit:HighCaliber"]},{"damage_healed":0,"gold_gain":0,"cards_transformed":["hermit:Strike_Hermit"],"player_choice":"Transformed","damage_taken":0,"max_hp_gain":0,"max_hp_loss":0,"event_name":"Transmorgrifier","floor":14,"gold_loss":0,"cards_obtained":["hermit:PistolWhip"]},{"damage_healed":0,"gold_gain":0,"player_choice":"Opened","damage_taken":0,"relics_obtained":["The Courier"],"max_hp_gain":0,"max_hp_loss":0,"event_name":"The Mausoleum","floor":20,"gold_loss":0},{"damage_healed":0,"gold_gain":0,"player_choice":"Upgraded","damage_taken":0,"max_hp_gain":0,"max_hp_loss":0,"event_name":"Upgrade Shrine","floor":21,"gold_loss":0,"cards_upgraded":["hermit:OverwhelmingPower"]},{"cards_removed":["hermit:Strike_Hermit"],"damage_healed":0,"gold_gain":0,"player_choice":"Upgrade and Remove","damage_taken":0,"max_hp_gain":0,"max_hp_loss":0,"event_name":"Designer","floor":27,"gold_loss":90,"cards_upgraded":["hermit:Strike_Hermit"]}],"is_beta":false,"boss_relics":[{"not_picked":["SacredBark","Astrolabe"],"picked":"Coffee Dripper"},{"not_picked":["Black Star","hermit:BartenderGlass"],"picked":"Philosopher\u0027s Stone"}],"items_purged_floors":[],"is_endless":false,"potions_floor_spawned":[5,8,22,23,28],"ascension_level":4}}