{"host":"36t3qd3wjvajtu1z","time":1613427278,"event":{"mods":["2.2 Compatiblity","AchievementEnabler","BaseMod","Bestiary","Block Reminder","Colored Powertips","Curses Come First","Filter the Spire","Highlight Path","Minty Spire (QoL Compilation)","Permanent Neow","Quick Restart","Random Character Button","Rare Cards Sparkle","Relic Stats","Slay-I","StSLib","Unknown Chances"],"gold_per_floor":[118,138,158,158,173,173,201,201,225,242,242,11,36,55,55,131,131,148,148,73,86,103,128,128,163,163,24,49,59,71,90,90,169,169,179,179,9,9,25,51,70,95,95,130,130,142,157,7,7,7],"floor_reached":51,"language":"ENG","playtime":3057,"items_purged":["Strike_B","Strike_B","Decay","Pain"],"score":1369,"play_id":"bc552808-29a5-4805-9a73-30654fe7c153","local_time":"20210215141438","is_ascension_mode":true,"campfire_choices":[{"data":"Streamline","floor":6.0,"key":"SMITH"},{"data":"Defragment","floor":8.0,"key":"SMITH"},{"floor":11.0,"key":"REST"},{"data":"Echo Form","floor":15.0,"key":"SMITH"},{"data":"Aggregate","floor":24.0,"key":"SMITH"},{"data":"Fission","floor":32.0,"key":"SMITH"},{"data":"Heatsinks","floor":45,"key":"SMITH"},{"data":"Aggregate","floor":49,"key":"SMITH"}],"circlet_count":0,"master_deck":["AscendersBane","Defend_B","Defend_B","Defend_B","Dualcast","Echo Form+1","Defragment+1","Streamline+1","Ball Lightning","Compile Driver","Melter","FTL","Self Repair","Aggregate+1","Glacier","Electrodynamics","Buffer","Leap","Hologram","Aggregate+1","Conserve Battery","Fission+1","Defragment","Conserve Battery","Heatsinks+1","Machine Learning","Machine Learning+1","Tempest+1","Static Discharge","Stack","Buffer","Storm+1","Multi-Cast","Undo","Hologram+1","Force Field+1","Glacier+1","Electrodynamics"],"relics":["Cracked Core","Strawberry","Vajra","Lantern","Eternal Feather","Cursed Key","Mango","Lizard Tail","FossilizedHelix","PreservedInsect","Astrolabe","Centennial Puzzle","Du-Vu Doll","StrikeDummy","InkBottle"],"acts_visited":["Exordium","TheCity","TheBeyond"],"potions_floor_usage":[42,46,50,50],"damage_taken":[{"damage":6.0,"enemies":"2 Louse","floor":1.0,"turns":2.0},{"damage":1.0,"enemies":"Cultist","floor":2.0,"turns":3.0},{"damage":0.0,"enemies":"Small Slimes","floor":3.0,"turns":3.0},{"damage":11.0,"enemies":"Blue Slaver","floor":5.0,"turns":4.0},{"damage":30.0,"enemies":"Lagavulin","floor":7.0,"turns":6.0},{"damage":12.0,"enemies":"3 Louse","floor":10.0,"turns":3.0},{"damage":20.0,"enemies":"3 Sentries","floor":13.0,"turns":4.0},{"damage":4.0,"enemies":"Exordium Thugs","floor":14.0,"turns":2.0},{"damage":26.0,"enemies":"The Guardian","floor":16.0,"turns":9.0},{"damage":0.0,"enemies":"Spheric Guardian","floor":18.0,"turns":1.0},{"damage":16.0,"enemies":"Shell Parasite","floor":21.0,"turns":4.0},{"damage":12.0,"enemies":"Snake Plant","floor":22.0,"turns":4.0},{"damage":36.0,"enemies":"Slavers","floor":23.0,"turns":4.0},{"damage":37.0,"enemies":"Gremlin Leader","floor":25.0,"turns":6.0},{"damage":32.0,"enemies":"Book of Stabbing","floor":28.0,"turns":7.0},{"damage":0.0,"enemies":"Centurion and Healer","floor":29.0,"turns":5.0},{"damage":0.0,"enemies":"Cultist and Chosen","floor":30.0,"turns":4.0},{"damage":0.0,"enemies":"Snake Plant","floor":31.0,"turns":5.0},{"damage":68.0,"enemies":"Champ","floor":33.0,"turns":16.0},{"damage":0.0,"enemies":"3 Shapes","floor":35.0,"turns":3.0},{"damage":0.0,"enemies":"3 Darklings","floor":39.0,"turns":3.0},{"damage":14.0,"enemies":"Nemesis","floor":40.0,"turns":5.0},{"damage":0.0,"enemies":"Spire Growth","floor":41.0,"turns":3.0},{"damage":9,"enemies":"Reptomancer","floor":42,"turns":3},{"damage":0,"enemies":"Giant Head","floor":44,"turns":5},{"damage":5,"enemies":"Jaw Worm Horde","floor":46,"turns":2},{"damage":0,"enemies":"Transient","floor":47,"turns":5},{"damage":30,"enemies":"Time Eater","floor":50,"turns":10}],"seed_played":"-625444847453092455","potions_obtained":[{"floor":2.0,"key":"SteroidPotion"},{"floor":3.0,"key":"SkillPotion"},{"floor":13.0,"key":"Weak Potion"},{"floor":14.0,"key":"Explosive Potion"},{"floor":22.0,"key":"Swift Potion"},{"floor":28.0,"key":"PowerPotion"},{"floor":31.0,"key":"Strength Potion"},{"floor":33.0,"key":"Explosive Potion"},{"floor":42,"key":"EssenceOfSteel"},{"floor":47,"key":"Fire Potion"}],"is_trial":false,"path_per_floor":["M","M","M","?","M","R","E","R","T","M","R","$","E","M","R","B",null,"M","?","?","M","M","E","R","E","T","$","E","M","M","M","R","B",null,"M","?","$","?","M","E","M","E","T","E","R","M","M","$","R","B",null],"character_chosen":"DEFECT","items_purchased":["Self Repair","Aggregate","Defragment","Stack"],"campfire_rested":1,"item_purchase_floors":[12,12,27,37],"current_hp_per_floor":[62,61,61,68,57,57,27,27,27,15,39,39,33,29,41,15,65,65,79,79,70,65,29,44,7,7,7,36,50,50,64,79,18,77,77,77,77,77,77,77,84,89,89,96,96,96,96,96,96,73],"gold":7,"neow_bonus":"ONE_RANDOM_RARE_CARD","is_daily":false,"chose_seed":false,"campfire_upgraded":7,"win_rate":0.0,"timestamp":1613427278,"path_taken":["M","M","M","?","M","R","E","R","T","M","R","?","E","?","R","BOSS","M","?","?","M","M","E","R","E","T","?","E","M","M","M","R","BOSS","M","?","?","?","?","E","M","E","T","E","R","M","M","$","R","BOSS"],"items_purchased_type":["Card","Card","Card","Card"],"build_version":"2020-12-22","purchased_purges":4,"victory":true,"max_hp_per_floor":[75,75,75,82,82,82,82,82,82,82,82,82,82,82,82,82,82,82,96,96,96,96,96,96,96,96,96,96,96,96,96,96,96,96,96,96,96,96,96,96,96,96,96,96,96,96,96,96,96,96],"relic_stats":{"Lizard Tail":48,"Centennial Puzzle":[7],"counters":[28,131],"Astrolabe":["Beam Cell","Machine Learning","Tempest"],"Eternal Feather":42,"PreservedInsect":241,"Cursed Key":1,"obtain_stats":[{"Lantern":9,"Astrolabe":34,"Vajra":7,"Eternal Feather":13,"Mango":19,"PreservedInsect":28,"Cursed Key":17,"Du-Vu Doll":42,"Lizard Tail":23,"Centennial Puzzle":40,"Strawberry":4,"Cracked Core":0,"StrikeDummy":43,"FossilizedHelix":25,"InkBottle":44},{"Lantern":5,"Astrolabe":19,"Vajra":5,"Eternal Feather":7,"Mango":10,"PreservedInsect":15,"Cursed Key":9,"Du-Vu Doll":24,"Lizard Tail":13,"Centennial Puzzle":22,"Strawberry":3,"Cracked Core":0,"StrikeDummy":24,"FossilizedHelix":14,"InkBottle":25},{"Lantern":18,"Astrolabe":92,"Vajra":18,"Eternal Feather":25,"Mango":37,"PreservedInsect":62,"Cursed Key":36,"Du-Vu Doll":109,"Lizard Tail":49,"Centennial Puzzle":103,"Strawberry":8,"Cracked Core":0,"StrikeDummy":109,"FossilizedHelix":55,"InkBottle":114}],"InkBottle":[8]},"card_choices":[{"not_picked":["Leap","Hologram"],"picked":"Defragment","floor":1.0},{"not_picked":["Auto Shields","Leap"],"picked":"Streamline","floor":2.0},{"not_picked":["Reinforced Body","Streamline"],"picked":"Ball Lightning","floor":3.0},{"not_picked":["Rebound","Chaos"],"picked":"Compile Driver","floor":5.0},{"not_picked":["Stack","FTL"],"picked":"Melter","floor":7.0},{"not_picked":["Stack","Chill"],"picked":"FTL","floor":10.0},{"not_picked":["Sweeping Beam","Tempest"],"picked":"Glacier","floor":13.0},{"not_picked":["Compile Driver","Blizzard"],"picked":"Electrodynamics","floor":14.0},{"not_picked":["Reboot","Core Surge"],"picked":"Buffer","floor":16.0},{"not_picked":["Streamline","Auto Shields"],"picked":"Leap","floor":18.0},{"not_picked":["BootSequence","Coolheaded"],"picked":"Hologram","floor":21.0},{"not_picked":["Sweeping Beam","Rip and Tear"],"picked":"Aggregate","floor":22.0},{"not_picked":["Consume+1","White Noise"],"picked":"Conserve Battery","floor":23.0},{"not_picked":["Beam Cell","Ball Lightning"],"picked":"Fission","floor":25.0},{"not_picked":["Compile Driver","Tempest","Cold Snap"],"picked":"SKIP","floor":28.0},{"not_picked":["Static Discharge","Cold Snap"],"picked":"Conserve Battery","floor":29.0},{"not_picked":["Compile Driver","White Noise"],"picked":"Heatsinks","floor":30.0},{"not_picked":["Stack","Cold Snap","Ball Lightning"],"picked":"SKIP","floor":31.0},{"not_picked":["Thunder Strike","Multi-Cast"],"picked":"Machine Learning","floor":33.0},{"not_picked":["Turbo+1","Consume+1"],"picked":"Static Discharge","floor":35.0},{"not_picked":["Sunder","Steam"],"picked":"Storm+1","floor":39.0},{"not_picked":["BootSequence","Leap"],"picked":"Multi-Cast","floor":40.0},{"not_picked":["Steam","Leap"],"picked":"Undo","floor":41.0},{"not_picked":["Chill","Gash"],"picked":"Hologram+1","floor":42},{"not_picked":["Hologram","Sweeping Beam"],"picked":"Force Field+1","floor":44},{"not_picked":["Auto Shields","Hologram"],"picked":"Glacier+1","floor":46},{"not_picked":["Auto Shields","Beam Cell"],"picked":"Electrodynamics","floor":47}],"player_experience":534913,"relics_obtained":[{"floor":7.0,"key":"Vajra"},{"floor":9.0,"key":"Lantern"},{"floor":13.0,"key":"Eternal Feather"},{"floor":23.0,"key":"Lizard Tail"},{"floor":25.0,"key":"FossilizedHelix"},{"floor":28.0,"key":"PreservedInsect"},{"floor":40.0,"key":"Centennial Puzzle"},{"floor":42,"key":"Du-Vu Doll"},{"floor":43,"key":"StrikeDummy"},{"floor":44,"key":"InkBottle"}],"event_choices":[{"damage_healed":0.0,"max_hp_gain":0.0,"max_hp_loss":0.0,"gold_gain":0.0,"event_name":"WeMeetAgain","player_choice":"Gave Potion","floor":4.0,"gold_loss":0.0,"damage_taken":0.0,"relics_obtained":["Strawberry"]},{"damage_healed":0.0,"max_hp_gain":0.0,"max_hp_loss":0.0,"gold_gain":0.0,"event_name":"The Mausoleum","player_choice":"Opened","floor":19.0,"gold_loss":0.0,"damage_taken":0.0,"relics_obtained":["Mango"]},{"cards_removed":["Strike_B"],"damage_healed":0.0,"max_hp_gain":0.0,"max_hp_loss":0.0,"gold_gain":0.0,"event_name":"Beggar","player_choice":"Gave Gold","floor":20.0,"gold_loss":75.0,"damage_taken":0.0},{"damage_healed":0.0,"max_hp_gain":0.0,"max_hp_loss":0.0,"gold_gain":0.0,"event_name":"Wheel of Change","player_choice":"Cursed","floor":36.0,"gold_loss":0.0,"damage_taken":0.0,"cards_obtained":["Decay"]},{"damage_healed":0.0,"max_hp_gain":0.0,"max_hp_loss":0.0,"gold_gain":0.0,"cards_transformed":["Beam Cell"],"event_name":"Transmorgrifier","player_choice":"Transformed","floor":38.0,"gold_loss":0.0,"damage_taken":0.0,"cards_obtained":["Buffer"]}],"is_beta":false,"boss_relics":[{"not_picked":["Fusion Hammer","Sozu"],"picked":"Cursed Key"},{"not_picked":["Snecko Eye","Empty Cage"],"picked":"Astrolabe"}],"items_purged_floors":[12,27,37,48],"is_endless":false,"potions_floor_spawned":[2,3,13,14,21,22,28,31,33,35,40,42,44,47],"ascension_level":13}}