{"host":"8iprjuzow65cevwy","time":1613427304,"event":{"mods":["BaseMod","Colored Map","Highlight Path","Minty Spire (QoL Compilation)","Permanent Neow"],"gold_per_floor":[118,118,130,147,164,164,197,197,223,250,261,294,294,306,306,407,407,425,435,635,655,668,693,693,727,727,727,727,747,762,354,354,452,452,466,466,466,220,266,117,148,148,148,0,50,50,50,50,50,50],"floor_reached":51,"language":"ENG","playtime":3268,"items_purged":["Strike_R","Strike_R"],"score":978,"play_id":"c0717acb-7565-44b9-b736-87259d4c4d56","local_time":"20210215231504","is_ascension_mode":true,"campfire_choices":[{"data":"Pommel Strike","floor":6,"key":"SMITH"},{"data":"Flex","floor":8,"key":"SMITH"},{"floor":13,"key":"REST"},{"data":"Metallicize","floor":15,"key":"SMITH"},{"data":"Barricade","floor":24,"key":"SMITH"},{"floor":27,"key":"REST"},{"floor":32,"key":"REST"},{"data":"True Grit","floor":42,"key":"SMITH"},{"data":"Body Slam","floor":49,"key":"SMITH"}],"circlet_count":0,"master_deck":["Strike_R","Strike_R","Defend_R","Defend_R","Defend_R","Bash","Blood for Blood+1","Pommel Strike+1","Clash","Flex+1","Clash","Metallicize+1","True Grit+1","Iron Wave","Shockwave","Barricade+1","Clothesline+1","Body Slam+1","Armaments+1","Intimidate+1","Sever Soul+1","Impervious","Bandage Up","Metallicize+1","Uppercut+1","Impervious","Seeing Red+1","Havoc+1","Battle Trance+1","Clash+1","Warcry+1","Iron Wave"],"relics":["Velvet Choker","Nunchaku","Centennial Puzzle","Bag of Preparation","Boot","Empty Cage","Lantern","Eternal Feather","White Beast Statue","Regal Pillow","Akabeko","SlaversCollar","Orrery","Unceasing Top","Sling","Juzu Bracelet","Question Card","Red Mask","Ginger","Pantograph"],"acts_visited":["Exordium","TheCity","TheBeyond"],"potions_floor_usage":[7,7,12,23,25,25,33,33,41,50],"damage_taken":[{"damage":13,"enemies":"Jaw Worm","floor":1,"turns":4},{"damage":0,"enemies":"Cultist","floor":3,"turns":4},{"damage":1,"enemies":"2 Louse","floor":4,"turns":2},{"damage":4,"enemies":"Red Slaver","floor":5,"turns":2},{"damage":10,"enemies":"Lagavulin","floor":7,"turns":3},{"damage":2,"enemies":"Gremlin Nob","floor":10,"turns":3},{"damage":1,"enemies":"Looter","floor":11,"turns":2},{"damage":7,"enemies":"3 Sentries","floor":12,"turns":7},{"damage":1,"enemies":"Blue Slaver","floor":14,"turns":2},{"damage":12,"enemies":"The Guardian","floor":16,"turns":7},{"damage":5,"enemies":"3 Byrds","floor":18,"turns":5},{"damage":10,"enemies":"2 Thieves","floor":19,"turns":4},{"damage":4,"enemies":"Shelled Parasite and Fungi","floor":21,"turns":3},{"damage":0,"enemies":"Snecko","floor":22,"turns":3},{"damage":13,"enemies":"Gremlin Leader","floor":23,"turns":5},{"damage":28,"enemies":"Slavers","floor":25,"turns":11},{"damage":20,"enemies":"Snake Plant","floor":29,"turns":3},{"damage":13,"enemies":"Shelled Parasite and Fungi","floor":30,"turns":5},{"damage":30,"enemies":"Collector","floor":33,"turns":10},{"damage":1,"enemies":"3 Shapes","floor":35,"turns":4},{"damage":40,"enemies":"2 Orb Walkers","floor":39,"turns":8},{"damage":0,"enemies":"Nemesis","floor":41,"turns":5},{"damage":0,"enemies":"Mind Bloom Boss Battle","floor":45,"turns":7},{"damage":34,"enemies":"Awakened One","floor":50,"turns":15}],"seed_played":"-6294262511048903219","potions_obtained":[{"floor":1,"key":"BlessingOfTheForge"},{"floor":4,"key":"Weak Potion"},{"floor":5,"key":"SkillPotion"},{"floor":10,"key":"Block Potion"},{"floor":16,"key":"SteroidPotion"},{"floor":18,"key":"Explosive Potion"},{"floor":23,"key":"DuplicationPotion"},{"floor":29,"key":"Swift Potion"},{"floor":30,"key":"Ancient Potion"},{"floor":33,"key":"BloodPotion"},{"floor":35,"key":"Explosive Potion"},{"floor":41,"key":"DuplicationPotion"},{"floor":45,"key":"DuplicationPotion"}],"is_trial":false,"path_per_floor":["M","?","M","M","M","R","E","R","T","E","M","E","R","M","R","B",null,"M","M","?","M","M","E","R","E","T","R","?","M","M","$","R","B",null,"M","?","?","$","?","$","E","R","T","?","?","T","?","?","R","B",null],"character_chosen":"IRONCLAD","items_purchased":["Regal Pillow","Akabeko","Whirlwind","Orrery","Sling"],"campfire_rested":3,"item_purchase_floors":[31,31,31,38,40],"current_hp_per_floor":[59,59,59,58,54,54,44,44,44,42,41,34,58,57,57,45,71,66,56,56,52,52,39,39,11,11,47,47,27,14,14,65,35,69,68,68,68,68,32,32,36,54,54,54,58,58,58,58,76,46],"gold":50,"neow_bonus":"BOSS_RELIC","is_daily":false,"chose_seed":false,"campfire_upgraded":6,"win_rate":0.0,"timestamp":1613427304,"path_taken":["M","?","M","M","?","R","E","R","T","E","M","E","R","M","R","BOSS","M","M","?","M","?","E","R","E","T","R","?","M","M","$","R","BOSS","M","?","?","$","?","$","E","R","T","?","?","?","?","?","R","BOSS"],"items_purchased_type":["Relic","Relic","Card","Relic","Relic"],"build_version":"2020-12-22","purchased_purges":2,"victory":true,"max_hp_per_floor":[80,80,80,80,80,80,80,80,80,80,80,80,80,80,80,80,80,80,80,80,80,80,80,80,80,80,80,80,80,80,80,80,80,80,80,80,80,80,80,80,80,80,80,80,80,80,76,76,76,76],"card_choices":[{"not_picked":["Sentinel","Power Through"],"picked":"Blood for Blood","floor":1},{"not_picked":["Sword Boomerang","Intimidate"],"picked":"Pommel Strike","floor":3},{"not_picked":["Body Slam","Sentinel"],"picked":"Clash","floor":4},{"not_picked":["Headbutt","Clothesline"],"picked":"Flex","floor":5},{"not_picked":["Body Slam","Entrench"],"picked":"Clash","floor":7},{"not_picked":["Whirlwind","Sentinel"],"picked":"Metallicize","floor":10},{"not_picked":["Twin Strike","Double Tap"],"picked":"True Grit","floor":11},{"not_picked":["Ghostly Armor","Thunderclap"],"picked":"Iron Wave","floor":12},{"not_picked":["Clash","Thunderclap"],"picked":"Shockwave","floor":14},{"not_picked":["Exhume","Berserk"],"picked":"Barricade","floor":16},{"not_picked":["Second Wind","Power Through"],"picked":"Clothesline+1","floor":18},{"not_picked":["Flame Barrier","Dark Embrace"],"picked":"Body Slam","floor":19},{"not_picked":["Perfected Strike","Cleave","Entrench"],"picked":"SKIP","floor":21},{"not_picked":["Headbutt","Body Slam","Sever Soul"],"picked":"SKIP","floor":22},{"not_picked":["Infernal Blade","Wild Strike"],"picked":"Armaments+1","floor":23},{"not_picked":["Rupture","Flex","Pommel Strike"],"picked":"SKIP","floor":25},{"not_picked":["Evolve","Fire Breathing"],"picked":"Intimidate+1","floor":29},{"not_picked":["True Grit","Bloodletting"],"picked":"Sever Soul+1","floor":30},{"not_picked":["Double Tap","Reaper"],"picked":"Impervious","floor":33},{"not_picked":["Pummel+1","Infernal Blade","Warcry"],"picked":"SKIP","floor":35},{"not_picked":["Blind","Mind Blast"],"picked":"Bandage Up","floor":37},{"not_picked":["Warcry","Armaments"],"picked":"Metallicize+1","floor":38},{"not_picked":["Headbutt","Cleave"],"picked":"Uppercut+1","floor":38},{"not_picked":["Hemokinesis+1","Disarm+1"],"picked":"Impervious","floor":38},{"not_picked":["Sword Boomerang+1","True Grit"],"picked":"Seeing Red+1","floor":38},{"not_picked":["True Grit","Pommel Strike"],"picked":"Havoc+1","floor":38},{"not_picked":["Seeing Red+1","Clothesline+1"],"picked":"Battle Trance+1","floor":39},{"not_picked":["Twin Strike+1","Warcry+1"],"picked":"Clash+1","floor":41},{"not_picked":["Heavy Blade","Clash+1","Cleave"],"picked":"Warcry+1","floor":45}],"player_experience":351649,"relics_obtained":[{"floor":7,"key":"Nunchaku"},{"floor":9,"key":"Centennial Puzzle"},{"floor":10,"key":"Bag of Preparation"},{"floor":12,"key":"Boot"},{"floor":23,"key":"Lantern"},{"floor":25,"key":"Eternal Feather"},{"floor":26,"key":"White Beast Statue"},{"floor":39,"key":"Unceasing Top"},{"floor":41,"key":"Juzu Bracelet"},{"floor":43,"key":"Question Card"},{"floor":45,"key":"Ginger"},{"floor":46,"key":"Pantograph"}],"event_choices":[{"damage_healed":0,"gold_gain":0,"player_choice":"Forge","damage_taken":0,"max_hp_gain":0,"max_hp_loss":0,"event_name":"Accursed Blacksmith","floor":2,"gold_loss":0,"cards_upgraded":["Blood for Blood"]},{"damage_healed":0,"gold_gain":200,"player_choice":"Gold","damage_taken":0,"max_hp_gain":0,"max_hp_loss":0,"event_name":"Wheel of Change","floor":20,"gold_loss":0},{"damage_healed":0,"gold_gain":0,"player_choice":"Ignored","damage_taken":0,"max_hp_gain":0,"max_hp_loss":0,"event_name":"Ghosts","floor":28,"gold_loss":0},{"cards_removed":["Whirlwind"],"damage_healed":0,"gold_gain":0,"player_choice":"Removed Attack","damage_taken":0,"max_hp_gain":0,"max_hp_loss":0,"event_name":"Falling","floor":36,"gold_loss":0},{"damage_healed":0,"gold_gain":0,"player_choice":"Memory 1","damage_taken":0,"max_hp_gain":0,"max_hp_loss":0,"event_name":"SensoryStone","floor":37,"gold_loss":0},{"damage_healed":0,"gold_gain":0,"player_choice":"Fight","damage_taken":0,"max_hp_gain":0,"max_hp_loss":0,"event_name":"Mysterious Sphere","floor":39,"gold_loss":0},{"damage_healed":0,"gold_gain":0,"player_choice":"Paid","damage_taken":0,"relics_obtained":["Red Mask"],"max_hp_gain":0,"max_hp_loss":0,"event_name":"Tomb of Lord Red Mask","floor":44,"gold_loss":148},{"damage_healed":0,"gold_gain":0,"player_choice":"Fight","damage_taken":0,"max_hp_gain":0,"max_hp_loss":0,"event_name":"MindBloom","floor":45,"gold_loss":0},{"damage_healed":0,"gold_gain":0,"player_choice":"Max HP","damage_taken":0,"max_hp_gain":0,"max_hp_loss":4,"event_name":"Winding Halls","floor":47,"gold_loss":0},{"damage_healed":0,"gold_gain":0,"player_choice":"Copied","damage_taken":0,"max_hp_gain":0,"max_hp_loss":0,"event_name":"Duplicator","floor":48,"gold_loss":0,"cards_obtained":["Iron Wave"]}],"is_beta":false,"boss_relics":[{"not_picked":["Tiny House","Fusion Hammer"],"picked":"Empty Cage"},{"not_picked":["Pandora\u0027s Box","Runic Pyramid"],"picked":"SlaversCollar"}],"items_purged_floors":[31,38],"is_endless":false,"potions_floor_spawned":[1,4,5,10,16,18,23,29,30,33,35,39,41,45],"ascension_level":7}}