{"host":"jqkewjmybebgw3gd","time":1613397112,"event":{"mods":["AchievementEnabler","BaseMod","Colored Map","DeckTracker","Keyboard Shortcuts","Minty Spire (QoL Compilation)","StSLib","SuperFastMode"],"gold_per_floor":[119,133,149,159,171,197,197,50,104,121,132,143,143,153,153,255,255,272,292,292,49,63,63,91,91,91],"floor_reached":25,"language":"KOR","playtime":1046,"items_purged":[],"score":240,"play_id":"f07741a1-e364-48e2-8f4e-3ac407e10925","local_time":"20210215225152","is_ascension_mode":true,"campfire_choices":[{"floor":7.0,"key":"REST"},{"floor":13.0,"key":"REST"},{"floor":15.0,"key":"REST"},{"floor":23,"key":"REST"}],"circlet_count":0,"master_deck":["Zap","Dualcast","Fission","Streamline","Sweeping Beam","Ball Lightning","Defragment","Beam Cell+1","Rip and Tear+1","Capacitor","Melter+1","Electrodynamics","Genetic Algorithm","White Noise","Turbo","Hologram","Seek","Genetic Algorithm","Reprogram","Ball Lightning+1","Double Energy","Cold Snap+1","All For One+1","All For One+1","Leap","Ball Lightning+1","Necronomicurse","Self Repair","Tempest","Panacea","Beam Cell+1","Steam"],"relics":["Cracked Core","Molten Egg 2","Orrery","Nunchaku","Pandora\u0027s Box","Necronomicon","InkBottle"],"acts_visited":["Exordium","TheCity"],"potions_floor_usage":[22,24,24],"damage_taken":[{"damage":0.0,"enemies":"2 Louse","floor":1.0,"turns":3.0},{"damage":1.0,"enemies":"Small Slimes","floor":2.0,"turns":3.0},{"damage":1.0,"enemies":"Cultist","floor":3.0,"turns":3.0},{"damage":13.0,"enemies":"Lots of Slimes","floor":4.0,"turns":3.0},{"damage":11.0,"enemies":"Blue Slaver","floor":5.0,"turns":4.0},{"damage":40.0,"enemies":"Lagavulin","floor":6.0,"turns":6.0},{"damage":6.0,"enemies":"Exordium Wildlife","floor":10.0,"turns":2.0},{"damage":1.0,"enemies":"2 Fungi Beasts","floor":11.0,"turns":2.0},{"damage":14.0,"enemies":"Blue Slaver","floor":12.0,"turns":3.0},{"damage":6.0,"enemies":"Exordium Wildlife","floor":14.0,"turns":3.0},{"damage":28.0,"enemies":"The Guardian","floor":16.0,"turns":7.0},{"damage":20.0,"enemies":"2 Thieves","floor":18.0,"turns":2.0},{"damage":17.0,"enemies":"Chosen","floor":19.0,"turns":4.0},{"damage":12,"enemies":"Snake Plant","floor":22,"turns":2},{"damage":28,"enemies":"Slavers","floor":24,"turns":3},{"damage":12,"enemies":"Centurion and Healer","floor":25,"turns":1}],"seed_played":"5568800874998910197","potions_obtained":[{"floor":5.0,"key":"Weak Potion"},{"floor":6.0,"key":"FearPotion"},{"floor":11.0,"key":"Regen Potion"},{"floor":12.0,"key":"CultistPotion"},{"floor":16.0,"key":"SpeedPotion"},{"floor":18.0,"key":"PowerPotion"},{"floor":19.0,"key":"Fire Potion"},{"floor":24,"key":"PotionOfCapacity"}],"is_trial":false,"path_per_floor":["M","M","M","M","M","E","R","$","T","M","M","M","R","M","R","B",null,"M","M","?","$","M","R","E","M"],"character_chosen":"DEFECT","items_purchased":["Orrery","Self Repair","Tempest","Panacea"],"campfire_rested":4,"item_purchase_floors":[8,21,21,21],"current_hp_per_floor":[75,74,73,60,49,9,31,31,31,25,24,19,41,35,57,29,75,55,38,22,22,10,32,11,0,0],"gold":91,"neow_bonus":"ONE_RANDOM_RARE_CARD","is_daily":false,"chose_seed":false,"campfire_upgraded":0,"win_rate":0.0,"timestamp":1613397112,"path_taken":["M","M","M","M","M","E","R","$","T","M","M","M","R","M","R","BOSS","M","M","?","$","M","R","E","M"],"items_purchased_type":["Relic","Card","Card","Card"],"build_version":"2020-12-22","purchased_purges":0,"victory":false,"max_hp_per_floor":[75,75,75,75,75,75,75,75,75,75,75,75,75,75,75,75,75,75,75,75,75,75,75,75,75,75],"card_choices":[{"not_picked":["Compile Driver","Cold Snap"],"picked":"Streamline","floor":1.0},{"not_picked":["Doom and Gloom","Conserve Battery"],"picked":"Sweeping Beam","floor":2.0},{"not_picked":["Recycle","Reprogram"],"picked":"Ball Lightning","floor":3.0},{"not_picked":["Sunder","Storm"],"picked":"Defragment","floor":4.0},{"not_picked":["Stack","Heatsinks","Sweeping Beam"],"picked":"SKIP","floor":5.0},{"not_picked":["Compile Driver+1","Scrape+1"],"picked":"Beam Cell+1","floor":6.0},{"not_picked":["Cold Snap+1","Redo"],"picked":"Rip and Tear+1","floor":8.0},{"not_picked":["Cold Snap+1","Leap"],"picked":"Capacitor","floor":8.0},{"not_picked":["Darkness","Recycle"],"picked":"Melter+1","floor":8.0},{"not_picked":["Consume","Force Field"],"picked":"Electrodynamics","floor":8.0},{"not_picked":["Barrage+1","Rebound+1"],"picked":"Genetic Algorithm","floor":10.0},{"not_picked":["Chaos","Leap"],"picked":"White Noise","floor":11.0},{"not_picked":["Scrape+1","Aggregate"],"picked":"Turbo","floor":12.0},{"not_picked":["Coolheaded","Beam Cell+1"],"picked":"Hologram","floor":14.0},{"not_picked":["Hyperbeam+1","Amplify"],"picked":"Seek","floor":16.0},{"not_picked":["Rebound+1","Darkness+1"],"picked":"Ball Lightning+1","floor":18.0},{"not_picked":["Lockon+1","Steam","Doom and Gloom+1"],"picked":"SKIP","floor":19.0},{"not_picked":["Rip and Tear+1","Rebound+1"],"picked":"Beam Cell+1","floor":22},{"not_picked":["Beam Cell+1","Coolheaded"],"picked":"Steam","floor":24}],"player_experience":539488,"relics_obtained":[{"floor":6.0,"key":"Molten Egg 2"},{"floor":9.0,"key":"Nunchaku"},{"floor":20.0,"key":"Necronomicon"},{"floor":24,"key":"InkBottle"}],"event_choices":[{"damage_healed":0.0,"max_hp_gain":0.0,"max_hp_loss":0.0,"gold_gain":0.0,"event_name":"Cursed Tome","player_choice":"Obtained Book","floor":20.0,"gold_loss":0.0,"damage_taken":16.0}],"is_beta":false,"boss_relics":[{"not_picked":["SlaversCollar","Sozu"],"picked":"Pandora\u0027s Box"}],"items_purged_floors":[],"is_endless":false,"potions_floor_spawned":[5,6,11,12,14,16,18,19,24],"killed_by":"Centurion and Healer","ascension_level":1}}