{"host":"3jpcvpprzj9sjffh","time":1613394651,"event":{"mods":["AchievementEnabler","BaseMod","Colored Map","Minty Spire (QoL Compilation)","Rare Cards Sparkle","SuperFastMode","everything is the same but u backflip on backflip"],"gold_per_floor":[114,140,158,168,168,194,18,33,104,116,116,136,21,40,40,139,139,151,168,168,182,45,45,45],"floor_reached":23,"language":"KOR","playtime":632,"items_purged":["Strike_R","Defend_R"],"score":218,"play_id":"14a5f158-902d-41e2-aeab-99af6e4e6404","local_time":"20210215221051","is_ascension_mode":false,"campfire_choices":[{"floor":11,"key":"REST"},{"floor":15,"key":"REST"}],"circlet_count":0,"master_deck":["Strike_R+1","Strike_R+1","Strike_R","Strike_R","Defend_R","Defend_R","Defend_R","Bash","Perfected Strike","Ghostly Armor","Fire Breathing","Wild Strike","Armaments","Thunderclap","Warcry","Pommel Strike","Flame Barrier","Juggernaut","Reaper","Cleave","Twin Strike","Ghostly","Ghostly","Ghostly","Ghostly","Ghostly","Uppercut","Feel No Pain"],"relics":["Burning Blood","NeowsBlessing","PreservedInsect","Nunchaku","InkBottle","Odd Mushroom"],"acts_visited":["Exordium","TheCity"],"potions_floor_usage":[6,16,23],"damage_taken":[{"damage":0,"enemies":"Cultist","floor":1,"turns":1},{"damage":0,"enemies":"Small Slimes","floor":3,"turns":1},{"damage":0,"enemies":"2 Louse","floor":4,"turns":1},{"damage":15,"enemies":"Gremlin Nob","floor":6,"turns":4},{"damage":22,"enemies":"Large Slime","floor":8,"turns":7},{"damage":24,"enemies":"Exordium Wildlife","floor":10,"turns":5},{"damage":21,"enemies":"The Mushroom Lair","floor":12,"turns":4},{"damage":5,"enemies":"Looter","floor":14,"turns":2},{"damage":21,"enemies":"Slime Boss","floor":16,"turns":9},{"damage":17,"enemies":"Chosen","floor":18,"turns":6},{"damage":23,"enemies":"3 Byrds","floor":19,"turns":4},{"damage":42,"enemies":"Snake Plant","floor":21,"turns":8},{"damage":18,"enemies":"Centurion and Healer","floor":23,"turns":4}],"seed_played":"4784075708267259366","potions_obtained":[{"floor":1,"key":"Strength Potion"},{"floor":3,"key":"Swift Potion"},{"floor":8,"key":"Explosive Potion"},{"floor":12,"key":"Regen Potion"},{"floor":14,"key":"BloodPotion"},{"floor":21,"key":"Ancient Potion"}],"is_trial":false,"path_per_floor":["M","T","M","M","?","E","$","M","T","M","R","?","$","M","R","B",null,"M","M","?","M","$","M"],"character_chosen":"IRONCLAD","items_purchased":["Nunchaku","Armaments","Flame Barrier","Feel No Pain"],"campfire_rested":2,"item_purchase_floors":[7,7,13,22],"current_hp_per_floor":[80,80,80,80,64,55,55,39,39,21,45,30,30,31,55,55,80,69,52,40,7,7,0,0],"gold":45,"neow_bonus":"THREE_ENEMY_KILL","is_daily":false,"chose_seed":false,"campfire_upgraded":0,"win_rate":0.0,"timestamp":1613394651,"path_taken":["M","?","M","?","?","E","$","M","T","M","R","?","$","M","R","BOSS","M","M","?","M","$","M"],"items_purchased_type":["Relic","Card","Card","Card"],"build_version":"2020-12-22","purchased_purges":2,"victory":false,"max_hp_per_floor":[80,80,80,80,80,80,80,80,80,80,80,80,80,80,80,80,80,80,80,40,40,40,40,40],"card_choices":[{"not_picked":["Pummel","Havoc"],"picked":"Perfected Strike","floor":1},{"not_picked":["Intimidate","Twin Strike"],"picked":"Ghostly Armor","floor":3},{"not_picked":["Headbutt","Inflame"],"picked":"Fire Breathing","floor":4},{"not_picked":["Uppercut","Thunderclap"],"picked":"Wild Strike","floor":6},{"not_picked":["Wild Strike","Warcry"],"picked":"Thunderclap","floor":8},{"not_picked":["Havoc","Wild Strike"],"picked":"Warcry","floor":10},{"not_picked":["True Grit","Pummel"],"picked":"Pommel Strike","floor":12},{"not_picked":["Hemokinesis","Clash"],"picked":"Juggernaut","floor":14},{"not_picked":["Brutality","Offering"],"picked":"Reaper","floor":16},{"not_picked":["True Grit","Shrug It Off"],"picked":"Cleave","floor":18},{"not_picked":["Perfected Strike","Armaments"],"picked":"Twin Strike","floor":19},{"not_picked":["Brutality","Cleave+1"],"picked":"Uppercut","floor":21}],"player_experience":329049,"relics_obtained":[{"floor":6,"key":"PreservedInsect"},{"floor":9,"key":"InkBottle"},{"floor":12,"key":"Odd Mushroom"}],"event_choices":[{"damage_healed":0,"gold_gain":0,"player_choice":"Entered Light","damage_taken":16,"max_hp_gain":0,"max_hp_loss":0,"event_name":"Shining Light","floor":5,"gold_loss":0,"cards_upgraded":["Strike_R","Strike_R"]},{"damage_healed":0,"gold_gain":0,"player_choice":"Fought Mushrooms","damage_taken":0,"max_hp_gain":0,"max_hp_loss":0,"event_name":"Mushrooms","floor":12,"gold_loss":0},{"damage_healed":0,"gold_gain":0,"player_choice":"Became a Ghost","damage_taken":0,"max_hp_gain":0,"max_hp_loss":40,"event_name":"Ghosts","floor":20,"gold_loss":0,"cards_obtained":["Ghostly","Ghostly","Ghostly","Ghostly","Ghostly"]}],"is_beta":false,"boss_relics":[{"not_picked":[]}],"items_purged_floors":[13,22],"is_endless":false,"potions_floor_spawned":[1,3,8,12,14,21],"killed_by":"Centurion and Healer","ascension_level":0}}