{"host":"fbdlh90rovbiajun","time":1613368342,"event":{"mods":["AchievementEnabler","BaseMod","Colored Map","Keyboard Shortcuts","Minty Spire (QoL Compilation)","SuperFastMode"],"gold_per_floor":[118,118,23,49,66,100,100,130,154,154,154,229,229,241,241,343,343,343],"floor_reached":17,"language":"KOR","playtime":475,"items_purged":[],"score":186,"play_id":"c0b8d352-8f94-484e-8117-2d13fa688772","local_time":"20210215145222","is_ascension_mode":false,"campfire_choices":[{"data":"FTL","floor":7,"key":"SMITH"},{"data":"Dualcast","floor":11,"key":"SMITH"},{"data":"Zap","floor":13,"key":"SMITH"},{"data":"FTL","floor":15,"key":"SMITH"}],"circlet_count":0,"master_deck":["Strike_B+1","Strike_B+1","Defend_B","Defend_B","Defend_B","Zap+1","Dualcast+1","Hologram","FTL+1","Beam Cell","Stack","FTL+1","Seek+1","Skim","Leap+1","Capacitor+1","Fission+1"],"relics":["Cracked Core","NeowsBlessing","Ancient Tea Set","Ginger","Mummified Hand","Whetstone","Astrolabe"],"acts_visited":["Exordium","TheCity"],"potions_floor_usage":[16,16,16],"damage_taken":[{"damage":0,"enemies":"2 Louse","floor":1,"turns":1},{"damage":0,"enemies":"Cultist","floor":5,"turns":1},{"damage":0,"enemies":"Lagavulin","floor":6,"turns":1},{"damage":27,"enemies":"3 Sentries","floor":8,"turns":7},{"damage":2,"enemies":"Small Slimes","floor":14,"turns":2},{"damage":34,"enemies":"Hexaghost","floor":16,"turns":8}],"seed_played":"4890887177254544894","potions_obtained":[{"floor":1,"key":"BlessingOfTheForge"},{"floor":2,"key":"CultistPotion"},{"floor":2,"key":"Fire Potion"}],"is_trial":false,"path_per_floor":["M","?","$","T","M","E","R","E","T","?","R","?","R","M","R","B",null],"character_chosen":"DEFECT","items_purchased":["FTL","Beam Cell"],"campfire_rested":0,"item_purchase_floors":[3,3],"current_hp_per_floor":[75,75,75,75,75,75,75,48,48,48,48,37,37,35,35,1,75,75],"gold":343,"neow_bonus":"THREE_ENEMY_KILL","is_daily":false,"chose_seed":false,"campfire_upgraded":4,"win_rate":0.0,"timestamp":1613368342,"path_taken":["M","?","$","?","M","E","R","E","T","?","R","?","R","M","R","BOSS"],"items_purchased_type":["Card","Card"],"build_version":"2020-12-22","purchased_purges":0,"victory":false,"max_hp_per_floor":[75,75,75,75,75,75,75,75,75,75,75,75,75,75,75,75,75,75],"card_choices":[{"not_picked":["Consume","Hello World"],"picked":"Hologram","floor":1},{"not_picked":["Heatsinks","Lockon"],"picked":"Stack","floor":5},{"not_picked":["Scrape","Leap"],"picked":"FTL","floor":6},{"not_picked":["Buffer","Electrodynamics"],"picked":"Seek","floor":8},{"not_picked":["Loop","Sweeping Beam"],"picked":"Skim","floor":14}],"player_experience":58401,"relics_obtained":[{"floor":4,"key":"Ancient Tea Set"},{"floor":6,"key":"Ginger"},{"floor":8,"key":"Mummified Hand"},{"floor":9,"key":"Whetstone"}],"event_choices":[{"damage_healed":0,"gold_gain":0,"player_choice":"Got Potions","damage_taken":0,"max_hp_gain":0,"max_hp_loss":0,"event_name":"Lab","floor":2,"gold_loss":0},{"damage_healed":0,"gold_gain":0,"player_choice":"Grow","damage_taken":0,"max_hp_gain":0,"max_hp_loss":0,"event_name":"Living Wall","floor":10,"gold_loss":0,"cards_upgraded":["Seek"]},{"damage_healed":0,"gold_gain":75,"player_choice":"Gather Gold","damage_taken":11,"max_hp_gain":0,"max_hp_loss":0,"event_name":"World of Goop","floor":12,"gold_loss":0}],"is_beta":false,"boss_relics":[{"not_picked":["Velvet Choker","Runic Pyramid"],"picked":"Astrolabe"}],"items_purged_floors":[],"is_endless":false,"potions_floor_spawned":[1,8,14],"ascension_level":0}}