{"host":"aapp7ew3jk5k1bvd","time":1613391441,"event":{"mods":["AchievementEnabler","BaseMod","Colored Map","Custom Start","Keyboard Shortcuts","Minty Spire (QoL Compilation)","Permanent Neow","Quick Restart","StSLib","SuperFastMode"],"gold_per_floor":[118,132,57,76,88,88,101,101,176,176,176,176],"floor_reached":11,"language":"KOR","playtime":166,"items_purged":["Strike_P"],"score":94,"play_id":"4a85358f-14e4-462c-a369-141acefcf638","local_time":"20210215211721","is_ascension_mode":true,"campfire_choices":[{"data":"Eruption","floor":6.0,"key":"SMITH"},{"data":"FlurryOfBlows","floor":8.0,"key":"SMITH"},{"data":"Vigilance","floor":10.0,"key":"SMITH"}],"circlet_count":0,"master_deck":["Strike_P","Strike_P","Defend_P","Defend_P","Defend_P","Defend_P","Eruption+1","Vigilance+1","FlurryOfBlows+1"],"relics":["PureWater","Toxic Egg 2"],"acts_visited":["Exordium"],"potions_floor_usage":[],"damage_taken":[{"damage":0.0,"enemies":"2 Louse","floor":1.0,"turns":2.0},{"damage":0.0,"enemies":"Small Slimes","floor":2.0,"turns":3.0},{"damage":0.0,"enemies":"Jaw Worm","floor":4.0,"turns":3.0},{"damage":2.0,"enemies":"2 Fungi Beasts","floor":5.0,"turns":3.0},{"damage":6.0,"enemies":"3 Louse","floor":7.0,"turns":4.0},{"damage":0,"enemies":"3 Sentries","floor":11,"turns":1}],"seed_played":"1738632098242044909","potions_obtained":[{"floor":7.0,"key":"ColorlessPotion"}],"is_trial":false,"path_per_floor":["M","M","$","M","M","R","M","R","T","R","E"],"character_chosen":"WATCHER","items_purchased":[],"campfire_rested":0,"item_purchase_floors":[],"current_hp_per_floor":[65,65,65,65,63,63,57,57,57,57,57,57],"gold":176,"neow_bonus":"REMOVE_CARD","is_daily":false,"chose_seed":false,"campfire_upgraded":3,"win_rate":0.0,"timestamp":1613391441,"path_taken":["M","M","$","M","M","R","M","R","T","R","E"],"items_purchased_type":[],"build_version":"2020-12-22","purchased_purges":1,"victory":false,"max_hp_per_floor":[72,72,72,72,72,72,72,72,72,72,72,72],"card_choices":[{"not_picked":["FlyingSleeves","Nirvana","JustLucky"],"picked":"SKIP","floor":1.0},{"not_picked":["Prostrate","BattleHymn"],"picked":"FlurryOfBlows","floor":2.0},{"not_picked":["Consecrate","Protect","Prostrate"],"picked":"SKIP","floor":4.0},{"not_picked":["Collect","Protect","CrushJoints"],"picked":"SKIP","floor":5.0},{"not_picked":["Fasting2","Indignation","DeceiveReality"],"picked":"SKIP","floor":7.0}],"player_experience":1371866,"relics_obtained":[{"floor":9.0,"key":"Toxic Egg 2"}],"event_choices":[],"is_beta":false,"boss_relics":[],"items_purged_floors":[3],"is_endless":false,"potions_floor_spawned":[7],"killed_by":"3 Sentries","ascension_level":9}}