{"host":"8rqsnaeml9gxb0kp","time":1613372960,"event":{"mods":["AchievementEnabler","BaseMod","Colored Powertips","Dark Map","Minty Spire (QoL Compilation)","Rare Cards Sparkle","Relic Stats","StSLib","slay the spire mod where everything is the same but ironclad has a cowboy hat"],"gold_per_floor":[10,10,10,34,58,58,98,98,123,123,142,156,187,210,210,338,338,362,378,143,143,168,168,211,211,211,0,0,17,17,17,17,118,118,136,136,136],"floor_reached":36,"language":"ENG","playtime":1353,"items_purged":[],"score":451,"play_id":"aaae43a8-d7cc-4b9e-9770-cad202e42c3f","local_time":"20210214230920","is_ascension_mode":true,"campfire_choices":[{"data":"Core Surge","floor":6.0,"key":"SMITH"},{"floor":8.0,"key":"REST"},{"data":"Rip and Tear","floor":10.0,"key":"SMITH"},{"floor":15.0,"key":"REST"},{"floor":23,"key":"REST"},{"floor":28,"key":"REST"},{"floor":30,"key":"REST"},{"data":"Defragment","floor":32,"key":"SMITH"}],"circlet_count":0,"master_deck":["Strike_B+1","Strike_B","Strike_B+1","Strike_B","Defend_B","Defend_B+1","Defend_B","Defend_B","Zap","Dualcast","Core Surge+1","Sweeping Beam","Conserve Battery+1","Auto Shields","Rip and Tear+1","Ball Lightning","Rip and Tear","Core Surge","Skim","Defragment+1","Defragment","Chill+1","Defragment","Ball Lightning","Creative AI","Ball Lightning+1"],"relics":["Cracked Core","Bloody Idol","Whetstone","Happy Flower","Pantograph","SlaversCollar","War Paint","Meat on the Bone","Lantern","Cursed Key"],"acts_visited":["Exordium","TheCity","TheBeyond"],"potions_floor_usage":[33,33,35],"damage_taken":[{"damage":9.0,"enemies":"Jaw Worm","floor":1.0,"turns":4.0},{"damage":3.0,"enemies":"2 Louse","floor":4.0,"turns":2.0},{"damage":0.0,"enemies":"Small Slimes","floor":5.0,"turns":2.0},{"damage":31.0,"enemies":"Gremlin Nob","floor":7.0,"turns":4.0},{"damage":13.0,"enemies":"Blue Slaver","floor":11.0,"turns":2.0},{"damage":8.0,"enemies":"Exordium Wildlife","floor":12.0,"turns":3.0},{"damage":5.0,"enemies":"3 Sentries","floor":13.0,"turns":4.0},{"damage":1.0,"enemies":"Looter","floor":14.0,"turns":2.0},{"damage":41.0,"enemies":"Hexaghost","floor":16.0,"turns":10.0},{"damage":33.0,"enemies":"Shell Parasite","floor":18.0,"turns":4.0},{"damage":7.0,"enemies":"Chosen","floor":19.0,"turns":4.0},{"damage":50,"enemies":"3 Cultists","floor":22,"turns":6},{"damage":23,"enemies":"Slavers","floor":24,"turns":4},{"damage":20,"enemies":"Centurion and Healer","floor":29,"turns":7},{"damage":54,"enemies":"Automaton","floor":33,"turns":9},{"damage":27,"enemies":"3 Darklings","floor":35,"turns":8},{"damage":53,"enemies":"2 Orb Walkers","floor":36,"turns":4}],"seed_played":"-904283677115623008","potions_obtained":[{"floor":5.0,"key":"Swift Potion"},{"floor":7.0,"key":"Weak Potion"},{"floor":12.0,"key":"FocusPotion"},{"floor":14.0,"key":"FocusPotion"}],"is_trial":false,"path_per_floor":["M","?","$","M","M","R","E","R","T","R","M","M","E","M","R","B",null,"M","M","$","?","M","R","E","?","T","?","R","M","R","$","R","B",null,"M","?"],"character_chosen":"DEFECT","items_purchased":["Defragment","War Paint"],"campfire_rested":5,"item_purchase_floors":[20,20],"current_hp_per_floor":[66,48,48,45,45,45,14,36,36,36,23,15,10,9,31,15,75,42,35,35,60,10,32,9,9,9,9,31,28,50,50,50,38,75,53,0,0],"gold":136,"neow_bonus":"THREE_RARE_CARDS","is_daily":false,"chose_seed":false,"campfire_upgraded":3,"win_rate":0.0,"timestamp":1613372960,"path_taken":["M","?","$","M","M","R","E","R","T","R","M","M","E","M","R","BOSS","M","M","$","?","M","R","E","?","T","?","R","M","R","?","R","BOSS","M","?"],"items_purchased_type":["Card","Relic"],"build_version":"2020-12-22","purchased_purges":0,"victory":false,"max_hp_per_floor":[75,75,75,75,75,75,75,75,75,75,75,75,75,75,75,75,75,75,75,75,75,75,75,75,75,75,75,75,75,75,75,75,75,75,75,75,75],"relic_stats":{"Happy Flower":[22],"counters":[17,79],"Bloody Idol":15,"Pantograph":50,"Whetstone":["Strike_B","Strike_B"],"War Paint":["Conserve Battery","Defend_B"],"Cursed Key":0,"obtain_stats":[{"SlaversCollar":17,"Lantern":26,"Happy Flower":9,"Golden Idol":2,"Pantograph":13,"Bloody Idol":25,"Whetstone":7,"War Paint":20,"Cracked Core":0,"Cursed Key":34,"Meat on the Bone":24},{"SlaversCollar":9,"Lantern":13,"Happy Flower":4,"Golden Idol":1,"Pantograph":7,"Bloody Idol":13,"Whetstone":4,"War Paint":11,"Cracked Core":0,"Cursed Key":15,"Meat on the Bone":13},{"SlaversCollar":33,"Lantern":51,"Happy Flower":12,"Golden Idol":4,"Pantograph":21,"Bloody Idol":51,"Whetstone":12,"War Paint":41,"Cracked Core":0,"Cursed Key":67,"Meat on the Bone":51}],"Meat on the Bone":24},"card_choices":[{"not_picked":["Fission","Seek"],"picked":"Core Surge","floor":0.0},{"not_picked":["Leap","Undo"],"picked":"Sweeping Beam","floor":1.0},{"not_picked":["Loop","Heatsinks"],"picked":"Conserve Battery","floor":4.0},{"not_picked":["Consume","Redo"],"picked":"Auto Shields","floor":5.0},{"not_picked":["Reinforced Body","Thunder Strike"],"picked":"Rip and Tear","floor":7.0},{"not_picked":["Blizzard","Turbo","Capacitor"],"picked":"SKIP","floor":11.0},{"not_picked":["Tempest","Darkness"],"picked":"Ball Lightning","floor":12.0},{"not_picked":["Hologram","Conserve Battery"],"picked":"Rip and Tear","floor":13.0},{"not_picked":["Turbo","Rebound","Scrape"],"picked":"SKIP","floor":14.0},{"not_picked":["Thunder Strike","Creative AI"],"picked":"Core Surge","floor":16.0},{"not_picked":["Sweeping Beam","Aggregate"],"picked":"Skim","floor":18.0},{"not_picked":["Double Energy+1","Stack"],"picked":"Defragment","floor":19.0},{"not_picked":["Melter","Turbo+1"],"picked":"Chill+1","floor":22},{"not_picked":["Conserve Battery","Cold Snap"],"picked":"Defragment","floor":24},{"not_picked":["Heatsinks","Consume+1"],"picked":"Ball Lightning","floor":29},{"not_picked":["Thunder Strike","All For One"],"picked":"Creative AI","floor":33},{"not_picked":["Compile Driver+1","Rebound+1"],"picked":"Ball Lightning+1","floor":35}],"player_experience":238839,"relics_obtained":[{"floor":7.0,"key":"Whetstone"},{"floor":9.0,"key":"Happy Flower"},{"floor":13.0,"key":"Pantograph"},{"floor":24,"key":"Meat on the Bone"},{"floor":26,"key":"Lantern"}],"event_choices":[{"damage_healed":0.0,"max_hp_gain":0.0,"max_hp_loss":0.0,"gold_gain":0.0,"event_name":"Golden Idol","player_choice":"Take Damage","floor":2.0,"gold_loss":0.0,"damage_taken":18.0,"relics_obtained":["Golden Idol"]},{"damage_healed":25,"gold_gain":0,"player_choice":"Heal","damage_taken":0,"max_hp_gain":0,"max_hp_loss":0,"event_name":"The Library","floor":21,"gold_loss":0},{"damage_healed":0,"gold_gain":0,"player_choice":"Gave Idol","damage_taken":0,"relics_obtained":["Bloody Idol"],"max_hp_gain":0,"max_hp_loss":0,"event_name":"Forgotten Altar","floor":25,"relics_lost":["Golden Idol"],"gold_loss":0},{"damage_healed":0,"gold_gain":0,"player_choice":"Paid Fearfully","damage_taken":0,"max_hp_gain":0,"max_hp_loss":0,"event_name":"Masked Bandits","floor":27,"gold_loss":211},{"damage_healed":0,"gold_gain":0,"player_choice":"Fight","damage_taken":0,"max_hp_gain":0,"max_hp_loss":0,"event_name":"Mysterious Sphere","floor":36,"gold_loss":0}],"is_beta":false,"boss_relics":[{"not_picked":["Busted Crown","Coffee Dripper"],"picked":"SlaversCollar"},{"not_picked":["Philosopher\u0027s Stone","Inserter"],"picked":"Cursed Key"}],"items_purged_floors":[],"is_endless":false,"potions_floor_spawned":[5,7,12,14,16,18,24,29],"killed_by":"2 Orb Walkers","ascension_level":3}}