{"host":"d6ni0fvdmr494qs7","time":1613388439,"event":{"mods":["ATMod(°¢èªMod)","BaseMod","Colored Powertips","Minty Spire (QoL Compilation)","Replay The Spire","Spicy Shops","StSLib","The Blue Laboratory","¡¾ÒÅÎï¿¨ÅÆ¡¿REMEMod"],"gold_per_floor":[213,213,213,173,193,193,193,222,222,12,44,44,62,80,80,185,185,196,211,245,245,262,262,293,293,293,293,43,78,98,126,126,231,231,243,259,481,481,496,530,232,232,259,6,36,36,63,63,63,63,63,63,63,93,93],"floor_reached":56,"language":"ZHS","playtime":4815,"items_purged":["Regret","Writhe","Languid"],"score":1693,"play_id":"2955a2d3-380e-4d3a-8459-e0f2dc3fd1b5","local_time":"20210215192719","is_ascension_mode":true,"campfire_choices":[{"data":"Replay:Bag of Tricks","floor":6.0,"key":"SMITH"},{"floor":12.0,"key":"REST"},{"floor":15.0,"key":"REST"},{"data":"1","floor":23.0,"key":"LIFT"},{"data":"2","floor":32,"key":"LIFT"},{"data":"3","floor":42,"key":"LIFT"},{"data":"Consume","floor":46,"key":"SMITH"},{"floor":49,"key":"RECALL"},{"data":"Capacitor","floor":52,"key":"SMITH"}],"circlet_count":0,"master_deck":["Defend_B","Defend_B","Defend_B","Defend_B","Zap","Dualcast","Replay:Bag of Tricks+1","White Noise","Turbo","FTL+1","Capacitor+1","Consume+1","Buffer+1","Electrodynamics+1","Cold Snap+1","White Noise","AT_DarkMatter","Chaos","Bite","Bite","Bite","Bite","Bite","Thunder Strike+1","Storm+1","Creative AI+1","AT_WaterDrop+1","AbeCurse","Enlightenment+1","Coolheaded","BasicCrystalCard","Darkness","Master of Strategy+1","White Noise"],"relics":["Cracked Core","AT_ATBox","REME_ComplimentaryCards","AT_BellowingDragoncrestRing","ReplayTheSpireMod:Lightbulb","Girya","Darkstone Periapt","Golden Egg","Replay:WaspNest","Replay:Grab Bag","Cursed Key","Sozu","REME_LowDesire","Ancient Tea Set","Orichalcum","Red Mask","Bag of Preparation","Replay:Accelerometer","Spirit Poop","ReplayFunnel","Garlic","Abe\u0027s Treasure","REME_LimitBreaker","AT_BellDemon","Oddly Smooth Stone","Singing Bowl","Solar Panel","AT_ImmortalShieldbow","REME_PuzzleBoxRelic","Pen Nib","Mummified Hand"],"acts_visited":["Exordium","TheCity","TheBeyond","TheEnding"],"potions_floor_usage":[],"damage_taken":[{"damage":0.0,"enemies":"2 Louse","floor":1.0,"turns":4.0},{"damage":5.0,"enemies":"Small Slimes","floor":5.0,"turns":4.0},{"damage":30.0,"enemies":"Lagavulin","floor":8.0,"turns":6.0},{"damage":43.0,"enemies":"3 Sentries","floor":11.0,"turns":9.0},{"damage":3.0,"enemies":"Cultist","floor":13.0,"turns":2.0},{"damage":11.0,"enemies":"3 Louse","floor":14.0,"turns":2.0},{"damage":22.0,"enemies":"The Guardian","floor":16.0,"turns":7.0},{"damage":6.0,"enemies":"Spheric Guardian","floor":18.0,"turns":3.0},{"damage":26.0,"enemies":"2 Thieves","floor":19.0,"turns":3.0},{"damage":15.0,"enemies":"Masked Bandits","floor":20.0,"turns":3.0},{"damage":0.0,"enemies":"Sentry and Sphere","floor":22.0,"turns":4.0},{"damage":15.0,"enemies":"Gremlin Leader","floor":24.0,"turns":4.0},{"damage":0.0,"enemies":"REME_1_Revenger","floor":29.0,"turns":4.0},{"damage":8.0,"enemies":"Shelled Parasite and Fungi","floor":30.0,"turns":2.0},{"damage":0,"enemies":"Book of Stabbing","floor":31,"turns":3},{"damage":0,"enemies":"Pondfish","floor":33,"turns":6},{"damage":0,"enemies":"3 Shapes","floor":35,"turns":4},{"damage":0,"enemies":"Orb Walker","floor":36,"turns":2},{"damage":0,"enemies":"Sphere and 2 Shapes","floor":39,"turns":2},{"damage":0,"enemies":"R_Hoarder","floor":40,"turns":5},{"damage":0,"enemies":"Giant Head","floor":45,"turns":4},{"damage":50,"enemies":"Reptomancer","floor":47,"turns":3},{"damage":1,"enemies":"Replay:Hell Engine","floor":50,"turns":7},{"damage":0,"enemies":"Shield and Spear","floor":54,"turns":3},{"damage":3,"enemies":"The Heart","floor":55,"turns":6}],"seed_played":"516451257041007349","potions_obtained":[{"floor":4.0,"key":"Fruit Juice"},{"floor":4.0,"key":"blueLaboratory:ForbiddenFruitJuice"},{"floor":4.0,"key":"blueLaboratory:BottledHope"},{"floor":8.0,"key":"blueLaboratory:LouseDecoction"},{"floor":11.0,"key":"blueLaboratory:RelayPotion"},{"floor":14.0,"key":"ColorlessPotion"}],"is_trial":false,"path_per_floor":["M","?","?","?","M","R","?","E","T","$","E","R","M","M","R","B",null,"M","M","?","?","M","R","E","?","T","?","$","E","M","E","R","B",null,"M","M","?","?","M","E","$","R","T","$","E","R","E","?","R","B",null,"R","$","E","B",null],"character_chosen":"DEFECT","items_purchased":["Golden Egg","FTL","Thunder Strike","AT_BellDemon","Oddly Smooth Stone","Singing Bowl"],"campfire_rested":2,"item_purchase_floors":[10,10,28,41,41,44],"current_hp_per_floor":[75,68,68,73,68,68,68,38,38,44,1,26,23,12,37,15,86,80,54,39,45,45,45,30,30,36,36,36,42,38,38,38,46,76,76,76,76,76,76,76,76,76,82,82,84,84,34,34,34,43,84,84,84,84,84],"gold":93,"neow_bonus":"HUNDRED_GOLD","is_daily":false,"chose_seed":false,"campfire_upgraded":3,"win_rate":0.0,"timestamp":1613388439,"path_taken":["M","?","?","?","?","R","?","E","T","$","E","R","M","?","R","BOSS","M","M","?","?","?","R","E","?","T","?","$","E","?","E","R","BOSS","M","M","?","?","?","E","?","R","T","$","E","R","E","?","R","BOSS","R","$","E","BOSS"],"items_purchased_type":["Relic","Card","Card","Relic","Relic","Relic"],"build_version":"2020-12-22","purchased_purges":3,"victory":true,"max_hp_per_floor":[75,75,75,80,80,80,80,80,80,86,86,86,86,86,86,86,86,86,86,86,92,92,92,92,64,70,70,70,70,70,70,70,70,76,76,76,76,76,76,76,76,76,82,82,84,84,84,84,84,84,84,84,84,84,84],"card_choices":[{"not_picked":["BasicCrystalCard","Beam Cell"],"picked":"Storm","floor":1.0},{"not_picked":["ReplayTheSpireMod:Reroute Power","AT_StudyProgram"],"picked":"White Noise","floor":5.0},{"not_picked":["Panic Button","Steam"],"picked":"Turbo","floor":8.0},{"not_picked":["Hologram","Melter"],"picked":"Capacitor","floor":11.0},{"not_picked":["Stack","Redo"],"picked":"Consume","floor":13.0},{"not_picked":["Compile Driver","Defragment"],"picked":"Buffer","floor":14.0},{"not_picked":["Core Surge","REME_ForAll"],"picked":"Electrodynamics","floor":16.0},{"not_picked":["Auto Shields","REME_SelfUpgrade","Stack","AT_LightSaberMaster"],"picked":"SKIP","floor":18.0},{"not_picked":["Auto Shields","REME_SelfUpgrade","Stack","AT_LightSaberMaster"],"picked":"SKIP","floor":18.0},{"not_picked":["Leap+1","Redo","Poisoned Strike"],"picked":"Cold Snap+1","floor":19.0},{"not_picked":["Cold Snap","Stack","ReplayTheSpireMod:Private Reserves"],"picked":"White Noise","floor":20.0},{"not_picked":["Go for the Eyes","Scrape","Deep Breath"],"picked":"AT_DarkMatter","floor":22.0},{"not_picked":["Gash","Leap+1","Secret Technique"],"picked":"Chaos","floor":24.0},{"not_picked":["FIFO Queue","Panic Button","AT_Homeward+1"],"picked":"Storm+1","floor":29.0},{"not_picked":["Leap","Gash","Hello World","AT_EmpoweredMortalDraw"],"picked":"SKIP","floor":30.0},{"not_picked":["Barrage+1","Sunder+1","Chrysalis"],"picked":"Creative AI","floor":31},{"not_picked":["Machine Learning","Amplify","REME_MagicPocketWatch"],"picked":"AT_WaterDrop","floor":33},{"not_picked":["Consume","Gash+1","Redo"],"picked":"Enlightenment+1","floor":35},{"not_picked":["Force Field+1","Ball Lightning+1","Deep Breath+1"],"picked":"Coolheaded","floor":36},{"not_picked":["REME_Whirling+1","Conserve Battery+1","AT_EmpoweredMortalDraw"],"picked":"BasicCrystalCard","floor":39},{"not_picked":["REME_SelfUpgrade+1","Hyperbeam","AT_FamilyPortrait"],"picked":"Darkness","floor":40},{"not_picked":["Skim+1","Compile Driver+1","Rebound","Coolheaded","Crystallizer+1","Turbo+1","Barrage+1","Blind"],"picked":"Singing Bowl","floor":45},{"not_picked":["Hologram","Crystallizer+1","ReplayTheSpireMod:GoodbyeWorld","Genetic Algorithm+1","Multi-Cast"],"picked":"Master of Strategy","floor":47},{"not_picked":["Compile Driver","Sweeping Beam+1","REME_MagicPocketWatch+1"],"picked":"White Noise","floor":54}],"player_experience":205748,"relics_obtained":[{"floor":8.0,"key":"Girya"},{"floor":9.0,"key":"Darkstone Periapt"},{"floor":11.0,"key":"Replay:WaspNest"},{"floor":17.0,"key":"Ancient Tea Set"},{"floor":17.0,"key":"Orichalcum"},{"floor":20.0,"key":"Red Mask"},{"floor":24.0,"key":"Bag of Preparation"},{"floor":26.0,"key":"Replay:Accelerometer"},{"floor":29.0,"key":"ReplayFunnel"},{"floor":31,"key":"Garlic"},{"floor":40,"key":"REME_LimitBreaker"},{"floor":45,"key":"Solar Panel"},{"floor":45,"key":"AT_ImmortalShieldbow"},{"floor":47,"key":"REME_PuzzleBoxRelic"},{"floor":47,"key":"Pen Nib"},{"floor":54,"key":"Mummified Hand"}],"event_choices":[{"cards_removed":["Storm"],"damage_healed":0.0,"max_hp_gain":0.0,"max_hp_loss":0.0,"gold_gain":0.0,"event_name":"Golden Wing","player_choice":"Card Removal","floor":2.0,"gold_loss":0.0,"damage_taken":7.0},{"damage_healed":0.0,"max_hp_gain":0.0,"max_hp_loss":0.0,"gold_gain":0.0,"event_name":"Big Fish","player_choice":"Box","floor":3.0,"gold_loss":0.0,"damage_taken":0.0,"relics_obtained":["AT_BellowingDragoncrestRing"],"cards_obtained":["Regret"]},{"damage_healed":0.0,"max_hp_gain":0.0,"max_hp_loss":0.0,"gold_gain":0.0,"event_name":"The Woman in Blue","player_choice":"Bought 3 Potions","floor":4.0,"gold_loss":0.0,"damage_taken":0.0},{"damage_healed":0.0,"max_hp_gain":0.0,"max_hp_loss":0.0,"gold_gain":0.0,"event_name":"WeMeetAgain","player_choice":"Gave Potion","floor":7.0,"gold_loss":0.0,"damage_taken":0.0,"relics_obtained":["ReplayTheSpireMod:Lightbulb"]},{"damage_healed":0.0,"max_hp_gain":0.0,"max_hp_loss":0.0,"gold_gain":0.0,"event_name":"Masked Bandits","player_choice":"Fought Bandits","floor":20.0,"gold_loss":0.0,"damage_taken":0.0},{"damage_healed":0.0,"max_hp_gain":0.0,"max_hp_loss":0.0,"gold_gain":0.0,"cards_transformed":["Pain"],"event_name":"Transmorgrifier","player_choice":"Transformed","floor":21.0,"gold_loss":0.0,"damage_taken":0.0,"cards_obtained":["Shame"]},{"damage_healed":0.0,"max_hp_gain":0.0,"max_hp_loss":28.0,"gold_gain":0.0,"event_name":"Vampires","player_choice":"Became a vampire","floor":25.0,"gold_loss":0.0,"damage_taken":0.0,"cards_obtained":["Bite","Bite","Bite","Bite","Bite"]},{"cards_removed":["Shame"],"damage_healed":0.0,"max_hp_gain":0.0,"max_hp_loss":0.0,"gold_gain":0.0,"event_name":"Bonfire Elementals","player_choice":"Offered Curse","floor":27.0,"gold_loss":0.0,"damage_taken":0.0,"relics_obtained":["Spirit Poop"]},{"damage_healed":0,"gold_gain":222,"player_choice":"Wore Mask","damage_taken":0,"max_hp_gain":0,"max_hp_loss":0,"event_name":"Tomb of Lord Red Mask","floor":37,"gold_loss":0},{"damage_healed":0,"gold_gain":0,"player_choice":"Ignored","damage_taken":0,"max_hp_gain":0,"max_hp_loss":0,"event_name":"SecretPortal","floor":38,"gold_loss":0},{"damage_healed":0,"gold_gain":0,"player_choice":"Ignored","damage_taken":0,"max_hp_gain":0,"max_hp_loss":0,"event_name":"The Moai Head","floor":48,"gold_loss":0}],"is_beta":false,"boss_relics":[{"not_picked":["Replay:Drink Me","Replay:Bronze Core"],"picked":"Replay:Grab Bag"},{"not_picked":["ChewingGum","Busted Crown"],"picked":"Cursed Key"},{"not_picked":["Velvet Choker","Coffee Dripper"],"picked":"Sozu"},{"not_picked":["Calling Bell","Ring of Chaos"],"picked":"REME_LowDesire"},{"not_picked":["Replay:Wanted Poster","Nuclear Battery"],"picked":"Abe\u0027s Treasure"}],"items_purged_floors":[10,28,44],"is_endless":false,"potions_floor_spawned":[8,11,14,22,24,29,35,36,47],"ascension_level":3}}