{"host":"og6lam4kt3nibbw0","time":1613417768,"event":{"mods":["AchievementEnabler","BaseMod","Colored Map","DeckTracker","Highlight Path","Keyboard Shortcuts","Minty Spire (QoL Compilation)","Permanent Neow","Quick Restart","StSLib","SuperFastMode"],"gold_per_floor":[109,29,45,95,106,106,126,126,126],"floor_reached":8,"language":"KOR","playtime":223,"items_purged":[],"score":96,"play_id":"b231b3fc-638e-409e-af50-31d53c374e34","local_time":"20210216043608","is_ascension_mode":true,"campfire_choices":[{"data":"Chaos","floor":6.0,"key":"SMITH"}],"circlet_count":0,"master_deck":["AscendersBane","Strike_B","Strike_B","Defend_B","Defend_B","Defend_B","Defend_B","Zap","Dualcast","Chaos+1","Defragment","Capacitor","Conserve Battery","Leap"],"relics":["Empty Cage"],"acts_visited":["Exordium"],"potions_floor_usage":[8],"damage_taken":[{"damage":6.0,"enemies":"Jaw Worm","floor":1.0,"turns":6.0},{"damage":2.0,"enemies":"Cultist","floor":3.0,"turns":4.0},{"damage":12.0,"enemies":"Small Slimes","floor":5.0,"turns":4.0},{"damage":11.0,"enemies":"Looter","floor":7.0,"turns":4.0},{"damage":40,"enemies":"3 Sentries","floor":8,"turns":8}],"seed_played":"4107531208539742167","potions_obtained":[{"floor":3.0,"key":"SpeedPotion"},{"floor":5.0,"key":"BlessingOfTheForge"},{"floor":7.0,"key":"Ancient Potion"}],"is_trial":false,"path_per_floor":["M","$","M","?","M","R","M","E"],"character_chosen":"DEFECT","items_purchased":["Defragment"],"campfire_rested":0,"item_purchase_floors":[2],"current_hp_per_floor":[58,58,56,56,44,44,33,0,0],"gold":126,"neow_bonus":"BOSS_RELIC","is_daily":false,"chose_seed":false,"campfire_upgraded":1,"win_rate":0.0,"timestamp":1613417768,"path_taken":["M","$","M","?","M","R","?","E"],"items_purchased_type":["Card"],"build_version":"2020-12-22","purchased_purges":0,"victory":false,"max_hp_per_floor":[71,71,71,71,71,71,71,71,71],"card_choices":[{"not_picked":["Turbo","Hologram"],"picked":"Chaos","floor":1.0},{"not_picked":["Redo","Gash"],"picked":"Capacitor","floor":3.0},{"not_picked":["Blizzard","Turbo"],"picked":"Conserve Battery","floor":5.0},{"not_picked":["Aggregate","White Noise"],"picked":"Leap","floor":7.0}],"player_experience":963469,"relics_obtained":[],"event_choices":[{"damage_healed":0.0,"max_hp_gain":0.0,"max_hp_loss":0.0,"gold_gain":50.0,"event_name":"Golden Shrine","player_choice":"Pray","floor":4.0,"gold_loss":0.0,"damage_taken":0.0}],"is_beta":false,"boss_relics":[],"items_purged_floors":[],"is_endless":false,"potions_floor_spawned":[3,5,7],"killed_by":"3 Sentries","ascension_level":20}}