{"host":"eft627g0ddukeijo","time":1613398283,"event":{"mods":["AchievementEnabler","BaseMod","Bestiary","Better Note","Block Reminder","Colored Powertips","Filter the Spire","Highlight Path","Minty Spire (QoL Compilation)","Permanent Neow","Quick Restart","Rare Cards Sparkle","Relic Stats","Slay-I","StSLib","Weighted Paths"],"gold_per_floor":[114,127,142,142,142,170,170,196,220,220,220,264,26,51,51,181,181,199,217,217,238,238,238,274,274,347,385,399,399,23,41,41,166,166,185,210,210,235,251,251,286,286,286,286,78,93,113,132,132,132,132,132,9,53,53,53],"floor_reached":55,"language":"ENG","playtime":11940,"items_purged":["Defend_B"],"score":978,"play_id":"a72bd107-0e9a-4108-a27c-517b04133d24","local_time":"20210215231123","is_ascension_mode":true,"campfire_choices":[{"floor":7.0,"key":"REST"},{"floor":10.0,"key":"REST"},{"floor":15.0,"key":"REST"},{"floor":23.0,"key":"RECALL"},{"floor":25.0,"key":"REST"},{"data":"Buffer","floor":29.0,"key":"SMITH"},{"floor":32.0,"key":"REST"},{"floor":40.0,"key":"REST"},{"data":"Loop","floor":44.0,"key":"SMITH"},{"data":"Coolheaded","floor":49.0,"key":"SMITH"},{"data":"Coolheaded","floor":52.0,"key":"SMITH"}],"circlet_count":0,"master_deck":["Defend_B","Defend_B","Defend_B","Zap","Dualcast","Reboot+1","Steam+1","All For One+1","Ball Lightning","Melter","Conserve Battery","Cold Snap","Buffer+1","Coolheaded+1","Capacitor","Go for the Eyes","Creative AI","Conserve Battery","Echo Form","Sunder","Storm","Loop+1","Seek","Self Repair+1","Double Energy","Madness","Madness","Coolheaded+1","Coolheaded","Seek","Glacier","Buffer"],"relics":["Astrolabe","Toy Ornithopter","Juzu Bracelet","Mercury Hourglass","MealTicket","Golden Idol","Torii","Medical Kit","Snecko Eye","Lizard Tail","Gremlin Horn","Mummified Hand","Runic Capacitor","Omamori","Nuclear Battery","Blue Candle","ClockworkSouvenir","Pear"],"acts_visited":["Exordium","TheCity","TheBeyond","TheEnding"],"potions_floor_usage":[],"damage_taken":[{"damage":0.0,"enemies":"Small Slimes","floor":1.0,"turns":3.0},{"damage":0.0,"enemies":"Jaw Worm","floor":2.0,"turns":4.0},{"damage":0.0,"enemies":"2 Louse","floor":3.0,"turns":2.0},{"damage":21.0,"enemies":"3 Sentries","floor":6.0,"turns":6.0},{"damage":42.0,"enemies":"Gremlin Nob","floor":8.0,"turns":4.0},{"damage":13.0,"enemies":"Lagavulin","floor":12.0,"turns":5.0},{"damage":0.0,"enemies":"2 Fungi Beasts","floor":14.0,"turns":2.0},{"damage":27.0,"enemies":"Slime Boss","floor":16.0,"turns":10.0},{"damage":8.0,"enemies":"Shell Parasite","floor":18.0,"turns":5.0},{"damage":11.0,"enemies":"2 Thieves","floor":19.0,"turns":4.0},{"damage":1.0,"enemies":"Cultist and Chosen","floor":21.0,"turns":4.0},{"damage":35.0,"enemies":"Slavers","floor":24.0,"turns":4.0},{"damage":0.0,"enemies":"Gremlin Leader","floor":27.0,"turns":7.0},{"damage":9.0,"enemies":"Centurion and Healer","floor":28.0,"turns":7.0},{"damage":0.0,"enemies":"Chosen and Byrds","floor":31.0,"turns":5.0},{"damage":15.0,"enemies":"Automaton","floor":33.0,"turns":8.0},{"damage":23.0,"enemies":"3 Darklings","floor":35.0,"turns":4.0},{"damage":0.0,"enemies":"3 Shapes","floor":36.0,"turns":2.0},{"damage":14.0,"enemies":"Writhing Mass","floor":38.0,"turns":5.0},{"damage":8.0,"enemies":"Transient","floor":39.0,"turns":5.0},{"damage":0.0,"enemies":"Nemesis","floor":41.0,"turns":7.0},{"damage":0.0,"enemies":"Maw","floor":46.0,"turns":6.0},{"damage":13.0,"enemies":"Spire Growth","floor":47.0,"turns":5.0},{"damage":0.0,"enemies":"Transient","floor":48.0,"turns":5.0},{"damage":41.0,"enemies":"Awakened One","floor":50.0,"turns":20.0},{"damage":56.0,"enemies":"Shield and Spear","floor":54.0,"turns":7.0},{"damage":74,"enemies":"The Heart","floor":55,"turns":9}],"seed_played":"1530021064083272638","potions_obtained":[{"floor":1.0,"key":"DistilledChaos"},{"floor":2.0,"key":"Swift Potion"},{"floor":14.0,"key":"DuplicationPotion"},{"floor":19.0,"key":"Fire Potion"},{"floor":20.0,"key":"BlessingOfTheForge"},{"floor":20.0,"key":"Block Potion"},{"floor":24.0,"key":"FearPotion"},{"floor":28.0,"key":"SmokeBomb"},{"floor":39.0,"key":"SteroidPotion"},{"floor":41.0,"key":"DuplicationPotion"}],"is_trial":false,"path_per_floor":["M","M","M","?","?","E","R","E","T","R","?","E","$","M","R","B",null,"M","M","?","M","?","R","E","R","T","E","M","R","$","M","R","B",null,"M","M","?","M","M","R","E","?","T","R","$","M","M","M","R","B",null,"R","$","E","B"],"character_chosen":"DEFECT","items_purchased":["Medical Kit","Coolheaded","Capacitor","Runic Capacitor","Omamori","Loop","ClockworkSouvenir","FocusPotion","Block Potion"],"campfire_rested":6,"item_purchase_floors":[13,13,13,30,30,30,45,45,53],"current_hp_per_floor":[75,75,75,72,65,49,71,33,33,55,37,24,39,39,61,34,65,57,51,51,55,55,55,30,52,52,52,43,43,58,58,75,60,71,48,58,49,45,47,69,75,75,75,75,75,75,72,75,75,49,69,69,75,29,0,0],"gold":53,"neow_bonus":"BOSS_RELIC","is_daily":false,"chose_seed":false,"campfire_upgraded":4,"win_rate":0.0,"timestamp":1613398283,"path_taken":["M","M","M","?","?","E","R","E","T","R","?","E","$","M","R","BOSS","M","M","?","M","?","R","E","R","T","E","M","R","$","M","R","BOSS","M","M","?","M","M","R","E","?","T","R","$","M","M","M","R","BOSS","R","$","E","BOSS"],"items_purchased_type":["Relic","Card","Card","Relic","Relic","Card","Relic","Potion","Potion"],"build_version":"2020-12-22","purchased_purges":1,"victory":false,"max_hp_per_floor":[75,75,75,75,75,75,75,75,75,75,75,75,75,75,75,75,75,75,75,75,75,75,75,75,75,75,75,75,75,75,75,75,75,75,75,75,75,75,75,75,75,75,75,75,75,75,75,75,75,75,75,75,75,85,85,85],"relic_stats":{"Torii":24,"Gremlin Horn":[16,17],"counters":[27,154],"Golden Idol":168,"Astrolabe":["Reboot","Steam","All For One"],"Blue Candle":[0],"Juzu Bracelet":2,"Medical Kit":[17],"Mercury Hourglass":[534],"Lizard Tail":42,"Mummified Hand":[350],"Snecko Eye":[254,246,268,256],"MealTicket":36,"obtain_stats":[{"Pear":54,"Torii":12,"Gremlin Horn":26,"Golden Idol":11,"Astrolabe":0,"Blue Candle":41,"Juzu Bracelet":6,"Runic Capacitor":30,"Omamori":30,"Medical Kit":13,"Mercury Hourglass":8,"Nuclear Battery":34,"ClockworkSouvenir":45,"Lizard Tail":24,"Mummified Hand":27,"Snecko Eye":17,"MealTicket":9,"Cracked Core":0,"Toy Ornithopter":4},{"Pear":26,"Torii":6,"Gremlin Horn":12,"Golden Idol":5,"Astrolabe":0,"Blue Candle":21,"Juzu Bracelet":4,"Runic Capacitor":14,"Omamori":14,"Medical Kit":6,"Mercury Hourglass":5,"Nuclear Battery":16,"ClockworkSouvenir":21,"Lizard Tail":12,"Mummified Hand":13,"Snecko Eye":8,"MealTicket":5,"Cracked Core":0,"Toy Ornithopter":3},{"Pear":145,"Torii":24,"Gremlin Horn":53,"Golden Idol":19,"Astrolabe":0,"Blue Candle":102,"Juzu Bracelet":15,"Runic Capacitor":67,"Omamori":67,"Medical Kit":24,"Mercury Hourglass":19,"Nuclear Battery":79,"ClockworkSouvenir":102,"Lizard Tail":53,"Mummified Hand":60,"Snecko Eye":36,"MealTicket":19,"Cracked Core":0,"Toy Ornithopter":9}],"Toy Ornithopter":34},"card_choices":[{"not_picked":["Static Discharge","Skim"],"picked":"Ball Lightning","floor":1.0},{"not_picked":["Leap","Beam Cell"],"picked":"Melter","floor":2.0},{"not_picked":["Ball Lightning","Recycle"],"picked":"Conserve Battery","floor":3.0},{"not_picked":["FTL","Reinforced Body","Beam Cell"],"picked":"SKIP","floor":6.0},{"not_picked":["Recycle","BootSequence"],"picked":"Cold Snap","floor":8.0},{"not_picked":["Redo","Aggregate"],"picked":"Buffer","floor":12.0},{"not_picked":["Double Energy","Ball Lightning"],"picked":"Go for the Eyes","floor":14.0},{"not_picked":["Thunder Strike","All For One"],"picked":"Creative AI","floor":16.0},{"not_picked":["Compile Driver","Auto Shields","Tempest"],"picked":"SKIP","floor":18.0},{"not_picked":["Beam Cell","Stack"],"picked":"Conserve Battery","floor":19.0},{"not_picked":["Rebound","Steam","Sweeping Beam"],"picked":"SKIP","floor":21.0},{"not_picked":["FTL+1","Force Field","Redo"],"picked":"SKIP","floor":24.0},{"not_picked":["Chaos","Stack"],"picked":"Sunder","floor":27.0},{"not_picked":["Gash","Coolheaded"],"picked":"Storm","floor":28.0},{"not_picked":["Compile Driver+1","Capacitor","Genetic Algorithm"],"picked":"SKIP","floor":31.0},{"not_picked":["Amplify","Multi-Cast"],"picked":"Seek","floor":33.0},{"not_picked":["Lockon+1","Reprogram"],"picked":"Self Repair+1","floor":35.0},{"not_picked":["Tempest+1","Gash+1"],"picked":"Double Energy","floor":36.0},{"not_picked":["Steam+1","Go for the Eyes+1"],"picked":"Coolheaded","floor":38.0},{"not_picked":["Stack+1","Steam"],"picked":"Coolheaded","floor":39.0},{"not_picked":["Double Energy","Coolheaded"],"picked":"Seek","floor":41.0},{"not_picked":["Stack+1","Barrage","Recycle+1"],"picked":"SKIP","floor":46.0},{"not_picked":["Redo+1","Coolheaded","Capacitor+1"],"picked":"SKIP","floor":47.0},{"not_picked":["Coolheaded+1","Loop"],"picked":"Glacier","floor":48.0},{"not_picked":["Reprogram","Steam"],"picked":"Buffer","floor":54.0}],"player_experience":594349,"relics_obtained":[{"floor":6.0,"key":"Juzu Bracelet"},{"floor":8.0,"key":"Mercury Hourglass"},{"floor":9.0,"key":"MealTicket"},{"floor":12.0,"key":"Torii"},{"floor":24.0,"key":"Lizard Tail"},{"floor":26.0,"key":"Gremlin Horn"},{"floor":27.0,"key":"Mummified Hand"},{"floor":41.0,"key":"Blue Candle"},{"floor":54.0,"key":"Pear"}],"event_choices":[{"damage_healed":0.0,"max_hp_gain":0.0,"max_hp_loss":0.0,"gold_gain":0.0,"event_name":"Scrap Ooze","player_choice":"Success","floor":4.0,"gold_loss":0.0,"damage_taken":3.0,"relics_obtained":["Toy Ornithopter"]},{"cards_removed":["Strike_B"],"damage_healed":0.0,"max_hp_gain":0.0,"max_hp_loss":0.0,"gold_gain":0.0,"event_name":"Golden Wing","player_choice":"Card Removal","floor":5.0,"gold_loss":0.0,"damage_taken":7.0},{"damage_healed":0.0,"max_hp_gain":0.0,"max_hp_loss":0.0,"gold_gain":0.0,"event_name":"Golden Idol","player_choice":"Take Damage","floor":11.0,"gold_loss":0.0,"damage_taken":18.0,"relics_obtained":["Golden Idol"]},{"damage_healed":0.0,"max_hp_gain":0.0,"max_hp_loss":0.0,"gold_gain":0.0,"event_name":"Lab","player_choice":"Got Potions","floor":20.0,"gold_loss":0.0,"damage_taken":0.0},{"damage_healed":0.0,"max_hp_gain":0.0,"max_hp_loss":0.0,"gold_gain":0.0,"event_name":"Match and Keep!","player_choice":"1 cards matched","floor":22.0,"gold_loss":0.0,"damage_taken":0.0,"cards_obtained":["Echo Form"]},{"damage_healed":0.0,"max_hp_gain":0.0,"max_hp_loss":0.0,"gold_gain":0.0,"event_name":"Winding Halls","player_choice":"Embrace Madness","floor":37.0,"gold_loss":0.0,"damage_taken":9.0,"cards_obtained":["Madness","Madness"]},{"damage_healed":0.0,"max_hp_gain":0.0,"max_hp_loss":0.0,"gold_gain":0.0,"event_name":"Tomb of Lord Red Mask","player_choice":"Ignored","floor":42.0,"gold_loss":0.0,"damage_taken":0.0}],"is_beta":false,"boss_relics":[{"not_picked":["Ectoplasm","SacredBark"],"picked":"Snecko Eye"},{"not_picked":["Sozu","Empty Cage"],"picked":"Nuclear Battery"}],"items_purged_floors":[53],"is_endless":false,"potions_floor_spawned":[1,2,14,19,24,28,39,41,46,47],"killed_by":"The Heart","ascension_level":5}}