{"host":"kybn6ox37urbij4t","time":1613426234,"event":{"mods":["Aspiration","BaseMod","Better Third Choice","Dota2Spire","Minty Spire (QoL Compilation)","Reliquary","Replay The Spire","StSLib","The Blue Laboratory","TheWitcher"],"gold_per_floor":[109,128,149,187,187,187,187],"floor_reached":6,"language":"ENG","playtime":288,"items_purged":[],"score":38,"play_id":"490b25c4-e575-4a0d-8db0-148852b700b5","local_time":"20210215225714","is_ascension_mode":false,"campfire_choices":[],"circlet_count":0,"master_deck":["SnafuTest:DefaultCommonAttack","SnafuTest:DefaultCommonAttack","SnafuTest:DefaultCommonAttack","SnafuTest:BountyHunt","SnafuTest:DefaultCommonSkill","SnafuTest:DefaultCommonSkill","SnafuTest:DefaultCommonSkill","SnafuTest:SignAard","SnafuTest:Meditation","SnafuTest:BombDimeritium"],"relics":["SnafuTest:UnstableMutagenRelic","NeowsBlessing","Boot"],"acts_visited":["Exordium"],"potions_floor_usage":[4,6],"damage_taken":[{"damage":0,"enemies":"Cultist","floor":1,"turns":1},{"damage":0,"enemies":"Jaw Worm","floor":2,"turns":1},{"damage":0,"enemies":"Small Slimes","floor":3,"turns":1},{"damage":16,"enemies":"Gremlin Gang","floor":4,"turns":6},{"damage":55,"enemies":"Lagavulin","floor":6,"turns":8}],"seed_played":"-7632420170657200361","potions_obtained":[{"floor":1,"key":"FearPotion"},{"floor":3,"key":"Toxic Potion"}],"is_trial":false,"path_per_floor":["M","M","M","M","?","E"],"character_chosen":"THE_WITCHER","items_purchased":[],"campfire_rested":0,"item_purchase_floors":[],"current_hp_per_floor":[75,75,75,59,52,0,0],"gold":187,"neow_bonus":"THREE_ENEMY_KILL","is_daily":false,"chose_seed":false,"campfire_upgraded":0,"win_rate":0.0,"timestamp":1613426234,"path_taken":["M","?","M","?","?","E"],"items_purchased_type":[],"build_version":"2020-12-22","purchased_purges":0,"victory":false,"max_hp_per_floor":[75,75,75,75,75,75,75],"card_choices":[{"not_picked":["SnafuTest:PayArmorSmith","SnafuTest:UndefeatedNarcissism"],"picked":"SnafuTest:Meditation","floor":1},{"not_picked":["SnafuTest:FlashingRaid","SnafuTest:PowerFireDamnation"],"picked":"SnafuTest:BombDimeritium","floor":2},{"not_picked":["SnafuTest:SpellBitingFrost","SnafuTest:SpellLifeDrain"],"picked":"SnafuTest:GetPaid","floor":3},{"not_picked":["SnafuTest:PayGnomePedlar","SnafuTest:SmashingSlash","SnafuTest:SignAard"],"picked":"SKIP","floor":4}],"player_experience":398528,"relics_obtained":[],"event_choices":[{"damage_healed":0,"gold_gain":0,"player_choice":"Relic ","damage_taken":7,"max_hp_gain":0,"max_hp_loss":0,"event_name":"betterThird:BetterScrap","floor":5,"gold_loss":0,"cards_obtained":["Double Energy"]}],"is_beta":false,"boss_relics":[],"items_purged_floors":[],"is_endless":false,"potions_floor_spawned":[1,3],"killed_by":"Lagavulin","ascension_level":0}}