{"host":"wmojtwekh6s3tor5","time":1613410119,"event":{"mods":["BaseMod","Colored Map","Colored Powertips","DeckTracker","Highlight Path","Minty Spire (QoL Compilation)","StSLib"],"gold_per_floor":[166,166,88,64,75,75,75,75,157,82,82,126,144,167,167,293,293,317,317,317],"floor_reached":19,"language":"ZHS","playtime":833,"items_purged":["Injury"],"score":280,"play_id":"b1686143-bb93-4fb3-b5ae-dcf1698c934e","local_time":"20210216012839","is_ascension_mode":true,"campfire_choices":[{"data":"Entrench","floor":6,"key":"SMITH"},{"data":"Flex","floor":8,"key":"SMITH"},{"floor":15,"key":"REST"}],"circlet_count":0,"master_deck":["Strike_R","Strike_R+1","Strike_R","Strike_R","Defend_R","Defend_R","Defend_R","Defend_R","Flex+1","Body Slam+1","Entrench+1","Body Slam+1"],"relics":["Tiny House","Golden Idol","Molten Egg 2","Bag of Preparation","Sundial","Empty Cage"],"acts_visited":["Exordium","TheCity"],"potions_floor_usage":[16,16,16],"damage_taken":[{"damage":6.0,"enemies":"2 Louse","floor":1.0,"turns":3.0},{"damage":0,"enemies":"Cultist","floor":5,"turns":4},{"damage":7,"enemies":"Gremlin Nob","floor":12,"turns":3},{"damage":0,"enemies":"Small Slimes","floor":13,"turns":3},{"damage":4,"enemies":"2 Fungi Beasts","floor":14,"turns":3},{"damage":0,"enemies":"Slime Boss","floor":16,"turns":7},{"damage":70,"enemies":"Shell Parasite","floor":18,"turns":14},{"damage":16,"enemies":"Spheric Guardian","floor":19,"turns":4}],"seed_played":"-3709658331888732285","potions_obtained":[{"floor":0.0,"key":"Swift Potion"},{"floor":1.0,"key":"GamblersBrew"},{"floor":13,"key":"ColorlessPotion"},{"floor":18,"key":"LiquidMemories"}],"is_trial":false,"path_per_floor":["M","?","$","?","M","R","?","R","T","$","?","E","M","M","R","B",null,"M","M"],"character_chosen":"IRONCLAD","items_purchased":["Entrench"],"campfire_rested":1,"item_purchase_floors":[3],"current_hp_per_floor":[71,71,71,71,71,71,71,71,71,71,68,61,61,57,82,82,84,14,0,0],"gold":317,"neow_bonus":"BOSS_RELIC","is_daily":false,"chose_seed":false,"campfire_upgraded":2,"win_rate":0.0,"timestamp":1613410119,"path_taken":["M","?","?","?","M","R","?","R","T","$","?","E","M","M","R","BOSS","M","M"],"items_purchased_type":["Card"],"build_version":"2020-12-22","purchased_purges":1,"victory":false,"max_hp_per_floor":[85,85,85,85,85,85,85,85,85,85,85,85,85,85,85,85,85,85,85,85],"card_choices":[{"not_picked":["Blood for Blood","Thunderclap"],"picked":"Flex","floor":0.0},{"not_picked":["Shrug It Off","Cleave"],"picked":"Body Slam","floor":1.0},{"not_picked":["Warcry","Hemokinesis","Exhume"],"picked":"SKIP","floor":5},{"not_picked":["Pommel Strike+1","Shockwave","Clothesline+1"],"picked":"SKIP","floor":12},{"not_picked":["Heavy Blade+1","Twin Strike+1","Warcry"],"picked":"SKIP","floor":13},{"not_picked":["Combust","Perfected Strike+1","Infernal Blade"],"picked":"SKIP","floor":14},{"not_picked":["Intimidate","Uppercut+1"],"picked":"Body Slam+1","floor":18}],"player_experience":627826,"relics_obtained":[{"floor":9,"key":"Molten Egg 2"},{"floor":12,"key":"Sundial"}],"event_choices":[{"damage_healed":0.0,"max_hp_gain":0.0,"max_hp_loss":0.0,"gold_gain":0.0,"event_name":"Accursed Blacksmith","player_choice":"Forge","floor":2.0,"gold_loss":0.0,"damage_taken":0.0,"cards_upgraded":["Body Slam"]},{"damage_healed":0.0,"max_hp_gain":0.0,"max_hp_loss":0.0,"gold_gain":0.0,"event_name":"World of Goop","player_choice":"Left Gold","floor":4.0,"gold_loss":24.0,"damage_taken":0.0},{"damage_healed":0,"gold_gain":0,"player_choice":"Take Wound","damage_taken":0,"relics_obtained":["Golden Idol"],"max_hp_gain":0,"max_hp_loss":0,"event_name":"Golden Idol","floor":7,"gold_loss":0,"cards_obtained":["Injury"]},{"damage_healed":0,"gold_gain":0,"player_choice":"Success","damage_taken":3,"relics_obtained":["Bag of Preparation"],"max_hp_gain":0,"max_hp_loss":0,"event_name":"Scrap Ooze","floor":11,"gold_loss":0}],"is_beta":false,"boss_relics":[{"not_picked":["Calling Bell","Runic Pyramid"],"picked":"Empty Cage"}],"items_purged_floors":[10],"is_endless":false,"potions_floor_spawned":[1,13,18],"killed_by":"Spheric Guardian","ascension_level":6}}