{"host":"daa8jqyg4gqfaysm","time":1613417056,"event":{"mods":["BaseMod","Colored Powertips","Minty Spire (QoL Compilation)","StSLib"],"gold_per_floor":[209,220,370,445,459,459,459,459,459,486,504,504,95,130,130,204,204,221,221,237,72,72,72,122,135,135,135,167,167,183,193,193,193,193],"floor_reached":33,"language":"ENG","playtime":910,"items_purged":["Doubt"],"score":576,"play_id":"c4e74649-2d43-4c40-9837-a760bc4d6a63","local_time":"20210215142416","is_ascension_mode":true,"campfire_choices":[{"floor":6,"key":"REST"},{"data":"Neutralize","floor":8,"key":"SMITH"},{"data":"Dash","floor":12,"key":"SMITH"},{"data":"Noxious Fumes","floor":15,"key":"SMITH"},{"data":"Sucker Punch","floor":23,"key":"SMITH"},{"data":"Backflip","floor":27,"key":"SMITH"},{"floor":29,"key":"REST"},{"floor":32,"key":"REST"}],"circlet_count":0,"master_deck":["AscendersBane","Strike_G","Strike_G+1","Strike_G","Strike_G","Strike_G","Defend_G","Defend_G+1","Defend_G","Defend_G","Defend_G","Survivor","Neutralize+1","Sucker Punch+1","Terror","Dash+1","Noxious Fumes+1","Master of Strategy","Slice+1","Masterful Stab","Unload+1","Expertise","Dagger Throw","Deadly Poison+1","Backflip+1","Tools of the Trade","Prepared+1","Predator"],"relics":["Ring of the Snake","Ninja Scroll","Lantern","Omamori","HoveringKite","ClockworkSouvenir","Strawberry","Whetstone"],"acts_visited":["Exordium","TheCity"],"potions_floor_usage":[28,28],"damage_taken":[{"damage":13,"enemies":"Jaw Worm","floor":1,"turns":9},{"damage":6,"enemies":"Small Slimes","floor":2,"turns":5},{"damage":0,"enemies":"2 Louse","floor":5,"turns":3},{"damage":2,"enemies":"Exordium Wildlife","floor":11,"turns":4},{"damage":7,"enemies":"Lagavulin","floor":14,"turns":5},{"damage":3,"enemies":"Hexaghost","floor":16,"turns":9},{"damage":17,"enemies":"2 Thieves","floor":18,"turns":4},{"damage":0,"enemies":"Chosen","floor":20,"turns":3},{"damage":12,"enemies":"Shelled Parasite and Fungi","floor":25,"turns":3},{"damage":0,"enemies":"Book of Stabbing","floor":28,"turns":4},{"damage":6,"enemies":"Centurion and Healer","floor":30,"turns":4},{"damage":0,"enemies":"Cultist and Chosen","floor":31,"turns":5},{"damage":70,"enemies":"Collector","floor":33,"turns":7}],"seed_played":"-8907483720018758327","potions_obtained":[{"floor":2,"key":"SpeedPotion"},{"floor":11,"key":"BlessingOfTheForge"},{"floor":16,"key":"PowerPotion"},{"floor":18,"key":"SteroidPotion"},{"floor":31,"key":"Weak Potion"}],"is_trial":false,"path_per_floor":["M","M","?","?","M","R","?","R","T","T","M","R","$","E","R","B",null,"M","?","M","$","?","R","?","M","T","R","E","R","M","M","R","B"],"character_chosen":"THE_SILENT","items_purchased":["Noxious Fumes","Master of Strategy","Slice","ClockworkSouvenir"],"campfire_rested":3,"item_purchase_floors":[13,13,13,21],"current_hp_per_floor":[46,40,40,29,29,48,28,28,28,28,26,26,26,19,19,16,54,37,37,37,37,44,44,44,32,32,32,32,53,47,47,68,0,0],"gold":193,"neow_bonus":"HUNDRED_GOLD","is_daily":false,"chose_seed":false,"campfire_upgraded":5,"win_rate":0.0,"timestamp":1613417056,"path_taken":["M","M","?","?","M","R","?","R","T","?","?","R","$","E","R","BOSS","M","?","M","$","?","R","?","M","T","R","E","R","M","M","R","BOSS"],"items_purchased_type":["Card","Card","Card","Relic"],"build_version":"2020-12-22","purchased_purges":1,"victory":false,"max_hp_per_floor":[66,66,66,66,66,66,66,66,66,66,66,66,66,66,66,66,66,66,66,66,66,73,73,73,73,73,73,73,73,73,73,73,73,73],"card_choices":[{"not_picked":["Bane","Backflip"],"picked":"Sucker Punch","floor":1},{"not_picked":["Underhanded Strike","Slice"],"picked":"Terror","floor":2},{"not_picked":["Finisher","Leg Sweep"],"picked":"Dash","floor":5},{"not_picked":["Eviscerate","Acrobatics","Dodge and Roll"],"picked":"SKIP","floor":11},{"not_picked":["Storm of Steel","Dodge and Roll"],"picked":"Masterful Stab","floor":14},{"not_picked":["Bullet Time","Envenom"],"picked":"Unload","floor":16},{"not_picked":["Sucker Punch","Noxious Fumes"],"picked":"Expertise","floor":18},{"not_picked":["Calculated Gamble","Dodge and Roll"],"picked":"Deadly Poison+1","floor":20},{"not_picked":["Sucker Punch+1","Masterful Stab"],"picked":"Backflip","floor":25},{"not_picked":["Phantasmal Killer","Riddle With Holes"],"picked":"Tools of the Trade","floor":28},{"not_picked":["Deadly Poison","Dagger Throw"],"picked":"Prepared+1","floor":30},{"not_picked":["Deadly Poison","Dagger Throw"],"picked":"Predator","floor":31}],"player_experience":874495,"relics_obtained":[{"floor":9,"key":"Ninja Scroll"},{"floor":10,"key":"Lantern"},{"floor":14,"key":"Omamori"},{"floor":28,"key":"Whetstone"}],"event_choices":[{"damage_healed":0,"gold_gain":150,"player_choice":"AGREE","damage_taken":0,"max_hp_gain":0,"max_hp_loss":0,"event_name":"Liars Game","floor":3,"gold_loss":0,"cards_obtained":["Doubt"]},{"damage_healed":0,"gold_gain":75,"player_choice":"Gather Gold","damage_taken":11,"max_hp_gain":0,"max_hp_loss":0,"event_name":"World of Goop","floor":4,"gold_loss":0},{"damage_healed":0,"gold_gain":0,"player_choice":"Entered Light","damage_taken":20,"max_hp_gain":0,"max_hp_loss":0,"event_name":"Shining Light","floor":7,"gold_loss":0,"cards_upgraded":["Defend_G","Strike_G"]},{"damage_healed":0,"gold_gain":0,"player_choice":"Read","damage_taken":0,"max_hp_gain":0,"max_hp_loss":0,"event_name":"The Library","floor":19,"gold_loss":0,"cards_obtained":["Dagger Throw"]},{"damage_healed":0,"gold_gain":0,"player_choice":"Opened","damage_taken":0,"relics_obtained":["Strawberry"],"max_hp_gain":0,"max_hp_loss":0,"event_name":"The Mausoleum","floor":22,"gold_loss":0,"cards_obtained":["Writhe"]},{"damage_healed":0,"gold_gain":50,"player_choice":"Stole From Cult","damage_taken":0,"max_hp_gain":0,"max_hp_loss":0,"event_name":"Nest","floor":24,"gold_loss":0}],"is_beta":false,"boss_relics":[{"not_picked":["Busted Crown","Fusion Hammer"],"picked":"HoveringKite"}],"items_purged_floors":[13],"is_endless":false,"potions_floor_spawned":[2,11,16,18,31],"killed_by":"Collector","ascension_level":20}}