{"host":"Christian","time":1613351756,"event":{"mods":["BaseMod","Colored Powertips","Minty Spire (QoL Compilation)","Relic Stats","StSLib"],"gold_per_floor":[111,130,145,93,93,93,124,124,147,167,197,217,142,157,157,235,235,248,248,248,224,237,237,271,271,271,290,290,290,290,324,324,399,399,415,435,1434,1434,1076,1109,1123,1123,1123,1134,1134,1134,1148,14,14,14,14,14,14,14,48,48,48],"floor_reached":56,"language":"ENG","playtime":5271,"items_purged":["Normality","Normality"],"score":2075,"play_id":"b0be86ea-d957-4381-87f9-f4586cd4fcbe","local_time":"20210214191556","is_ascension_mode":true,"campfire_choices":[{"data":"Bash","floor":6,"key":"SMITH"},{"floor":8,"key":"REST"},{"floor":15,"key":"REST"},{"floor":23,"key":"REST"},{"floor":25,"key":"REST"},{"floor":32,"key":"REST"},{"data":"Armaments","floor":42,"key":"SMITH"},{"data":"True Grit","floor":46,"key":"SMITH"},{"floor":49,"key":"RECALL"},{"data":"Apotheosis","floor":53,"key":"SMITH"}],"circlet_count":0,"master_deck":["AscendersBane","Strike_R+1","Defend_R+1","Defend_R+1","Defend_R+1","Defend_R+1","Bash+1","Disarm","Dropkick","Metallicize","Shrug It Off","Twin Strike","Cleave","Rampage","Sword Boomerang","Corruption","Intimidate+1","Ghostly","Ghostly","Ghostly","Demon Form","Shrug It Off","Exhume","Double Tap","Clothesline+1","Decay","Exhume","True Grit+1","Body Slam+1","Master of Strategy","Bandage Up","Armaments+1","Ghostly Armor+1","Writhe","Shrug It Off","Havoc","Barricade","Apotheosis+1","Second Wind","Shrug It Off"],"relics":["Runic Pyramid","Potion Belt","Red Skull","White Beast Statue","Molten Egg 2","Orichalcum","Nloth\u0027s Gift","CaptainsWheel","Cursed Key","Bag of Preparation","Lee\u0027s Waffle","Pocketwatch","Art of War"],"acts_visited":["Exordium","TheCity","TheBeyond","TheEnding"],"potions_floor_usage":[11,12,22,24,31,40,41,44,44,50,56,56,56],"damage_taken":[{"damage":4,"enemies":"Small Slimes","floor":1,"turns":4},{"damage":4,"enemies":"2 Louse","floor":2,"turns":3},{"damage":5,"enemies":"Jaw Worm","floor":3,"turns":4},{"damage":32,"enemies":"3 Sentries","floor":7,"turns":12},{"damage":1,"enemies":"Red Slaver","floor":10,"turns":5},{"damage":21,"enemies":"Lagavulin","floor":11,"turns":6},{"damage":3,"enemies":"Blue Slaver","floor":12,"turns":4},{"damage":1,"enemies":"2 Fungi Beasts","floor":14,"turns":3},{"damage":38,"enemies":"The Guardian","floor":16,"turns":12},{"damage":22,"enemies":"3 Byrds","floor":18,"turns":6},{"damage":8,"enemies":"2 Thieves","floor":21,"turns":4},{"damage":9,"enemies":"Snake Plant","floor":22,"turns":6},{"damage":14,"enemies":"Slavers","floor":24,"turns":7},{"damage":11,"enemies":"Snecko","floor":27,"turns":7},{"damage":10,"enemies":"Book of Stabbing","floor":31,"turns":6},{"damage":12,"enemies":"Champ","floor":33,"turns":9},{"damage":2,"enemies":"3 Shapes","floor":35,"turns":7},{"damage":3,"enemies":"3 Darklings","floor":36,"turns":9},{"damage":0,"enemies":"Nemesis","floor":40,"turns":9},{"damage":1,"enemies":"Maw","floor":41,"turns":11},{"damage":18,"enemies":"Spire Growth","floor":44,"turns":10},{"damage":16,"enemies":"Sphere and 2 Shapes","floor":47,"turns":8},{"damage":10,"enemies":"Donu and Deca","floor":50,"turns":11},{"damage":0,"enemies":"Time Eater","floor":51,"turns":13},{"damage":34,"enemies":"Shield and Spear","floor":55,"turns":9},{"damage":71,"enemies":"The Heart","floor":56,"turns":9}],"seed_played":"-6969233998883690682","potions_obtained":[{"floor":1,"key":"SteroidPotion"},{"floor":3,"key":"Block Potion"},{"floor":11,"key":"PowerPotion"},{"floor":12,"key":"Swift Potion"},{"floor":14,"key":"Explosive Potion"},{"floor":16,"key":"Dexterity Potion"},{"floor":22,"key":"LiquidMemories"},{"floor":24,"key":"Block Potion"},{"floor":27,"key":"Strength Potion"},{"floor":31,"key":"GamblersBrew"},{"floor":40,"key":"Block Potion"},{"floor":41,"key":"ColorlessPotion"},{"floor":44,"key":"HeartOfIron"},{"floor":47,"key":"Dexterity Potion"},{"floor":55,"key":"PowerPotion"}],"is_trial":false,"path_per_floor":["M","M","M","?","?","R","E","R","T","M","E","M","?","M","R","B",null,"M","?","?","M","M","R","E","R","T","M","?","?","?","E","R","B",null,"M","M","?","T","$","E","M","R","T","M","?","R","M","$","R","B","B",null,"R","$","E","B"],"character_chosen":"IRONCLAD","items_purchased":["Master of Strategy","Bandage Up","Lee\u0027s Waffle","Barricade","Apotheosis","Pocketwatch","Second Wind","FairyPotion"],"campfire_rested":5,"item_purchase_floors":[39,39,48,48,48,48,48,48],"current_hp_per_floor":[64,60,55,55,55,55,23,45,45,44,23,20,20,19,41,3,57,35,35,35,27,18,29,15,26,26,15,15,15,15,5,16,4,29,27,24,24,24,24,36,37,37,37,20,20,20,12,44,44,35,44,44,44,44,22,0,0],"gold":48,"neow_bonus":"BOSS_RELIC","is_daily":false,"chose_seed":false,"campfire_upgraded":4,"win_rate":0.0,"timestamp":1613351756,"path_taken":["M","M","M","?","?","R","E","R","T","M","E","M","?","?","R","BOSS","M","?","?","?","M","R","E","R","T","M","?","?","?","E","R","BOSS","M","M","?","?","$","E","M","R","T","?","?","R","M","$","R","BOSS","BOSS","R","$","E","BOSS"],"items_purchased_type":["Card","Card","Relic","Card","Card","Relic","Card","Potion"],"build_version":"2020-12-18","purchased_purges":2,"victory":false,"max_hp_per_floor":[75,75,75,75,75,75,75,75,75,75,75,75,75,75,75,75,75,75,37,37,37,37,37,37,37,37,37,37,37,37,37,37,37,37,37,37,37,37,37,37,37,37,37,37,37,37,37,44,44,44,44,44,44,44,44,44,44],"relic_stats":{"Lee\u0027s Waffle":32,"counters":[26,194],"Nloth\u0027s Gift":3,"Bag of Preparation":[14],"Art of War":[3],"Orichalcum":[210],"Cursed Key":1,"obtain_stats":[{"Potion Belt":7,"Lee\u0027s Waffle":48,"Bag of Preparation":40,"Orichalcum":26,"Empty Cage":17,"Cursed Key":34,"Burning Blood":0,"White Beast Statue":11,"CaptainsWheel":31,"Molten Egg 2":24,"Nloth\u0027s Gift":30,"Art of War":55,"Red Skull":9,"Runic Pyramid":0,"Pocketwatch":48},{"Potion Belt":4,"Lee\u0027s Waffle":22,"Bag of Preparation":19,"Orichalcum":13,"Empty Cage":9,"Cursed Key":16,"Burning Blood":0,"White Beast Statue":6,"CaptainsWheel":15,"Molten Egg 2":13,"Nloth\u0027s Gift":14,"Art of War":25,"Red Skull":4,"Runic Pyramid":0,"Pocketwatch":22},{"Potion Belt":23,"Lee\u0027s Waffle":152,"Bag of Preparation":123,"Orichalcum":76,"Empty Cage":53,"Cursed Key":98,"Burning Blood":0,"White Beast Statue":34,"CaptainsWheel":89,"Molten Egg 2":76,"Nloth\u0027s Gift":83,"Art of War":185,"Red Skull":23,"Runic Pyramid":0,"Pocketwatch":152}],"Pocketwatch":[6]},"card_choices":[{"not_picked":["Intimidate","Sentinel"],"picked":"Disarm","floor":1},{"not_picked":["Heavy Blade","True Grit"],"picked":"Dropkick","floor":2},{"not_picked":["Heavy Blade","Thunderclap"],"picked":"Metallicize","floor":3},{"not_picked":["Flex","Perfected Strike"],"picked":"Shrug It Off","floor":7},{"not_picked":["Body Slam","Cleave"],"picked":"Twin Strike","floor":10},{"not_picked":["Clash","Iron Wave"],"picked":"Cleave","floor":11},{"not_picked":["Heavy Blade","Clash"],"picked":"Rampage","floor":12},{"not_picked":["Intimidate","Flex"],"picked":"Sword Boomerang","floor":14},{"not_picked":["Brutality","Barricade"],"picked":"Corruption","floor":16},{"not_picked":["Fire Breathing","Pommel Strike"],"picked":"Intimidate+1","floor":18},{"not_picked":["Clothesline","Clash"],"picked":"Shrug It Off","floor":21},{"not_picked":["Sever Soul","Iron Wave"],"picked":"Exhume","floor":22},{"not_picked":["Battle Trance","Twin Strike+1"],"picked":"Double Tap","floor":24},{"not_picked":["Sentinel","Thunderclap+1"],"picked":"Clothesline+1","floor":27},{"not_picked":["Headbutt+1","Flex","Battle Trance"],"picked":"SKIP","floor":31},{"not_picked":["Double Tap","Immolate+1"],"picked":"Exhume","floor":33},{"not_picked":["Pommel Strike+1","Anger+1"],"picked":"True Grit","floor":35},{"not_picked":["Spot Weakness","True Grit"],"picked":"Body Slam+1","floor":36},{"not_picked":["Bludgeon+1","Offering"],"picked":"Armaments","floor":40},{"not_picked":["Sword Boomerang+1","Intimidate"],"picked":"Ghostly Armor+1","floor":41},{"not_picked":["Uppercut+1","Anger+1"],"picked":"Shrug It Off","floor":44},{"not_picked":["Twin Strike+1","Feed+1"],"picked":"Havoc","floor":47},{"not_picked":["Thunderclap+1","Hemokinesis+1"],"picked":"Shrug It Off","floor":55}],"player_experience":102589,"relics_obtained":[{"floor":7,"key":"Potion Belt"},{"floor":9,"key":"Red Skull"},{"floor":11,"key":"White Beast Statue"},{"floor":24,"key":"Molten Egg 2"},{"floor":26,"key":"Orichalcum"},{"floor":31,"key":"CaptainsWheel"},{"floor":40,"key":"Bag of Preparation"},{"floor":55,"key":"Art of War"}],"event_choices":[{"damage_healed":0,"gold_gain":0,"player_choice":"Left Gold","damage_taken":0,"max_hp_gain":0,"max_hp_loss":0,"event_name":"World of Goop","floor":4,"gold_loss":52},{"damage_healed":0,"gold_gain":0,"player_choice":"Ignored","damage_taken":0,"max_hp_gain":0,"max_hp_loss":0,"event_name":"Liars Game","floor":5,"gold_loss":0},{"cards_removed":["Strike_R"],"damage_healed":0,"gold_gain":0,"player_choice":"Card Removal","damage_taken":0,"max_hp_gain":0,"max_hp_loss":0,"event_name":"The Cleric","floor":13,"gold_loss":75},{"damage_healed":0,"gold_gain":0,"player_choice":"Became a Ghost","damage_taken":0,"max_hp_gain":0,"max_hp_loss":38,"event_name":"Ghosts","floor":19,"gold_loss":0,"cards_obtained":["Ghostly","Ghostly","Ghostly"]},{"damage_healed":0,"gold_gain":0,"cards_transformed":["Strike_R"],"player_choice":"Transformed","damage_taken":0,"max_hp_gain":0,"max_hp_loss":0,"event_name":"Transmorgrifier","floor":20,"gold_loss":0,"cards_obtained":["Demon Form"]},{"damage_healed":0,"gold_gain":0,"player_choice":"Simplicity","damage_taken":0,"max_hp_gain":0,"max_hp_loss":0,"event_name":"Back to Basics","floor":28,"gold_loss":0,"cards_upgraded":["Strike_R","Defend_R","Defend_R","Defend_R","Defend_R"]},{"damage_healed":0,"gold_gain":0,"player_choice":"Smashed Altar","damage_taken":0,"max_hp_gain":0,"max_hp_loss":0,"event_name":"Forgotten Altar","floor":29,"gold_loss":0,"cards_obtained":["Decay"]},{"damage_healed":0,"gold_gain":0,"player_choice":"Traded Relic","damage_taken":0,"relics_obtained":["Nloth\u0027s Gift"],"max_hp_gain":0,"max_hp_loss":0,"event_name":"N\u0027loth","floor":30,"relics_lost":["Empty Cage"],"gold_loss":0},{"damage_healed":0,"gold_gain":999,"player_choice":"Gold","damage_taken":0,"max_hp_gain":0,"max_hp_loss":0,"event_name":"MindBloom","floor":37,"gold_loss":0,"cards_obtained":["Normality","Normality"]},{"damage_healed":0,"gold_gain":0,"player_choice":"Ignored","damage_taken":0,"max_hp_gain":0,"max_hp_loss":0,"event_name":"Mysterious Sphere","floor":45,"gold_loss":0}],"is_beta":true,"boss_relics":[{"not_picked":["Ectoplasm","Velvet Choker"],"picked":"Empty Cage"},{"not_picked":["Philosopher\u0027s Stone","Mark of Pain"],"picked":"Cursed Key"}],"items_purged_floors":[39,48],"is_endless":false,"potions_floor_spawned":[1,3,11,12,14,16,18,21,22,24,27,31,33,35,36,40,41,44,47,55],"killed_by":"The Heart","ascension_level":20}}