{"host":"s41rn2jhghpwfrvz","time":1613374986,"event":{"mods":["BaseMod","Minty Spire (QoL Compilation)","Quick Restart","Relic Stats","SuperFastMode"],"gold_per_floor":[117,42,42,42,55,87,102,115,165,182,82,82,117,152,152,226,226,244,244,254,254,282,315,334,362,385,419,431,431,465,477,477,548,548,566,1565,1585,1663,1453,1453,1464,1496,1496,1509,1544,1577,1577,1607,1607,1607,1607,1607,1607,1100,1127,1127],"floor_reached":57,"language":"ENG","playtime":1559,"items_purged":["Warcry","Intimidate","FlurryOfBlows","Dash"],"score":3451,"play_id":"c8e21231-7883-4f24-9109-cc4625b50ad7","local_time":"20210215094306","daily_mods":["SealedDeck","Diverse","DeadlyEvents"],"is_ascension_mode":true,"campfire_choices":[{"data":"Pommel Strike","floor":12,"key":"SMITH"},{"data":"Feel No Pain","floor":15,"key":"SMITH"},{"data":"Backflip","floor":29,"key":"SMITH"},{"floor":32,"key":"RECALL"},{"data":"Dark Embrace","floor":40,"key":"SMITH"},{"data":"Undo","floor":47,"key":"SMITH"},{"data":"Inflame","floor":49,"key":"SMITH"},{"data":"Collect","floor":53,"key":"SMITH"}],"circlet_count":0,"master_deck":["AscendersBane","Collect+1","Undo+1","Pommel Strike+1","Gash","Gash","Feel No Pain+1","Heatsinks","Blade Dance+1","Backflip+1","Gash+1","Dark Embrace+1","Inflame+1","Dark Embrace","Burning Pact"],"relics":["Burning Blood","Bottled Lightning","Happy Flower","Mummified Hand","Runic Dome","Ancient Tea Set","Potion Belt","Regal Pillow","Orichalcum","Omamori","Anchor","Runic Cube","Kunai","Smiling Mask","Self Forming Clay","Incense Burner","Pen Nib","Boot","Art of War","Frozen Eye","Oddly Smooth Stone"],"acts_visited":["Exordium","TheCity","TheBeyond","TheEnding"],"potions_floor_usage":[23,27,27,44,56,56,56],"damage_taken":[{"damage":0,"enemies":"Cultist","floor":1,"turns":2},{"damage":0,"enemies":"2 Louse","floor":5,"turns":2},{"damage":14,"enemies":"Lagavulin","floor":6,"turns":4},{"damage":0,"enemies":"Jaw Worm","floor":7,"turns":2},{"damage":0,"enemies":"Looter","floor":8,"turns":2},{"damage":6,"enemies":"3 Louse","floor":10,"turns":3},{"damage":7,"enemies":"3 Sentries","floor":13,"turns":5},{"damage":5,"enemies":"Gremlin Nob","floor":14,"turns":3},{"damage":6,"enemies":"The Guardian","floor":16,"turns":6},{"damage":0,"enemies":"Chosen","floor":18,"turns":4},{"damage":7,"enemies":"Spheric Guardian","floor":20,"turns":3},{"damage":0,"enemies":"Book of Stabbing","floor":22,"turns":4},{"damage":6,"enemies":"Slavers","floor":23,"turns":7},{"damage":2,"enemies":"Snake Plant","floor":24,"turns":5},{"damage":36,"enemies":"Book of Stabbing","floor":25,"turns":5},{"damage":14,"enemies":"Slavers","floor":27,"turns":6},{"damage":0,"enemies":"Sentry and Sphere","floor":28,"turns":4},{"damage":0,"enemies":"Gremlin Leader","floor":30,"turns":4},{"damage":0,"enemies":"3 Cultists","floor":31,"turns":4},{"damage":31,"enemies":"Collector","floor":33,"turns":6},{"damage":0,"enemies":"Orb Walker","floor":35,"turns":3},{"damage":9,"enemies":"3 Shapes","floor":37,"turns":3},{"damage":0,"enemies":"Jaw Worm Horde","floor":41,"turns":2},{"damage":0,"enemies":"Reptomancer","floor":42,"turns":2},{"damage":0,"enemies":"Spire Growth","floor":44,"turns":2},{"damage":0,"enemies":"Giant Head","floor":45,"turns":2},{"damage":1,"enemies":"Reptomancer","floor":46,"turns":4},{"damage":0,"enemies":"Giant Head","floor":48,"turns":2},{"damage":0,"enemies":"Awakened One","floor":50,"turns":4},{"damage":19,"enemies":"Time Eater","floor":51,"turns":7},{"damage":0,"enemies":"Shield and Spear","floor":55,"turns":2},{"damage":40,"enemies":"The Heart","floor":56,"turns":5}],"seed_played":"-7972354227134204980","potions_obtained":[{"floor":5,"key":"PowerPotion"},{"floor":6,"key":"Swift Potion"},{"floor":24,"key":"Regen Potion"},{"floor":25,"key":"Fire Potion"},{"floor":27,"key":"SmokeBomb"},{"floor":28,"key":"SkillPotion"},{"floor":33,"key":"BloodPotion"},{"floor":37,"key":"Dexterity Potion"},{"floor":44,"key":"Swift Potion"}],"is_trial":true,"path_per_floor":["M","$","?","?","M","E","M","M","T","M","$","R","E","E","R","B",null,"M","?","M","?","E","E","M","E","T","E","M","R","E","M","R","B",null,"M","?","M","T","$","R","M","E","T","M","E","E","R","E","R","B","B",null,"R","$","E","B",null],"character_chosen":"IRONCLAD","items_purchased":["Dark Embrace","Ancient Potion","Art of War","Frozen Eye","Dark Embrace"],"campfire_rested":0,"item_purchase_floors":[39,54,54,54,54],"current_hp_per_floor":[74,74,74,79,80,72,78,80,80,80,80,80,79,80,80,80,80,80,80,79,79,80,80,80,50,50,57,63,63,69,75,75,50,73,79,79,76,76,76,76,80,80,80,80,80,80,80,80,80,80,67,77,77,77,80,46],"gold":1127,"neow_bonus":"","is_daily":false,"chose_seed":false,"campfire_upgraded":7,"win_rate":0.0,"timestamp":1613374986,"path_taken":["M","$","?","?","M","E","M","M","T","M","?","R","E","?","R","BOSS","M","?","M","?","?","E","M","E","T","E","M","R","E","?","R","BOSS","M","?","M","?","$","R","?","E","T","M","?","E","R","E","R","BOSS","BOSS","R","$","E","BOSS"],"items_purchased_type":["Card","Potion","Relic","Relic","Card"],"build_version":"2020-12-22","purchased_purges":4,"victory":true,"max_hp_per_floor":[75,75,75,80,80,80,80,80,80,80,80,80,80,80,80,80,80,80,80,80,80,80,80,80,80,80,80,80,80,80,80,80,80,80,80,80,80,80,80,80,80,80,80,80,80,80,80,80,80,80,80,80,80,80,80,80],"relic_stats":{"Regal Pillow":0,"Happy Flower":[33],"counters":[32,119],"Self Forming Clay":[24],"Pen Nib":[19],"Orichalcum":[6],"Smiling Mask":100,"Boot":[18],"Burning Blood":128,"Mummified Hand":[82],"Art of War":[0],"Kunai":[99],"obtain_stats":[{"Potion Belt":23,"Regal Pillow":25,"Happy Flower":13,"Self Forming Clay":43,"Oddly Smooth Stone":55,"Pen Nib":46,"Omamori":27,"Incense Burner":45,"Orichalcum":26,"Ancient Tea Set":22,"Smiling Mask":42,"Boot":48,"Burning Blood":0,"Runic Dome":17,"Frozen Eye":54,"Anchor":30,"Mummified Hand":14,"Art of War":54,"Bottled Lightning":6,"Kunai":38,"Runic Cube":34},{"Potion Belt":13,"Regal Pillow":15,"Happy Flower":7,"Self Forming Clay":24,"Oddly Smooth Stone":31,"Pen Nib":27,"Omamori":16,"Incense Burner":26,"Orichalcum":15,"Ancient Tea Set":12,"Smiling Mask":24,"Boot":28,"Burning Blood":0,"Runic Dome":9,"Frozen Eye":30,"Anchor":18,"Mummified Hand":8,"Art of War":30,"Bottled Lightning":3,"Kunai":22,"Runic Cube":20},{"Potion Belt":47,"Regal Pillow":57,"Happy Flower":20,"Self Forming Clay":91,"Oddly Smooth Stone":114,"Pen Nib":99,"Omamori":63,"Incense Burner":95,"Orichalcum":57,"Ancient Tea Set":40,"Smiling Mask":91,"Boot":101,"Burning Blood":0,"Runic Dome":29,"Frozen Eye":112,"Anchor":71,"Mummified Hand":23,"Art of War":112,"Bottled Lightning":8,"Kunai":87,"Runic Cube":81}],"Runic Cube":[9]},"card_choices":[{"not_picked":["Underhanded Strike","Steam","Hemokinesis"],"picked":"SKIP","floor":1},{"not_picked":["Backstab","Shrug It Off","Swivel"],"picked":"SKIP","floor":5},{"not_picked":["Caltrops","Bloodletting","Adaptation"],"picked":"SKIP","floor":6},{"not_picked":["Infernal Blade","Sucker Punch","Barrage"],"picked":"SKIP","floor":7},{"not_picked":["Chaos","Double Energy","Blade Dance"],"picked":"SKIP","floor":8},{"not_picked":["Twin Strike","Fission","Storm"],"picked":"SKIP","floor":10},{"not_picked":["Poisoned Stab","Fire Breathing"],"picked":"Feel No Pain","floor":13},{"not_picked":["Flex","Pray","Flying Knee"],"picked":"SKIP","floor":14},{"not_picked":["Clash","Adaptation","Hemokinesis"],"picked":"SKIP","floor":18},{"not_picked":["Clash","Slice"],"picked":"Blade Dance","floor":20},{"not_picked":["Wild Strike","Loop","Meditate"],"picked":"SKIP","floor":22},{"not_picked":["Indignation","Whirlwind","White Noise"],"picked":"SKIP","floor":23},{"not_picked":["Perfected Strike","Conserve Battery","ThirdEye"],"picked":"SKIP","floor":24},{"not_picked":["Headbutt","Wish","Double Energy"],"picked":"SKIP","floor":25},{"not_picked":["Anger","Protect"],"picked":"Backflip","floor":27},{"not_picked":["Indignation+1","Hologram","Eviscerate"],"picked":"SKIP","floor":28},{"not_picked":["Fasting2","Doom and Gloom","Beam Cell+1"],"picked":"SKIP","floor":30},{"not_picked":["Rupture+1","Warcry"],"picked":"Gash+1","floor":31},{"not_picked":["Flex","Cleave","Thunderclap"],"picked":"SKIP","floor":35},{"not_picked":["Body Slam","Rupture","Spot Weakness+1"],"picked":"SKIP","floor":37},{"not_picked":["Stack+1","Sweeping Beam+1","Heatsinks"],"picked":"SKIP","floor":41},{"not_picked":["CutThroughFate","Concentrate","Body Slam+1"],"picked":"SKIP","floor":42},{"not_picked":["Perfected Strike","Evaluate","Reflex"],"picked":"SKIP","floor":44},{"not_picked":["Adaptation+1","SignatureMove","PiercingWail+1"],"picked":"SKIP","floor":45},{"not_picked":["Reflex","Flying Knee","Scrape"],"picked":"SKIP","floor":46},{"not_picked":["Inflame","Prostrate","Impervious"],"picked":"SKIP","floor":48},{"not_picked":["Prostrate","Impervious"],"picked":"Inflame","floor":48},{"not_picked":["Pray","Prepared+1"],"picked":"Burning Pact","floor":55}],"player_experience":1917599,"relics_obtained":[{"floor":6,"key":"Bottled Lightning"},{"floor":13,"key":"Happy Flower"},{"floor":14,"key":"Mummified Hand"},{"floor":22,"key":"Ancient Tea Set"},{"floor":23,"key":"Potion Belt"},{"floor":25,"key":"Regal Pillow"},{"floor":26,"key":"Orichalcum"},{"floor":27,"key":"Omamori"},{"floor":30,"key":"Anchor"},{"floor":38,"key":"Kunai"},{"floor":42,"key":"Smiling Mask"},{"floor":43,"key":"Self Forming Clay"},{"floor":45,"key":"Incense Burner"},{"floor":46,"key":"Pen Nib"},{"floor":48,"key":"Boot"},{"floor":55,"key":"Oddly Smooth Stone"}],"event_choices":[{"damage_healed":0,"gold_gain":0,"player_choice":"Ignored","damage_taken":0,"max_hp_gain":0,"max_hp_loss":0,"event_name":"Liars Game","floor":3,"gold_loss":0},{"damage_healed":0,"gold_gain":0,"player_choice":"Donut","damage_taken":0,"max_hp_gain":5,"max_hp_loss":0,"event_name":"Big Fish","floor":4,"gold_loss":0},{"damage_healed":0,"gold_gain":0,"cards_transformed":["ForeignInfluence","Quick Slash"],"player_choice":"Became Test Subject","damage_taken":0,"max_hp_gain":0,"max_hp_loss":0,"event_name":"Drug Dealer","floor":19,"gold_loss":0,"cards_obtained":["Heatsinks","FlurryOfBlows"]},{"damage_healed":0,"gold_gain":0,"player_choice":"Upgraded","damage_taken":0,"max_hp_gain":0,"max_hp_loss":0,"event_name":"Upgrade Shrine","floor":21,"gold_loss":0,"cards_upgraded":["Blade Dance"]},{"damage_healed":0,"gold_gain":999,"player_choice":"Gold","damage_taken":0,"max_hp_gain":0,"max_hp_loss":0,"event_name":"MindBloom","floor":36,"gold_loss":0,"cards_obtained":["Normality","Normality"]}],"is_beta":false,"boss_relics":[{"not_picked":["Snecko Eye","Fusion Hammer"],"picked":"Runic Dome"},{"not_picked":["Black Blood","Mark of Pain"],"picked":"Runic Cube"}],"items_purged_floors":[2,11,39,54],"is_endless":false,"potions_floor_spawned":[5,6,7,10,14,22,24,25,27,28,33,37,41,44,46],"ascension_level":20}}