{"host":"d5i1qeb9dejicw1z","time":1613359036,"event":{"mods":["AchievementEnabler","BaseMod","Better Note","BetterRewards","Evolution","Gold Saver","Minty Spire (QoL Compilation)","Permanent Neow","Relic Filter Mod","Reliquary","StSLib"],"gold_per_floor":[552,552,552,563,563,563,592,612,612,365,365,384,198,198,198,272,272,286,301,51,51,63,63,63,63,89,121,121,152,172,184,184,260,260,271,288,78,78,98,127,127,127,127,127,127,141,158,211,211,211],"floor_reached":51,"language":"ENG","playtime":5516,"items_purged":["Defend_G","Defend_G","Blade Dance"],"score":1585,"play_id":"2e654887-6ec5-4307-a903-7ac49c140caa","local_time":"20210214191716","is_ascension_mode":true,"campfire_choices":[{"data":"Flying Knee","floor":6,"key":"SMITH"},{"data":"Flying Knee","floor":11,"key":"SMITH"},{"floor":15,"key":"REST"},{"data":"Accuracy","floor":23,"key":"SMITH"},{"data":"Adrenaline","floor":25,"key":"SMITH"},{"data":"Cloak And Dagger","floor":28,"key":"SMITH"},{"data":"Cloak And Dagger","floor":32,"key":"SMITH"},{"data":"Blur","floor":41,"key":"SMITH"},{"data":"Neutralize","floor":44,"key":"SMITH"},{"data":"Backflip","floor":49,"key":"SMITH"}],"circlet_count":0,"master_deck":["AscendersBane","Flying Knee+1","Flying Knee+1","Flying Knee","Cloak And Dagger+1","Cloak And Dagger+1","Neutralize+1","Backflip+1","Escape Plan","Backflip","Accuracy+1","Adrenaline+1","Infinite Blades","Adrenaline+1","Neutralize","Bouncing Flask+1","Blur+1","Accuracy+1"],"relics":["Ring of the Snake","EVO:Axolotl","reliquary:TatteredRug","Gremlin Horn","Ninja Scroll","Ornamental Fan","Pen Nib","reliquary:FeatherDuster","WristBlade","DollysMirror","reliquary:PorcupineQuills","StrikeDummy","Kunai","Black Star","Anchor","reliquary:PurpleTingedLeaf","reliquary:IridiumChain","Unceasing Top"],"acts_visited":["Exordium","TheCity","TheBeyond"],"potions_floor_usage":[16,27,33,33,48,50,50],"damage_taken":[{"damage":0,"enemies":"Small Slimes","floor":1,"turns":2},{"damage":1,"enemies":"Cultist","floor":4,"turns":3},{"damage":10,"enemies":"Lagavulin","floor":7,"turns":5},{"damage":0,"enemies":"Jaw Worm","floor":8,"turns":3},{"damage":3,"enemies":"Exordium Thugs","floor":12,"turns":4},{"damage":18,"enemies":"Hexaghost","floor":16,"turns":8},{"damage":0,"enemies":"Chosen","floor":18,"turns":2},{"damage":0,"enemies":"Shell Parasite","floor":19,"turns":2},{"damage":0,"enemies":"Snake Plant","floor":22,"turns":3},{"damage":0,"enemies":"Book of Stabbing","floor":27,"turns":2},{"damage":0,"enemies":"Slavers","floor":29,"turns":2},{"damage":0,"enemies":"Snecko","floor":30,"turns":2},{"damage":0,"enemies":"3 Cultists","floor":31,"turns":1},{"damage":0,"enemies":"Automaton","floor":33,"turns":4},{"damage":0,"enemies":"3 Shapes","floor":35,"turns":1},{"damage":0,"enemies":"Orb Walker","floor":36,"turns":1},{"damage":0,"enemies":"4 Shapes","floor":39,"turns":2},{"damage":0,"enemies":"Reptomancer","floor":40,"turns":3},{"damage":0,"enemies":"3 Darklings","floor":46,"turns":3},{"damage":0,"enemies":"Transient","floor":47,"turns":6},{"damage":0,"enemies":"2 Orb Walkers","floor":48,"turns":2},{"damage":42,"enemies":"Time Eater","floor":50,"turns":10}],"seed_played":"4368188460439521649","potions_obtained":[{"floor":4,"key":"LiquidBronze"},{"floor":16,"key":"DistilledChaos"},{"floor":27,"key":"LiquidMemories"},{"floor":29,"key":"PowerPotion"},{"floor":31,"key":"Dexterity Potion"},{"floor":33,"key":"AttackPotion"},{"floor":35,"key":"GamblersBrew"},{"floor":47,"key":"SteroidPotion"},{"floor":48,"key":"LiquidMemories"}],"is_trial":false,"path_per_floor":["M","?","?","M","?","R","E","M","T","$","R","M","$","T","R","B",null,"M","M","$","?","M","R","?","R","T","E","R","E","M","M","R","B",null,"M","M","$","?","M","E","R","?","T","R","?","M","M","?","R","B",null],"character_chosen":"THE_SILENT","items_purchased":["Pen Nib","Accuracy","Infinite Blades","DollysMirror","Blur"],"campfire_rested":1,"item_purchase_floors":[10,13,20,20,37],"current_hp_per_floor":[59,59,59,58,53,53,43,43,43,43,43,40,40,40,59,41,60,60,60,60,60,60,60,60,60,60,60,60,60,60,60,60,60,65,65,65,65,65,65,65,65,63,63,63,63,63,63,63,63,23],"gold":211,"neow_bonus":"RANDOM_COMMON_RELIC","is_daily":false,"chose_seed":false,"campfire_upgraded":9,"win_rate":0.0,"timestamp":1613359036,"path_taken":["M","?","?","?","?","R","E","M","T","$","R","M","?","?","R","BOSS","M","M","$","?","M","R","?","R","T","E","R","E","M","M","R","BOSS","M","?","$","?","?","E","R","?","T","R","?","M","M","?","R","BOSS"],"items_purchased_type":["Relic","Card","Card","Relic","Card"],"build_version":"2020-12-22","purchased_purges":3,"victory":true,"max_hp_per_floor":[66,66,66,66,66,66,66,66,66,66,66,66,66,66,66,66,66,66,66,66,66,66,66,66,66,66,66,66,66,66,66,66,66,66,66,66,66,66,66,66,66,63,63,63,63,63,63,63,63,63],"card_choices":[{"not_picked":["Sucker Punch","Prepared","Deadly Poison"],"picked":"SKIP","floor":1},{"not_picked":["Outmaneuver","Dagger Throw"],"picked":"Backflip","floor":4},{"not_picked":["Flying Knee","Dash"],"picked":"Escape Plan","floor":7},{"not_picked":["Finisher","Quick Slash"],"picked":"Backflip","floor":8},{"not_picked":["Concentrate","Predator","Sucker Punch"],"picked":"SKIP","floor":12},{"not_picked":["A Thousand Cuts","Grand Finale"],"picked":"Adrenaline","floor":16},{"not_picked":["Calculated Gamble","All Out Attack+1","Deadly Poison"],"picked":"SKIP","floor":18},{"not_picked":["PiercingWail+1","Acrobatics","Slice"],"picked":"SKIP","floor":19},{"not_picked":["Tactician","Predator","Prepared"],"picked":"SKIP","floor":22},{"not_picked":["Caltrops","PiercingWail"],"picked":"Blade Dance","floor":27},{"not_picked":["Sucker Punch","Dodge and Roll","Underhanded Strike"],"picked":"SKIP","floor":29},{"not_picked":["Tactician","Bullet Time","Slice"],"picked":"SKIP","floor":30},{"not_picked":["Riddle With Holes+1","Bane","PiercingWail"],"picked":"SKIP","floor":31},{"not_picked":["Slice+1","Reflex"],"picked":"Bouncing Flask+1","floor":35},{"not_picked":["Predator","Bane+1","PiercingWail+1"],"picked":"SKIP","floor":36},{"not_picked":["Acrobatics","Blade Dance","Doppelganger"],"picked":"SKIP","floor":39},{"not_picked":["Quick Slash","Well Laid Plans+1","Backflip"],"picked":"SKIP","floor":40},{"not_picked":["Poisoned Stab","Deflect","Outmaneuver"],"picked":"SKIP","floor":46},{"not_picked":["Deflect+1","PiercingWail","Tactician"],"picked":"SKIP","floor":47},{"not_picked":["Bane","Footwork"],"picked":"Accuracy+1","floor":48}],"player_experience":1264733,"relics_obtained":[{"floor":7,"key":"Ninja Scroll"},{"floor":9,"key":"Ornamental Fan"},{"floor":14,"key":"reliquary:FeatherDuster"},{"floor":26,"key":"reliquary:PorcupineQuills"},{"floor":27,"key":"StrikeDummy"},{"floor":29,"key":"Kunai"},{"floor":40,"key":"Anchor"},{"floor":40,"key":"reliquary:PurpleTingedLeaf"},{"floor":43,"key":"reliquary:IridiumChain"},{"floor":48,"key":"Unceasing Top"}],"event_choices":[{"damage_healed":0,"gold_gain":0,"player_choice":"Ignored","damage_taken":0,"max_hp_gain":0,"max_hp_loss":0,"event_name":"Liars Game","floor":2,"gold_loss":0},{"cards_removed":["Defend_G"],"damage_healed":0,"gold_gain":0,"player_choice":"Purged","damage_taken":0,"max_hp_gain":0,"max_hp_loss":0,"event_name":"Purifier","floor":3,"gold_loss":0},{"damage_healed":0,"gold_gain":0,"player_choice":"Success","damage_taken":5,"relics_obtained":["Gremlin Horn"],"max_hp_gain":0,"max_hp_loss":0,"event_name":"Scrap Ooze","floor":5,"gold_loss":0},{"damage_healed":0,"gold_gain":0,"player_choice":"1 cards matched","damage_taken":0,"max_hp_gain":0,"max_hp_loss":0,"event_name":"Match and Keep!","floor":21,"gold_loss":0,"cards_obtained":["Neutralize"]},{"damage_healed":0,"gold_gain":0,"player_choice":"Upgraded","damage_taken":0,"max_hp_gain":0,"max_hp_loss":0,"event_name":"Upgrade Shrine","floor":24,"gold_loss":0,"cards_upgraded":["Adrenaline"]},{"damage_healed":0,"gold_gain":0,"player_choice":"Ignored","damage_taken":0,"max_hp_gain":0,"max_hp_loss":0,"event_name":"betterNote:BetterNote","floor":38,"gold_loss":0,"cards_obtained":["Echo Form"]},{"damage_healed":0,"gold_gain":0,"player_choice":"Max HP","damage_taken":0,"max_hp_gain":0,"max_hp_loss":3,"event_name":"Winding Halls","floor":42,"gold_loss":0},{"damage_healed":0,"gold_gain":0,"player_choice":"Memory 1","damage_taken":0,"max_hp_gain":0,"max_hp_loss":0,"event_name":"SensoryStone","floor":45,"gold_loss":0},{"damage_healed":0,"gold_gain":0,"player_choice":"Fight","damage_taken":0,"max_hp_gain":0,"max_hp_loss":0,"event_name":"Mysterious Sphere","floor":48,"gold_loss":0}],"is_beta":false,"boss_relics":[{"not_picked":["SacredBark","Coffee Dripper"],"picked":"WristBlade"},{"not_picked":["Busted Crown","reliquary:WritOfMandamus"],"picked":"Black Star"}],"items_purged_floors":[10,13,37],"is_endless":false,"potions_floor_spawned":[4,16,27,29,31,33,35,47,48],"ascension_level":19}}