{"host":"qp7xs8nuzfsyommi","time":1613429322,"event":{"mods":["2.2 Compatiblity","BaseMod","Colored Powertips","DeckTracker","Highlight Path","Minty Spire (QoL Compilation)","Permanent Neow","Quick Restart","StSLib"],"gold_per_floor":[111,129,149,161,211,211,246,246,270,270,283,311,45,74,74,145,145,159,169,183,197,216,216,249,249,272,272,289,302,302,322,322,396,396,407,112,123,133,133,133,162,175,198,208,227,227,227,260,260,260,260,260],"floor_reached":51,"language":"ENG","playtime":3226,"items_purged":["Strike_B"],"score":1606,"play_id":"77e6ff2c-b612-486a-af68-8b8fabf074ed","local_time":"20210215174842","is_ascension_mode":true,"campfire_choices":[{"data":"Sunder","floor":6.0,"key":"SMITH"},{"data":"Darkness","floor":8.0,"key":"SMITH"},{"floor":10.0,"key":"REST"},{"data":"Machine Learning","floor":15.0,"key":"SMITH"},{"floor":23.0,"key":"REST"},{"floor":25.0,"key":"REST"},{"floor":27.0,"key":"REST"},{"floor":30.0,"key":"RECALL"},{"data":"Biased Cognition","floor":32.0,"key":"SMITH"},{"floor":40.0,"key":"REST"},{"floor":47.0,"key":"REST"},{"floor":49.0,"key":"REST"}],"circlet_count":0,"master_deck":["AscendersBane","Strike_B+1","Strike_B","Strike_B","Defend_B","Defend_B+1","Defend_B","Defend_B","Zap","Dualcast","Doom and Gloom","Coolheaded","Darkness+1","Sunder+1","Biased Cognition+1","Multi-Cast","Darkness+1","White Noise","Machine Learning+1","Meteor Strike+1","Compile Driver+1","Hologram","Conserve Battery","Fusion+1","Coolheaded+1","Glacier","Buffer","Defragment+1","Self Repair","Sunder","Consume+1","Multi-Cast","WheelKick","Compile Driver+1"],"relics":["Snecko Eye","Akabeko","Nunchaku","Smiling Mask","DollysMirror","Cables","Inserter","Whetstone","Strawberry","Fusion Hammer","PrismaticShard","War Paint","Darkstone Periapt"],"acts_visited":["Exordium","TheCity","TheBeyond"],"potions_floor_usage":[51],"damage_taken":[{"damage":1.0,"enemies":"2 Louse","floor":1.0,"turns":4.0},{"damage":6.0,"enemies":"Cultist","floor":2.0,"turns":3.0},{"damage":0.0,"enemies":"Small Slimes","floor":3.0,"turns":2.0},{"damage":6.0,"enemies":"2 Fungi Beasts","floor":4.0,"turns":3.0},{"damage":9.0,"enemies":"Gremlin Nob","floor":7.0,"turns":3.0},{"damage":0.0,"enemies":"Blue Slaver","floor":11.0,"turns":1.0},{"damage":12.0,"enemies":"3 Sentries","floor":12.0,"turns":3.0},{"damage":0.0,"enemies":"Gremlin Nob","floor":14.0,"turns":2.0},{"damage":0.0,"enemies":"The Guardian","floor":16.0,"turns":6.0},{"damage":7.0,"enemies":"3 Byrds","floor":18.0,"turns":2.0},{"damage":0.0,"enemies":"Chosen","floor":19.0,"turns":3.0},{"damage":18.0,"enemies":"Centurion and Healer","floor":20.0,"turns":3.0},{"damage":18.0,"enemies":"Snake Plant","floor":21.0,"turns":4.0},{"damage":9.0,"enemies":"Snecko","floor":22.0,"turns":3.0},{"damage":23.0,"enemies":"Slavers","floor":24.0,"turns":2.0},{"damage":6.0,"enemies":"Chosen and Byrds","floor":28.0,"turns":5.0},{"damage":0.0,"enemies":"Sentry and Sphere","floor":29.0,"turns":3.0},{"damage":0.0,"enemies":"Snecko","floor":31.0,"turns":2.0},{"damage":8.0,"enemies":"Automaton","floor":33.0,"turns":5.0},{"damage":7.0,"enemies":"3 Darklings","floor":35.0,"turns":4.0},{"damage":0.0,"enemies":"3 Shapes","floor":37.0,"turns":2.0},{"damage":7.0,"enemies":"Sphere and 2 Shapes","floor":38.0,"turns":6.0},{"damage":0.0,"enemies":"Reptomancer","floor":41.0,"turns":5.0},{"damage":2.0,"enemies":"Transient","floor":42.0,"turns":6.0},{"damage":12.0,"enemies":"3 Darklings","floor":44.0,"turns":5.0},{"damage":11.0,"enemies":"Sphere and 2 Shapes","floor":45.0,"turns":6.0},{"damage":21.0,"enemies":"Giant Head","floor":48.0,"turns":5.0},{"damage":45.0,"enemies":"Awakened One","floor":50.0,"turns":7.0},{"damage":48,"enemies":"Donu and Deca","floor":51,"turns":7}],"seed_played":"-156215309552441888","potions_obtained":[{"floor":1.0,"key":"LiquidBronze"},{"floor":2.0,"key":"PowerPotion"},{"floor":12.0,"key":"FearPotion"},{"floor":16.0,"key":"FocusPotion"},{"floor":19.0,"key":"EssenceOfSteel"},{"floor":21.0,"key":"DuplicationPotion"},{"floor":24.0,"key":"Fire Potion"},{"floor":29.0,"key":"Block Potion"},{"floor":31.0,"key":"Energy Potion"},{"floor":33.0,"key":"Block Potion"},{"floor":35.0,"key":"BlessingOfTheForge"},{"floor":37.0,"key":"DistilledChaos"},{"floor":48.0,"key":"DuplicationPotion"}],"is_trial":false,"path_per_floor":["M","M","M","M","?","R","E","R","T","R","M","E","$","E","R","B",null,"M","M","M","M","M","R","E","R","T","R","M","M","R","M","R","B",null,"M","$","M","M","$","R","E","M","T","M","M","?","R","E","R","B","B"],"character_chosen":"DEFECT","items_purchased":["DollysMirror","White Noise","PrismaticShard","Self Repair","Sunder"],"campfire_rested":7,"item_purchase_floors":[13,13,36,36,36],"current_hp_per_floor":[63,57,57,51,51,51,42,42,42,63,63,51,51,51,51,51,66,59,59,41,23,14,35,12,33,40,63,57,57,57,57,57,49,71,64,64,64,64,64,78,78,78,78,73,69,69,78,64,78,40,0,0],"gold":260,"neow_bonus":"BOSS_RELIC","is_daily":false,"chose_seed":false,"campfire_upgraded":4,"win_rate":0.0,"timestamp":1613429322,"path_taken":["M","M","M","M","?","R","E","R","T","R","M","E","$","E","R","BOSS","M","M","M","M","M","R","E","R","T","R","M","M","R","M","R","BOSS","M","$","?","M","$","R","E","M","T","M","M","?","R","E","R","BOSS","BOSS"],"items_purchased_type":["Relic","Card","Relic","Card","Card"],"build_version":"2020-12-22","purchased_purges":1,"victory":false,"max_hp_per_floor":[71,71,71,71,71,71,71,71,71,71,71,71,71,71,71,71,71,71,71,71,71,71,71,71,71,78,78,78,78,78,78,78,78,78,78,78,78,78,78,78,78,78,78,78,78,78,78,78,78,78,78,78],"card_choices":[{"not_picked":["Undo","Go for the Eyes"],"picked":"Doom and Gloom","floor":1.0},{"not_picked":["Streamline","Hello World"],"picked":"Coolheaded","floor":2.0},{"not_picked":["Ball Lightning","Go for the Eyes"],"picked":"Darkness","floor":3.0},{"not_picked":["Stack","Aggregate"],"picked":"Sunder","floor":4.0},{"not_picked":["Auto Shields","Streamline","Coolheaded"],"picked":"SKIP","floor":7.0},{"not_picked":["Leap","Ball Lightning"],"picked":"Biased Cognition","floor":11.0},{"not_picked":["Stack","Streamline"],"picked":"Multi-Cast","floor":12.0},{"not_picked":["Loop","Aggregate"],"picked":"Machine Learning","floor":14.0},{"not_picked":["Fission","Biased Cognition"],"picked":"Meteor Strike","floor":16.0},{"not_picked":["Coolheaded+1","Lockon"],"picked":"Compile Driver+1","floor":18.0},{"not_picked":["Streamline","Hello World"],"picked":"Coolheaded+1","floor":19.0},{"not_picked":["Doom and Gloom","Redo"],"picked":"Hologram","floor":20.0},{"not_picked":["Go for the Eyes","Coolheaded"],"picked":"Conserve Battery","floor":21.0},{"not_picked":["Turbo","Steam","Blizzard+1"],"picked":"SKIP","floor":22.0},{"not_picked":["Steam","Steam Power"],"picked":"Fusion","floor":24.0},{"not_picked":["Rip and Tear","Seek","Coolheaded"],"picked":"SKIP","floor":28.0},{"not_picked":["Aggregate+1","Gash"],"picked":"Coolheaded+1","floor":29.0},{"not_picked":["Lockon+1","Streamline"],"picked":"Glacier","floor":31.0},{"not_picked":["Electrodynamics","Biased Cognition"],"picked":"Buffer","floor":33.0},{"not_picked":["Stack","Lockon"],"picked":"Defragment+1","floor":35.0},{"not_picked":["BootSequence+1","Underhanded Strike","TalkToTheHand+1"],"picked":"SKIP","floor":37.0},{"not_picked":["BootSequence","Finesse"],"picked":"Consume+1","floor":38.0},{"not_picked":["Ghostly Armor+1","Turbo","Cleave"],"picked":"SKIP","floor":41.0},{"not_picked":["Ball Lightning","Turbo","CrushJoints"],"picked":"SKIP","floor":42.0},{"not_picked":["Backstab","Go for the Eyes"],"picked":"Multi-Cast","floor":44.0},{"not_picked":["Blood for Blood","Reinforced Body"],"picked":"WheelKick","floor":45.0},{"not_picked":["Flex","FlurryOfBlows"],"picked":"Compile Driver+1","floor":48.0}],"player_experience":1922060,"relics_obtained":[{"floor":7.0,"key":"Akabeko"},{"floor":9.0,"key":"Nunchaku"},{"floor":12.0,"key":"Smiling Mask"},{"floor":14.0,"key":"Cables"},{"floor":24.0,"key":"Whetstone"},{"floor":26.0,"key":"Strawberry"},{"floor":41.0,"key":"War Paint"},{"floor":48.0,"key":"Darkstone Periapt"}],"event_choices":[{"damage_healed":0.0,"max_hp_gain":0.0,"max_hp_loss":0.0,"gold_gain":50.0,"event_name":"Golden Shrine","player_choice":"Pray","floor":5.0,"gold_loss":0.0,"damage_taken":0.0},{"cards_removed":["Coolheaded"],"damage_healed":0.0,"max_hp_gain":0.0,"max_hp_loss":0.0,"gold_gain":0.0,"event_name":"Falling","player_choice":"Removed Skill","floor":46.0,"gold_loss":0.0,"damage_taken":0.0}],"is_beta":false,"boss_relics":[{"not_picked":["Cursed Key","SacredBark"],"picked":"Inserter"},{"not_picked":["Coffee Dripper","Philosopher\u0027s Stone"],"picked":"Fusion Hammer"}],"items_purged_floors":[13],"is_endless":false,"potions_floor_spawned":[1,2,11,12,16,19,21,24,29,31,33,35,37,44,48],"killed_by":"Donu and Deca","ascension_level":20}}