{"host":"idjwbq71yrpkph1r","time":1613411044,"event":{"mods":["AchievementEnabler","Alarm Clock","BaseMod","Block Reminder","Colored Map","Colored Powertips","Curses Come First","Displayed Cursed Tome","Hermit","Minty Spire (QoL Compilation)","Monster B Gone","Rare Cards Sparkle","Relic Stats","StSLib","everything is the same but u backflip on backflip"],"gold_per_floor":[118,118,143,68,88,88,88,163,163,175,175,193,206,223,223,327,327,339,339,355,366,291,291,119,130,130,130,5,22,22,22],"floor_reached":30,"language":"ENG","playtime":1043,"items_purged":["Strike_B","Strike_B","Defend_B"],"score":222,"play_id":"6fe82f35-e9a4-47f4-8264-a2be2e84037b","local_time":"20210215184404","is_ascension_mode":false,"campfire_choices":[{"data":"Zap","floor":6,"key":"SMITH"},{"floor":11,"key":"REST"},{"data":"BootSequence","floor":15,"key":"SMITH"},{"floor":23,"key":"REST"},{"floor":27,"key":"REST"}],"circlet_count":0,"master_deck":["Defend_B","Defend_B+1","Zap+1","Dualcast+1","FTL+1","BootSequence+1","Go for the Eyes","Self Repair","Beam Cell+1"],"relics":["Cracked Core"],"acts_visited":["Exordium","TheCity"],"potions_floor_usage":[16,18,21,21,25,29],"damage_taken":[{"damage":1,"enemies":"Jaw Worm","floor":1,"turns":3},{"damage":0,"enemies":"Cultist","floor":5,"turns":2},{"damage":0,"enemies":"Small Slimes","floor":10,"turns":2},{"damage":2,"enemies":"Blue Slaver","floor":12,"turns":2},{"damage":0,"enemies":"Red Slaver","floor":13,"turns":2},{"damage":0,"enemies":"Large Slime","floor":14,"turns":4},{"damage":45,"enemies":"The Guardian","floor":16,"turns":13},{"damage":17,"enemies":"2 Thieves","floor":18,"turns":5},{"damage":20,"enemies":"Shell Parasite","floor":20,"turns":7},{"damage":27,"enemies":"Snake Plant","floor":21,"turns":6},{"damage":6,"enemies":"Centurion and Healer","floor":25,"turns":13},{"damage":29,"enemies":"Snecko","floor":29,"turns":7},{"damage":30,"enemies":"Cultist and Chosen","floor":30,"turns":6}],"seed_played":"2350016408825123733","potions_obtained":[{"floor":1,"key":"Strength Potion"},{"floor":10,"key":"Fire Potion"},{"floor":13,"key":"Dexterity Potion"},{"floor":16,"key":"SkillPotion"},{"floor":20,"key":"SkillPotion"},{"floor":25,"key":"DistilledChaos"}],"is_trial":false,"path_per_floor":["M","?","T","$","M","R","?","?","T","M","R","M","M","M","R","B",null,"M","?","M","M","?","R","$","M","T","R","$","M","M"],"character_chosen":"DEFECT","items_purchased":["Self Repair"],"campfire_rested":3,"item_purchase_floors":[24],"current_hp_per_floor":[67,53,53,53,53,53,53,42,42,42,62,60,60,60,60,15,68,51,51,31,4,4,24,24,25,25,45,45,23,0,0],"gold":22,"neow_bonus":"REMOVE_TWO","is_daily":false,"chose_seed":false,"campfire_upgraded":2,"win_rate":0.0,"timestamp":1613411044,"path_taken":["M","?","?","$","?","R","?","?","T","M","R","M","M","M","R","BOSS","M","?","?","M","?","R","?","M","T","R","$","M","M"],"items_purchased_type":["Card"],"build_version":"2020-12-22","purchased_purges":3,"victory":false,"max_hp_per_floor":[68,68,68,68,68,68,68,68,68,68,68,68,68,68,68,68,68,68,68,68,68,68,68,68,68,68,68,68,68,68,68],"relic_stats":{"counters":[13,72],"obtain_stats":[{"Cracked Core":0},{"Cracked Core":0},{"Cracked Core":0}]},"card_choices":[{"not_picked":["Steam","Turbo"],"picked":"FTL","floor":1},{"not_picked":["Loop","Sweeping Beam"],"picked":"BootSequence","floor":5},{"not_picked":["Compile Driver","Force Field","Turbo"],"picked":"SKIP","floor":10},{"not_picked":["Redo","BootSequence","Multi-Cast"],"picked":"SKIP","floor":12},{"not_picked":["BootSequence","Consume","Cold Snap"],"picked":"SKIP","floor":13},{"not_picked":["Turbo","Conserve Battery","Hologram"],"picked":"SKIP","floor":14},{"not_picked":["Streamline+1","Turbo","Force Field"],"picked":"SKIP","floor":18},{"not_picked":["Ball Lightning","Hologram+1","Doom and Gloom+1"],"picked":"SKIP","floor":20},{"not_picked":["Ball Lightning","Cold Snap"],"picked":"Go for the Eyes","floor":21},{"not_picked":["Melter","Leap"],"picked":"Beam Cell+1","floor":25},{"not_picked":["Rebound","Beam Cell+1","Reprogram+1"],"picked":"SKIP","floor":29}],"player_experience":356528,"relics_obtained":[],"event_choices":[{"damage_healed":0,"gold_gain":0,"player_choice":"Entered Light","damage_taken":14,"max_hp_gain":0,"max_hp_loss":0,"event_name":"Shining Light","floor":2,"gold_loss":0,"cards_upgraded":["Dualcast","FTL"]},{"damage_healed":0,"gold_gain":0,"player_choice":"Ignored","damage_taken":0,"max_hp_gain":0,"max_hp_loss":0,"event_name":"Liars Game","floor":7,"gold_loss":0},{"damage_healed":0,"gold_gain":75,"player_choice":"Gather Gold","damage_taken":11,"max_hp_gain":0,"max_hp_loss":0,"event_name":"World of Goop","floor":8,"gold_loss":0},{"damage_healed":0,"gold_gain":0,"player_choice":"Upgraded","damage_taken":0,"max_hp_gain":0,"max_hp_loss":0,"event_name":"Upgrade Shrine","floor":19,"gold_loss":0,"cards_upgraded":["Defend_B"]},{"cards_removed":["Strike_B"],"damage_healed":0,"gold_gain":0,"player_choice":"Gave Gold","damage_taken":0,"max_hp_gain":0,"max_hp_loss":0,"event_name":"Beggar","floor":22,"gold_loss":75}],"is_beta":false,"boss_relics":[{"not_picked":["Pandora\u0027s Box","Inserter","Snecko Eye"]}],"items_purged_floors":[4,24,28],"is_endless":false,"potions_floor_spawned":[1,10,13,16,20,25],"killed_by":"Cultist and Chosen","ascension_level":0}}