{"host":"c59zqhrgluvxuu0k","time":1613428356,"event":{"mods":["100% Spire Juice","BaseMod","Better Altar","Better Third Choice","BetterRewards","Colored Map","Colored Powertips","Curses Come First","Downfall","Friendly Minions","Hermit","Minty Spire (QoL Compilation)","Replay The Spire","Shop Mod","Spicy Shops","StSLib","The Blackbeard","The Cursed","The Death Knight","The Druid","The Jungle","The Necromancer","The Runesmith","The Wild Card"],"gold_per_floor":[111,130,92,146,146,146,175,175,228,258,55,55,55,71,71,172,172,187,118,118,118,135,135,161,161,188,123,133,133,27,57,57,158,158,177,177,177,177,196,230,247,247,247,247,247,279,279,51,51,51,51,51,10,35,35],"floor_reached":56,"language":"ENG","playtime":6399,"items_purged":["Parasite"],"score":1154,"play_id":"aa2be177-f325-4e8b-b334-46c16d0d4fa7","local_time":"20210215153236","is_ascension_mode":true,"campfire_choices":[{"data":"Runesmith:Grindstone","floor":6,"key":"SMITH"},{"data":"Runesmith:Fortify","floor":8,"key":"SMITH"},{"floor":12,"key":"REST"},{"data":"Runesmith:Firestorm","floor":15,"key":"SMITH"},{"floor":23,"key":"RECALL"},{"data":"Runesmith:LithiumIon","floor":25,"key":"SMITH"},{"data":"Runesmith:Permafrost","floor":32,"key":"SMITH"},{"data":"Runesmith:Firestorm","floor":44,"key":"SMITH"},{"data":"Runesmith:EnergizedChisel","floor":47,"key":"SMITH"},{"data":"Runesmith:Grindstone","floor":49,"key":"SMITH"},{"data":"Runesmith:CreatorForm","floor":52,"key":"SMITH"}],"circlet_count":0,"master_deck":["Runesmith:Strike_RS","Runesmith:Strike_RS","Runesmith:Strike_RS","Runesmith:Defend_RS","Runesmith:Defend_RS","Runesmith:Defend_RS","Runesmith:Defend_RS","Runesmith:CraftFirestone","Runesmith:Fortify+1","Forethought","Runesmith:GoWithTheFlow","Runesmith:CraftVitae","Runesmith:Grindstone+1","Pot Of Greed","Pot Of Greed","Runesmith:Augment","Runesmith:EnergizedChisel+1","Runesmith:CraftMedicinae","Runesmith:FissionHammer","Runesmith:Firestorm+1","Runesmith:Firestorm+1","Runesmith:CreatorForm+1","Runesmith:CraftProtectio","Runesmith:LithiumIon+1","Pot Of Greed","Runesmith:Empowerment","Runesmith:CraftPrismatica","Runesmith:Permafrost+1","Runesmith:CraftIncendium","Runesmith:Grindstone+1","Runesmith:CraftSpiculum","Runesmith:GenerateForcefield","Runesmith:OneForEveryone+1","Runesmith:PoweredAnvil","Runesmith:Attraction+1","Runesmith:Fortify","Pot Of Greed","Runesmith:Firewall+1","Runesmith:Grindstone","Runesmith:OneForEveryone+1"],"relics":["Runesmith:BrokenRuby","Grinning Jar","Juzu Bracelet","Bag of Preparation","Unceasing Top","ClockworkSouvenir","Cursed Key","Replay:Bottled Steam","Simple Rune","hexamod:Sixitude","ReplayTheSpireMod:Lightbulb","Runesmith:UraniumAnvil","Ancient Tea Set","Mirror","HandDrill","Gremlin Horn"],"acts_visited":["Exordium","TheCity","TheBeyond","TheEnding"],"potions_floor_usage":[7,10,10,16,24,27,31,50,54,55,55],"damage_taken":[{"damage":2,"enemies":"Jaw Worm","floor":1,"turns":4},{"damage":1,"enemies":"Small Slimes","floor":2,"turns":3},{"damage":0,"enemies":"Lagavulin","floor":7,"turns":8},{"damage":29,"enemies":"Gremlin Nob","floor":10,"turns":6},{"damage":0,"enemies":"2 Louse","floor":14,"turns":5},{"damage":4,"enemies":"The Guardian","floor":16,"turns":10},{"damage":0,"enemies":"Shell Parasite","floor":18,"turns":7},{"damage":7,"enemies":"3 Byrds","floor":22,"turns":7},{"damage":12,"enemies":"Slavers","floor":24,"turns":6},{"damage":5,"enemies":"Book of Stabbing","floor":27,"turns":5},{"damage":2,"enemies":"Snake Plant","floor":28,"turns":5},{"damage":2,"enemies":"Slavers","floor":31,"turns":6},{"damage":1,"enemies":"Champ","floor":33,"turns":8},{"damage":5,"enemies":"3 Shapes","floor":35,"turns":5},{"damage":0,"enemies":"3 Darklings","floor":39,"turns":5},{"damage":0,"enemies":"Giant Head","floor":40,"turns":8},{"damage":0,"enemies":"Maw","floor":41,"turns":7},{"damage":0,"enemies":"Nemesis","floor":46,"turns":7},{"damage":19,"enemies":"Replay:Hell Engine","floor":50,"turns":10},{"damage":18,"enemies":"Shield and Spear","floor":54,"turns":9},{"damage":32,"enemies":"The Heart","floor":55,"turns":8}],"seed_played":"-3820797850543219762","potions_obtained":[{"floor":2,"key":"SkillPotion"},{"floor":4,"key":"SpeedPotion"},{"floor":7,"key":"LiquidMemories"},{"floor":10,"key":"Guardian:BlockOnCardUsePotion"},{"floor":22,"key":"DeathKnight:BottledBloodEchoes"},{"floor":24,"key":"SkillPotion"},{"floor":27,"key":"Flashbang"},{"floor":40,"key":"SteroidPotion"},{"floor":45,"key":"Strength Potion"},{"floor":45,"key":"Adrenaline Potion"},{"floor":54,"key":"Fire Potion"}],"is_trial":false,"path_per_floor":["M","M","$","?","?","R","E","R","T","E","$","R","?","M","R","B",null,"M","$","?","?","M","R","E","R","T","E","M","?","$","E","R","B",null,"M","?","?","?","M","E","M","?","T","R","?","E","R","$","R","B",null,"R","$","E","B",null],"character_chosen":"RUNESMITH_CLASS","items_purchased":["Runesmith:Grindstone","Runesmith:Firestorm","ClockworkSouvenir","Runesmith:LithiumIon","Runesmith:Grindstone","HandDrill","Runesmith:Grindstone"],"campfire_rested":1,"item_purchase_floors":[3,11,11,19,30,48,53],"current_hp_per_floor":[68,67,67,50,36,36,36,36,36,7,7,28,28,28,28,24,70,70,70,70,70,67,67,62,62,62,64,66,66,66,64,64,63,70,65,65,65,65,65,70,70,70,70,70,70,70,70,67,67,58,67,67,67,49,20],"gold":35,"neow_bonus":"RANDOM_COLORLESS","is_daily":false,"chose_seed":false,"campfire_upgraded":9,"win_rate":0.0,"timestamp":1613428356,"path_taken":["M","M","$","?","?","R","E","R","T","E","$","R","?","M","R","BOSS","M","$","?","?","M","R","E","R","T","E","M","?","$","E","R","BOSS","M","?","?","?","M","E","M","?","T","R","?","E","R","?","R","BOSS","R","$","E","BOSS"],"items_purchased_type":["Card","Card","Relic","Card","Card","Relic","Card"],"build_version":"2020-12-22","purchased_purges":1,"victory":true,"max_hp_per_floor":[70,70,70,70,70,70,70,70,70,70,70,70,70,70,70,70,70,70,70,70,70,70,70,70,70,70,70,70,70,70,70,70,70,70,70,70,70,70,70,70,70,70,70,70,70,70,70,67,67,67,67,67,67,67,67],"card_choices":[{"not_picked":["Impatience","Dramatic Entrance"],"picked":"Forethought","floor":0},{"not_picked":["Runesmith:Overpower","Runesmith:ChiselStab"],"picked":"Runesmith:GoWithTheFlow","floor":1},{"not_picked":["Runesmith:CraftMagma","Runesmith:ElementalConversion"],"picked":"Runesmith:CraftVitae","floor":2},{"not_picked":["Runesmith:HeatExchange","Runesmith:NanitesCloud"],"picked":"Runesmith:Augment","floor":4},{"not_picked":["Runesmith:Discharge","Runesmith:Reinforce"],"picked":"Runesmith:EnergizedChisel","floor":4},{"not_picked":["Runesmith:HammerThrow","Runesmith:UnstableHammer"],"picked":"Runesmith:CraftMedicinae","floor":7},{"not_picked":["Runesmith:HammerThrow","Runesmith:CraftProtectio"],"picked":"Runesmith:FissionHammer","floor":10},{"not_picked":["Runesmith:HeatedChisel","Runesmith:BackupBattery"],"picked":"Runesmith:CraftMagma","floor":14},{"not_picked":["Runesmith:Supernova","Runesmith:ArcReactor"],"picked":"Runesmith:CreatorForm","floor":16},{"not_picked":["Runesmith:HeatExchange","Runesmith:UnstableHammer"],"picked":"Runesmith:CraftProtectio","floor":18},{"not_picked":["Runesmith:Retool","Runesmith:ChiselStab+1"],"picked":"Runesmith:Empowerment","floor":22},{"not_picked":["Runesmith:Augment","Runesmith:HeatExchange"],"picked":"Runesmith:CraftPrismatica","floor":24},{"not_picked":["Runesmith:HeatedChisel+1","Runesmith:EnergizedChisel"],"picked":"Runesmith:Permafrost","floor":27},{"not_picked":["Runesmith:Discharge","Runesmith:EnergizedChisel","Runesmith:MakeshiftArmor"],"picked":"SKIP","floor":28},{"not_picked":["Runesmith:Overpower","Runesmith:ElementalConversion"],"picked":"Runesmith:CraftSpiculum","floor":31},{"not_picked":["Runesmith:LightningRod","Runesmith:CraftPrismatica"],"picked":"Runesmith:GenerateForcefield","floor":33},{"not_picked":["Runesmith:Terraform+1","Runesmith:Repurpose+1"],"picked":"Runesmith:OneForEveryone","floor":35},{"not_picked":["Runesmith:ChaoticBlast","Runesmith:OneForEveryone"],"picked":"Runesmith:PoweredAnvil","floor":39},{"not_picked":["Runesmith:Overpower","Runesmith:NanitesCloud+1"],"picked":"Runesmith:Attraction+1","floor":40},{"not_picked":["Runesmith:StaticCage","Runesmith:ChaoticBlast","Runesmith:OneForEveryone"],"picked":"SKIP","floor":41},{"not_picked":["Runesmith:FieryHammer+1","Runesmith:StaticCage+1"],"picked":"Runesmith:Firewall+1","floor":46},{"not_picked":["Runesmith:Refine+1","Runesmith:Grindstone"],"picked":"Runesmith:OneForEveryone+1","floor":54}],"player_experience":2240292,"relics_obtained":[{"floor":4,"key":"Grinning Jar"},{"floor":7,"key":"Juzu Bracelet"},{"floor":9,"key":"Bag of Preparation"},{"floor":10,"key":"Unceasing Top"},{"floor":24,"key":"Replay:Bottled Steam"},{"floor":26,"key":"Simple Rune"},{"floor":27,"key":"hexamod:Sixitude"},{"floor":31,"key":"ReplayTheSpireMod:Lightbulb"},{"floor":40,"key":"Ancient Tea Set"},{"floor":46,"key":"Mirror"},{"floor":54,"key":"Gremlin Horn"}],"event_choices":[{"damage_healed":50,"gold_gain":0,"player_choice":"Upgrade","damage_taken":14,"max_hp_gain":0,"max_hp_loss":70,"event_name":"betterThird:BetterShining","floor":5,"gold_loss":0,"cards_upgraded":["Runesmith:Strike_RS","Runesmith:Defend_RS"]},{"damage_healed":0,"gold_gain":0,"player_choice":"Leave","damage_taken":0,"max_hp_gain":0,"max_hp_loss":0,"event_name":"The Cleric","floor":13,"gold_loss":0},{"damage_healed":0,"gold_gain":0,"player_choice":"Simplicity","damage_taken":0,"max_hp_gain":0,"max_hp_loss":6,"event_name":"betterThird:BetterWriting","floor":20,"gold_loss":0},{"damage_healed":0,"gold_gain":0,"player_choice":"Read","damage_taken":0,"max_hp_gain":0,"max_hp_loss":0,"event_name":"The Library","floor":29,"gold_loss":0,"cards_obtained":["Runesmith:CraftIncendium"]},{"cards_removed":["Runesmith:Strike_RS"],"damage_healed":0,"gold_gain":0,"player_choice":"Offered Basic","damage_taken":0,"max_hp_gain":0,"max_hp_loss":0,"event_name":"Bonfire Elementals","floor":36,"gold_loss":0},{"cards_removed":["Runesmith:CraftMagma"],"damage_healed":0,"gold_gain":0,"player_choice":"Removed Skill","damage_taken":0,"max_hp_gain":0,"max_hp_loss":0,"event_name":"Falling","floor":37,"gold_loss":0},{"damage_healed":0,"gold_gain":0,"player_choice":"Upgraded","damage_taken":0,"max_hp_gain":0,"max_hp_loss":0,"event_name":"Upgrade Shrine","floor":38,"gold_loss":0,"cards_upgraded":["Runesmith:OneForEveryone"]},{"damage_healed":0,"gold_gain":0,"player_choice":"Random: Orange","damage_taken":0,"max_hp_gain":0,"max_hp_loss":0,"event_name":"betterThird:BetterPortal","floor":42,"gold_loss":0},{"damage_healed":0,"gold_gain":0,"player_choice":"1 cards matched","damage_taken":0,"max_hp_gain":0,"max_hp_loss":0,"event_name":"Match and Keep!","floor":42,"gold_loss":0,"cards_obtained":["Runesmith:Fortify"]},{"damage_healed":0,"gold_gain":0,"player_choice":"Got Potions","damage_taken":0,"max_hp_gain":0,"max_hp_loss":0,"event_name":"Lab","floor":45,"gold_loss":0}],"is_beta":false,"boss_relics":[{"not_picked":["Velvet Choker","Runic Pyramid"],"picked":"Cursed Key"},{"not_picked":["Snecko Eye","Replay:Fungal Core"],"picked":"Runesmith:UraniumAnvil"}],"items_purged_floors":[48],"is_endless":false,"potions_floor_spawned":[2,7,10,22,24,27,40,46,54],"ascension_level":1}}