{"host":"k5t0mjadqheapa3b","time":1613375846,"event":{"mods":["BaseMod","Colored Map","Downfall","Marisa£®ÏF”Í°°ƒß¿Ì…≥£©","Minty Spire (QoL Compilation)","Quick Restart","Remilia£®¿Ÿ√◊¿Ú—«£©","Shop Mod","Spicy Shops","StSLib","The Servant 0.9.4","Youmu£®ªÍ∆«—˝√Œ£©"],"gold_per_floor":[112,112,8,8,8,8,41,60,60,71,106,125,225,245,245,347,347,384,419,419,456,476,476,521,521,591,22,22,41,41,441,441,566,566,578,16,16,53,87,138,138,191,261,286,84,120,159,80,80,100],"floor_reached":51,"language":"ZHS","playtime":3156,"items_purged":["Wrath_TH","Defend_RM+1"],"score":915,"play_id":"f6f95219-ca71-4a98-a7d1-438863ad4e9a","local_time":"20210215155726","is_ascension_mode":false,"campfire_choices":[{"data":"RedMoon","floor":6,"key":"SMITH"},{"data":"GlobalNightmare","floor":15,"key":"SMITH"},{"data":"EndlessPower","floor":23,"key":"SMITH"},{"data":"Stigmanizer","floor":25,"key":"SMITH"},{"data":"ScarletCoffin","floor":28,"key":"SMITH"},{"data":"CharismaGuard","floor":32,"key":"SMITH"},{"data":"FavorOfDestiny","floor":41,"key":"SMITH"},{"data":"VampirishNight","floor":49,"key":"SMITH"}],"circlet_count":0,"master_deck":["Strike_RM+1","Strike_RM+1","Strike_RM+1","Defend_RM+1","Defend_RM+1","Defend_RM+1","RedMoon+1","ScarletShoot+1","TwelveNightmare+1","CharismaGuard+1","VampirishNight+1","FavorOfDestiny+1","GlobalNightmare+1","VampireFantasy","VampirishNight+1","EternalNight","StarOfDavid+1","TricksterDevil+1","Stigmanizer+1","LeisurelyOfLord+1","EndlessPower+1","Septette+1","ScarletImprint+1","Sadistic Nature+1","ScarletCoffin+1","MillenniumVampire+1","CharismaGuard+1","TransientEternity+1","UnstableMagic+1","Pride","ScarletMeister+1","CharismaGuard+1","QueenOfMidnight+1","MastersStateliness+1","MastersStateliness+1"],"relics":["ScarletHat","NeowsBlessing","Frozen Egg 2","The Courier","Gremlin Horn","bronze:MakeshiftBattery","Ginger","RedBat","Singing Bowl","Old Coin","Toxic Egg 2","SlaversCollar","Art of War","PreservedInsect","AntiCross","Sundial","Happy Flower","Blood Vial","Potion Belt","Pear","HornCleat","Chemical X","Oddly Smooth Stone","Unceasing Top"],"acts_visited":["Exordium","TheCity","TheBeyond"],"potions_floor_usage":[10,11,11,12,16,16,16,24,24,31,31,39,40,50,50,50,50,50],"damage_taken":[{"damage":0,"enemies":"Small Slimes","floor":1,"turns":1},{"damage":0,"enemies":"Lagavulin","floor":7,"turns":2},{"damage":0,"enemies":"Jaw Worm","floor":8,"turns":1},{"damage":0,"enemies":"2 Louse","floor":10,"turns":4},{"damage":1,"enemies":"3 Sentries","floor":11,"turns":16},{"damage":9,"enemies":"Gremlin Gang","floor":12,"turns":11},{"damage":11,"enemies":"Large Slime","floor":14,"turns":12},{"damage":29,"enemies":"The Guardian","floor":16,"turns":14},{"damage":17,"enemies":"Shell Parasite","floor":18,"turns":10},{"damage":9,"enemies":"Spheric Guardian","floor":19,"turns":6},{"damage":24,"enemies":"Snake Plant","floor":21,"turns":5},{"damage":18,"enemies":"Shelled Parasite and Fungi","floor":22,"turns":4},{"damage":19,"enemies":"Book of Stabbing","floor":24,"turns":6},{"damage":5,"enemies":"Centurion and Healer","floor":29,"turns":4},{"damage":4,"enemies":"Colosseum Slavers","floor":31,"turns":2},{"damage":6,"enemies":"Colosseum Nobs","floor":31,"turns":2},{"damage":11,"enemies":"Collector","floor":33,"turns":11},{"damage":10,"enemies":"3 Darklings","floor":35,"turns":4},{"damage":23,"enemies":"3 Shapes","floor":38,"turns":6},{"damage":5,"enemies":"Writhing Mass","floor":39,"turns":4},{"damage":5,"enemies":"Giant Head","floor":40,"turns":5},{"damage":6,"enemies":"Nemesis","floor":42,"turns":3},{"damage":5,"enemies":"Reptomancer","floor":44,"turns":2},{"damage":5,"enemies":"3 Darklings","floor":46,"turns":5},{"damage":22,"enemies":"4 Shapes","floor":47,"turns":6},{"damage":39,"enemies":"Awakened One","floor":50,"turns":7}],"seed_played":"2047029881939254637","potions_obtained":[{"floor":1,"key":"SpeedPotion"},{"floor":5,"key":"DuplicationPotion"},{"floor":5,"key":"Regen Potion"},{"floor":5,"key":"Guardian:BlockOnCardUsePotion"},{"floor":10,"key":"Dexterity Potion"},{"floor":11,"key":"Strength Potion"},{"floor":12,"key":"Weak Potion"},{"floor":14,"key":"Fire Potion"},{"floor":16,"key":"PowerPotion"},{"floor":22,"key":"Dexterity Potion"},{"floor":24,"key":"Block Potion"},{"floor":29,"key":"Strength Potion"},{"floor":33,"key":"Weak Potion"},{"floor":35,"key":"SkillPotion"},{"floor":38,"key":"Fire Potion"},{"floor":39,"key":"PowerPotion"},{"floor":40,"key":"DestinyDice"},{"floor":42,"key":"BlessingOfTheForge"},{"floor":46,"key":"Fire Potion"},{"floor":46,"key":"champ:CounterPotion"}],"is_trial":false,"path_per_floor":["M","?","$","?","?","R","E","M","T","M","E","M","?","M","R","B",null,"M","M","?","M","M","R","E","R","T","$","R","M","?","?","R","B",null,"M","$","?","M","M","E","R","E","T","E","$","M","M","$","R","B",null],"character_chosen":"REMILIA","items_purchased":["CharismaGuard","VampirishNight","Singing Bowl","Sadistic Nature+1","ScarletCoffin","PreservedInsect","AntiCross","Sundial","Happy Flower","Chemical X","MastersStateliness+1","MastersStateliness+1"],"campfire_rested":0,"item_purchase_floors":[3,3,27,27,27,36,36,36,36,45,48,48],"current_hp_per_floor":[75,75,75,68,68,68,70,70,70,72,75,73,73,66,66,69,75,67,72,72,57,56,56,53,53,53,53,53,58,58,64,64,75,75,75,75,75,58,67,73,73,74,84,89,89,91,93,93,93,93],"gold":100,"neow_bonus":"THREE_ENEMY_KILL","is_daily":false,"chose_seed":false,"campfire_upgraded":8,"win_rate":0.0,"timestamp":1613375846,"path_taken":["M","?","$","?","?","R","E","M","T","M","E","?","?","M","R","BOSS","M","?","?","M","M","R","E","R","T","$","R","M","?","?","R","BOSS","M","$","?","M","M","E","R","E","T","E","$","?","M","$","R","BOSS"],"items_purchased_type":["Card","Card","Relic","Card","Card","Relic","Relic","Relic","Relic","Relic","Card","Card"],"build_version":"2020-12-22","purchased_purges":2,"victory":true,"max_hp_per_floor":[75,75,75,75,75,75,75,75,75,75,75,75,75,75,75,75,75,75,75,75,75,75,75,75,75,75,75,75,75,75,75,75,75,75,75,75,75,77,79,79,79,79,89,89,89,91,93,93,93,93],"card_choices":[{"not_picked":["VampireClaw","StarOfDavid"],"picked":"TwelveNightmare","floor":1},{"not_picked":["ScarletNetherworld","BloodyTrap"],"picked":"FavorOfDestiny","floor":7},{"not_picked":["ScarletDevilSign","EmergencyRegeneration"],"picked":"GlobalNightmare","floor":8},{"not_picked":["BombardNight","BloodHunter"],"picked":"VampireFantasy","floor":10},{"not_picked":["UnderTheZenith","RedRainbow"],"picked":"VampirishNight","floor":11},{"not_picked":["BloodHunter","ScarletImprint"],"picked":"EternalNight","floor":12},{"not_picked":["EndlessAdversity","EternalNight"],"picked":"StarOfDavid","floor":14},{"not_picked":["BloodyHallows","ScarletCoffin"],"picked":"TricksterDevil+1","floor":16},{"not_picked":["BloodHunter","FavorOfDestiny"],"picked":"Stigmanizer","floor":18},{"not_picked":["AfternoonTea+1","VampirishNight"],"picked":"LeisurelyOfLord+1","floor":19},{"not_picked":["VampireKiss+1","Stigmanizer"],"picked":"Septette","floor":21},{"not_picked":["BloodHunter","Ultimatum","EndlessAdversity"],"picked":"SKIP","floor":22},{"not_picked":["VampireSweep","UnderTheZenith"],"picked":"ScarletImprint+1","floor":24},{"not_picked":["VampireKiss","ScarletImprint"],"picked":"MillenniumVampire","floor":29},{"not_picked":["VampireKiss","ScarletGensokyo+1"],"picked":"CharismaGuard+1","floor":31},{"not_picked":["BloodyHallows+1","CeilingFear+1"],"picked":"TransientEternity+1","floor":33},{"not_picked":["BloodHunter+1","Stigmanizer"],"picked":"UnstableMagic+1","floor":35},{"not_picked":["ScarletDevil+1","UltimateOffering","RedRainbow+1"],"picked":"Singing Bowl","floor":38},{"not_picked":["UnderTheZenith+1","VampireSweep","VampireFantasy+1"],"picked":"Singing Bowl","floor":39},{"not_picked":["CharismaGuard+1","UnstableMagic+1"],"picked":"ScarletMeister+1","floor":40},{"not_picked":["BombardNight","BlasphemousPunishment+1"],"picked":"CharismaGuard+1","floor":42},{"not_picked":["UnstableMagic+1","EternalNight+1"],"picked":"QueenOfMidnight+1","floor":44},{"not_picked":["RedRainbow+1","StarOfDavid","ScarletDevil+1"],"picked":"Singing Bowl","floor":46},{"not_picked":["EndlessAdversity+1","ChainGang","FavorOfDestiny+1"],"picked":"Singing Bowl","floor":47}],"player_experience":44793,"relics_obtained":[{"floor":7,"key":"Frozen Egg 2"},{"floor":9,"key":"The Courier"},{"floor":11,"key":"Gremlin Horn"},{"floor":24,"key":"Ginger"},{"floor":26,"key":"RedBat"},{"floor":31,"key":"Old Coin"},{"floor":31,"key":"Toxic Egg 2"},{"floor":35,"key":"Art of War"},{"floor":40,"key":"Blood Vial"},{"floor":42,"key":"Potion Belt"},{"floor":43,"key":"Pear"},{"floor":44,"key":"HornCleat"},{"floor":46,"key":"Oddly Smooth Stone"},{"floor":47,"key":"Unceasing Top"}],"event_choices":[{"damage_healed":0,"gold_gain":0,"player_choice":"Grow","damage_taken":0,"max_hp_gain":0,"max_hp_loss":0,"event_name":"Living Wall","floor":2,"gold_loss":0,"cards_upgraded":["TwelveNightmare"]},{"cards_removed":["Strike_RM"],"damage_healed":0,"gold_gain":0,"player_choice":"Card Removal","damage_taken":7,"max_hp_gain":0,"max_hp_loss":0,"event_name":"Golden Wing","floor":4,"gold_loss":0},{"damage_healed":0,"gold_gain":0,"player_choice":"Got Potions","damage_taken":0,"max_hp_gain":0,"max_hp_loss":0,"event_name":"Lab","floor":5,"gold_loss":0},{"damage_healed":0,"gold_gain":100,"player_choice":"Pray","damage_taken":0,"max_hp_gain":0,"max_hp_loss":0,"event_name":"Golden Shrine","floor":13,"gold_loss":0},{"damage_healed":0,"gold_gain":0,"player_choice":"Simplicity","damage_taken":0,"max_hp_gain":0,"max_hp_loss":0,"event_name":"Back to Basics","floor":30,"gold_loss":0,"cards_upgraded":["Strike_RM","Strike_RM","Strike_RM","Defend_RM","Defend_RM","Defend_RM","Defend_RM"]},{"damage_healed":0,"gold_gain":0,"player_choice":"Fight","damage_taken":0,"max_hp_gain":0,"max_hp_loss":0,"event_name":"Colosseum","floor":31,"gold_loss":0},{"damage_healed":0,"gold_gain":0,"player_choice":"Fought Nobs","damage_taken":0,"max_hp_gain":0,"max_hp_loss":0,"event_name":"Colosseum","floor":31,"gold_loss":0},{"damage_healed":0,"gold_gain":0,"player_choice":"Upgraded","damage_taken":0,"max_hp_gain":0,"max_hp_loss":0,"event_name":"Upgrade Shrine","floor":37,"gold_loss":0,"cards_upgraded":["Septette"]}],"is_beta":false,"boss_relics":[{"not_picked":["Empty Cage","Runic Dome"],"picked":"bronze:MakeshiftBattery"},{"not_picked":["Astrolabe","Runic Pyramid"],"picked":"SlaversCollar"}],"items_purged_floors":[27,45],"is_endless":false,"potions_floor_spawned":[1,10,14,24,29,33,38,40,42,46],"ascension_level":0}}