{"host":"q8mjpf3krl0t4p3x","time":1613427452,"event":{"mods":["BaseMod","Colored Map","Colored Powertips","Googly Eyes","Minty Spire (QoL Compilation)","Quick Restart","StSLib","everything is the same but u backflip on backflip","slay the spire mod where everything is the same but ironclad has a cowboy hat"],"gold_per_floor":[115,135,148,160,170,170,199,199,199,229,256,309,324,335,335,439,439,439,439],"floor_reached":18,"language":"ENG","playtime":732,"items_purged":[],"score":183,"play_id":"9af7e09c-633f-4a8f-9ae5-902ba5795069","local_time":"20210215141732","is_ascension_mode":true,"campfire_choices":[{"data":"Poisoned Stab","floor":6,"key":"SMITH"},{"data":"Dagger Spray","floor":8,"key":"SMITH"},{"floor":15,"key":"REST"}],"circlet_count":0,"master_deck":["Strike_G","Strike_G","Strike_G","Strike_G","Strike_G","Defend_G","Defend_G","Defend_G","Defend_G","Defend_G","Survivor","Neutralize","Dagger Throw","Poisoned Stab+1","Backstab","Dagger Spray+1","Concentrate","Prepared","Grand Finale"],"relics":["HoveringKite","Smiling Mask","CaptainsWheel","Torii","Dream Catcher","Cursed Key"],"acts_visited":["Exordium","TheCity"],"potions_floor_usage":[7,11,16,16],"damage_taken":[{"damage":6,"enemies":"Cultist","floor":1,"turns":6},{"damage":0,"enemies":"Small Slimes","floor":2,"turns":3},{"damage":6,"enemies":"Jaw Worm","floor":3,"turns":3},{"damage":0,"enemies":"Looter","floor":4,"turns":3},{"damage":0,"enemies":"2 Fungi Beasts","floor":5,"turns":2},{"damage":18,"enemies":"Lagavulin","floor":7,"turns":6},{"damage":5,"enemies":"3 Sentries","floor":11,"turns":8},{"damage":11,"enemies":"Exordium Thugs","floor":13,"turns":5},{"damage":0,"enemies":"Looter","floor":14,"turns":3},{"damage":19,"enemies":"Hexaghost","floor":16,"turns":11},{"damage":13,"enemies":"Shell Parasite","floor":18,"turns":4}],"seed_played":"-6577871327188162137","potions_obtained":[{"floor":3,"key":"DistilledChaos"},{"floor":5,"key":"Swift Potion"},{"floor":7,"key":"EssenceOfSteel"},{"floor":14,"key":"Strength Potion"},{"floor":16,"key":"Energy Potion"}],"is_trial":false,"path_per_floor":["M","M","M","M","M","R","E","R","T","?","E","T","M","M","R","B",null,"M"],"character_chosen":"THE_SILENT","items_purchased":[],"campfire_rested":1,"item_purchase_floors":[],"current_hp_per_floor":[64,64,58,58,58,58,40,40,40,40,35,35,24,24,45,26,70,57,57],"gold":439,"neow_bonus":"BOSS_RELIC","is_daily":false,"chose_seed":false,"campfire_upgraded":2,"win_rate":0.0,"timestamp":1613427452,"path_taken":["M","?","M","M","M","R","E","R","T","?","E","?","M","M","R","BOSS","M"],"items_purchased_type":[],"build_version":"2020-12-22","purchased_purges":0,"victory":false,"max_hp_per_floor":[70,70,70,70,70,70,70,70,70,70,70,70,70,70,70,70,70,70,70],"card_choices":[{"not_picked":["Bouncing Flask","Well Laid Plans"],"picked":"Dagger Throw","floor":1},{"not_picked":["Bane","Crippling Poison"],"picked":"Poisoned Stab","floor":2},{"not_picked":["Outmaneuver","Distraction"],"picked":"Backstab","floor":3},{"not_picked":["PiercingWail","Quick Slash"],"picked":"Dagger Spray","floor":4},{"not_picked":["Slice","Deflect","Cloak And Dagger"],"picked":"SKIP","floor":5},{"not_picked":["Flying Knee","Finisher","Blade Dance"],"picked":"SKIP","floor":7},{"not_picked":["Burst","Poisoned Stab","Eviscerate"],"picked":"SKIP","floor":11},{"not_picked":["Quick Slash","Prepared"],"picked":"Concentrate","floor":13},{"not_picked":["Dagger Throw","Deadly Poison"],"picked":"Prepared","floor":14},{"not_picked":["Night Terror","After Image"],"picked":"Grand Finale","floor":16}],"player_experience":181588,"relics_obtained":[{"floor":7,"key":"Smiling Mask"},{"floor":9,"key":"CaptainsWheel"},{"floor":11,"key":"Torii"},{"floor":12,"key":"Dream Catcher"}],"event_choices":[{"damage_healed":0,"gold_gain":30,"player_choice":"Searched \u00271\u0027 times","damage_taken":0,"max_hp_gain":0,"max_hp_loss":0,"event_name":"Dead Adventurer","floor":10,"gold_loss":0}],"is_beta":false,"boss_relics":[{"not_picked":["Ectoplasm","Velvet Choker"],"picked":"Cursed Key"}],"items_purged_floors":[],"is_endless":false,"potions_floor_spawned":[3,5,7,14,16],"killed_by":"Shell Parasite","ascension_level":1}}