{"host":"6ulps5ednfgqn0to","time":1613387989,"event":{"mods":["AchievementEnabler","BaseMod","Colored Map","Highlight Path","Minty Spire (QoL Compilation)","Relic Sorter","Relic Stats","StSLib"],"gold_per_floor":[109,59,59,74,22,22,53,53,107,124,135,169,82,100,100,198,198,213,233,253,253,253,286,286,286,311,323,120,155,155,165,165,267,267,281,291,105,123,137,137,171,171,171,171,205,218,218,231,231,231,231],"floor_reached":50,"language":"ENG","playtime":3686,"items_purged":["Strike_G"],"score":600,"play_id":"07fa8683-8db8-4bd1-9d90-d908bbe0e546","local_time":"20210215131948","is_ascension_mode":false,"campfire_choices":[{"data":"Poisoned Stab","floor":6,"key":"SMITH"},{"data":"Noxious Fumes","floor":15,"key":"SMITH"},{"floor":24,"key":"REST"},{"data":"Footwork","floor":27,"key":"SMITH"},{"data":"Distraction","floor":30,"key":"SMITH"},{"data":"Bullet Time","floor":32,"key":"SMITH"},{"data":"A Thousand Cuts","floor":40,"key":"SMITH"},{"floor":42,"key":"REST"},{"floor":49,"key":"REST"}],"circlet_count":0,"master_deck":["Defend_G","Defend_G","Defend_G","Defend_G","Survivor","Neutralize","Dash","Poisoned Stab+1","Crippling Poison","Deadly Poison","Backstab","Noxious Fumes+1","Poisoned Stab","Quick Slash","Bullet Time+1","Acrobatics","Well Laid Plans","Calculated Gamble","Footwork+1","Noxious Fumes","Escape Plan","Distraction+1","A Thousand Cuts+1","Phantasmal Killer+1","Phantasmal Killer+1","Night Terror+1","Prepared+1","Tactician","Footwork","Flechettes+1","Well Laid Plans+1","Madness","Madness","Noxious Fumes","Caltrops","Blade Dance+1"],"relics":["Ring of the Snake","NeowsBlessing","InkBottle","Oddly Smooth Stone","Dead Branch","Sozu","Omamori","Lantern","Boot","MawBank","Shovel","Astrolabe","PreservedInsect","StoneCalendar","MealTicket","Gambling Chip"],"acts_visited":["Exordium","TheCity","TheBeyond"],"potions_floor_usage":[16,16,50],"damage_taken":[{"damage":0,"enemies":"Jaw Worm","floor":1,"turns":1},{"damage":0,"enemies":"Small Slimes","floor":4,"turns":1},{"damage":0,"enemies":"Gremlin Nob","floor":7,"turns":1},{"damage":0,"enemies":"Cultist","floor":10,"turns":3},{"damage":7,"enemies":"Exordium Thugs","floor":11,"turns":4},{"damage":31,"enemies":"Lagavulin","floor":12,"turns":5},{"damage":0,"enemies":"Lots of Slimes","floor":14,"turns":2},{"damage":13,"enemies":"Slime Boss","floor":16,"turns":7},{"damage":14,"enemies":"Shell Parasite","floor":18,"turns":5},{"damage":8,"enemies":"2 Thieves","floor":19,"turns":4},{"damage":4,"enemies":"Snake Plant","floor":20,"turns":3},{"damage":21,"enemies":"Book of Stabbing","floor":23,"turns":6},{"damage":5,"enemies":"Slavers","floor":29,"turns":4},{"damage":0,"enemies":"Centurion and Healer","floor":31,"turns":6},{"damage":26,"enemies":"Automaton","floor":33,"turns":8},{"damage":7,"enemies":"3 Shapes","floor":35,"turns":5},{"damage":6,"enemies":"Orb Walker","floor":36,"turns":3},{"damage":1,"enemies":"4 Shapes","floor":38,"turns":6},{"damage":10,"enemies":"Maw","floor":39,"turns":7},{"damage":12,"enemies":"Nemesis","floor":41,"turns":5},{"damage":13,"enemies":"Giant Head","floor":45,"turns":6},{"damage":13,"enemies":"Spire Growth","floor":46,"turns":5},{"damage":14,"enemies":"Transient","floor":48,"turns":5},{"damage":30,"enemies":"Donu and Deca","floor":50,"turns":5}],"seed_played":"8448099138370210140","potions_obtained":[{"floor":1,"key":"DistilledChaos"},{"floor":12,"key":"Swift Potion"},{"floor":16,"key":"Dexterity Potion"}],"is_trial":false,"path_per_floor":["M","?","?","M","$","R","E","$","T","M","M","E","$","M","R","B",null,"M","M","M","?","?","E","R","?","T","R","$","E","R","M","R","B",null,"M","M","$","M","M","R","E","R","T","?","E","M","?","M","R","B"],"character_chosen":"THE_SILENT","items_purchased":["Poisoned Stab","Noxious Fumes","Poisoned Stab","Noxious Fumes","Escape Plan","Footwork","PreservedInsect"],"campfire_rested":3,"item_purchase_floors":[5,13,13,28,28,37,37],"current_hp_per_floor":[70,70,70,70,70,70,70,70,70,70,63,32,32,32,32,19,70,56,48,44,44,44,23,44,44,44,44,44,39,39,39,39,13,70,63,57,57,56,46,46,34,55,55,46,33,20,20,6,27,0,0],"gold":231,"neow_bonus":"THREE_ENEMY_KILL","is_daily":false,"chose_seed":false,"campfire_upgraded":6,"win_rate":0.0,"timestamp":1613387988,"path_taken":["M","?","?","M","$","R","E","$","T","?","M","E","?","M","R","BOSS","M","M","?","?","?","E","R","?","T","R","$","E","R","M","R","BOSS","M","?","$","M","M","R","E","R","T","?","E","M","?","?","R","BOSS"],"items_purchased_type":["Card","Card","Card","Card","Card","Card","Relic"],"build_version":"2020-12-22","purchased_purges":1,"victory":false,"max_hp_per_floor":[70,70,70,70,70,70,70,70,70,70,70,70,70,70,70,70,70,70,70,70,70,70,70,70,70,70,70,70,70,70,70,70,70,70,70,70,70,70,70,70,70,70,70,70,70,70,70,70,70,70,70],"relic_stats":{"counters":[24,107],"Dead Branch":[117],"Astrolabe":["Phantasmal Killer","Phantasmal Killer","Night Terror"],"StoneCalendar":[0],"PreservedInsect":172,"Boot":[56],"MawBank":24,"Sozu":11,"Shovel":0,"Gambling Chip":[10],"MealTicket":0,"obtain_stats":[{"Lantern":23,"NeowsBlessing":0,"Dead Branch":12,"Astrolabe":34,"Oddly Smooth Stone":9,"StoneCalendar":41,"PreservedInsect":37,"Omamori":21,"Boot":25,"MawBank":26,"Sozu":17,"Shovel":29,"Gambling Chip":45,"MealTicket":43,"InkBottle":7,"Ring of the Snake":0},{"Lantern":12,"NeowsBlessing":0,"Dead Branch":6,"Astrolabe":15,"Oddly Smooth Stone":3,"StoneCalendar":20,"PreservedInsect":17,"Omamori":11,"Boot":12,"MawBank":12,"Sozu":8,"Shovel":13,"Gambling Chip":21,"MealTicket":20,"InkBottle":3,"Ring of the Snake":0},{"Lantern":42,"NeowsBlessing":0,"Dead Branch":15,"Astrolabe":60,"Oddly Smooth Stone":3,"StoneCalendar":86,"PreservedInsect":68,"Omamori":36,"Boot":42,"MawBank":42,"Sozu":24,"Shovel":46,"Gambling Chip":92,"MealTicket":86,"InkBottle":3,"Ring of the Snake":0}],"InkBottle":[37],"Ring of the Snake":[48]},"card_choices":[{"not_picked":["Infinite Blades","Flechettes"],"picked":"Dash","floor":1},{"not_picked":["Prepared","Heel Hook"],"picked":"Dagger Spray","floor":4},{"not_picked":["Prepared","Dagger Throw"],"picked":"Crippling Poison","floor":7},{"not_picked":["Dodge and Roll","Riddle With Holes"],"picked":"Deadly Poison","floor":10},{"not_picked":["Masterful Stab","Slice"],"picked":"Backstab","floor":11},{"not_picked":["Finisher","Unload","Phantasmal Killer"],"picked":"SKIP","floor":12},{"not_picked":["Dodge and Roll","PiercingWail"],"picked":"Quick Slash","floor":14},{"not_picked":["Envenom","Tools of the Trade"],"picked":"Bullet Time","floor":16},{"not_picked":["Blur+1","Dagger Throw"],"picked":"Acrobatics","floor":18},{"not_picked":["Slice","Outmaneuver"],"picked":"Well Laid Plans","floor":19},{"not_picked":["Expertise","Sucker Punch"],"picked":"Calculated Gamble","floor":20},{"not_picked":["Dodge and Roll","Flying Knee","Heel Hook"],"picked":"SKIP","floor":23},{"not_picked":["Crippling Poison","Backstab"],"picked":"Distraction","floor":29},{"not_picked":["Outmaneuver+1","Slice","Acrobatics"],"picked":"SKIP","floor":31},{"not_picked":["Unload","Venomology"],"picked":"A Thousand Cuts","floor":33},{"not_picked":["Dodge and Roll","All Out Attack+1"],"picked":"Prepared+1","floor":35},{"not_picked":["Underhanded Strike+1","Dagger Spray"],"picked":"Tactician","floor":36},{"not_picked":["Sucker Punch","Dash"],"picked":"Flechettes+1","floor":38},{"not_picked":["Acrobatics","Outmaneuver+1","Poisoned Stab"],"picked":"SKIP","floor":39},{"not_picked":["Slice+1","Riddle With Holes"],"picked":"Well Laid Plans+1","floor":41},{"not_picked":["Malaise","Masterful Stab+1"],"picked":"Noxious Fumes","floor":45},{"not_picked":["Slice+1","Expertise+1"],"picked":"Caltrops","floor":46},{"not_picked":["Crippling Poison","Tactician"],"picked":"Blade Dance+1","floor":48}],"player_experience":19122,"relics_obtained":[{"floor":7,"key":"InkBottle"},{"floor":9,"key":"Oddly Smooth Stone"},{"floor":12,"key":"Dead Branch"},{"floor":23,"key":"Lantern"},{"floor":26,"key":"MawBank"},{"floor":29,"key":"Shovel"},{"floor":41,"key":"StoneCalendar"},{"floor":43,"key":"MealTicket"},{"floor":45,"key":"Gambling Chip"}],"event_choices":[{"cards_removed":["Strike_G"],"damage_healed":0,"gold_gain":0,"player_choice":"Card Removal","damage_taken":0,"max_hp_gain":0,"max_hp_loss":0,"event_name":"The Cleric","floor":2,"gold_loss":50},{"cards_removed":["Defend_G"],"damage_healed":0,"gold_gain":0,"player_choice":"Purged","damage_taken":0,"max_hp_gain":0,"max_hp_loss":0,"event_name":"Purifier","floor":3,"gold_loss":0},{"damage_healed":0,"gold_gain":0,"player_choice":"Opened","damage_taken":0,"relics_obtained":["Omamori"],"max_hp_gain":0,"max_hp_loss":0,"event_name":"The Mausoleum","floor":21,"gold_loss":0},{"damage_healed":0,"gold_gain":0,"player_choice":"Read","damage_taken":0,"max_hp_gain":0,"max_hp_loss":0,"event_name":"The Library","floor":22,"gold_loss":0,"cards_obtained":["Footwork"]},{"cards_removed":["Dagger Spray"],"damage_healed":0,"gold_gain":0,"player_choice":"Gave Card","damage_taken":0,"relics_obtained":["Boot"],"max_hp_gain":0,"max_hp_loss":0,"event_name":"WeMeetAgain","floor":25,"gold_loss":0},{"damage_healed":0,"gold_gain":0,"player_choice":"Embrace Madness","damage_taken":9,"max_hp_gain":0,"max_hp_loss":0,"event_name":"Winding Halls","floor":44,"gold_loss":0,"cards_obtained":["Madness","Madness"]},{"damage_healed":0,"gold_gain":0,"player_choice":"Got Potions","damage_taken":0,"max_hp_gain":0,"max_hp_loss":0,"event_name":"Lab","floor":47,"gold_loss":0}],"is_beta":false,"boss_relics":[{"not_picked":["SlaversCollar","Coffee Dripper"],"picked":"Sozu"},{"not_picked":["WristBlade","Empty Cage"],"picked":"Astrolabe"}],"items_purged_floors":[28],"is_endless":false,"potions_floor_spawned":[1,12,16,23,29,31,33,35,41,46,48],"killed_by":"Donu and Deca","ascension_level":0}}