{"host":"8rfsah35vv595fzq","time":1613398651,"event":{"mods":["BaseMod","Marisa£®ÏF”Í°°ƒß¿Ì…≥£©","Minty Spire (QoL Compilation)","Remilia£®¿Ÿ√◊¿Ú—«£©","The Servant 0.9.4","Youmu£®ªÍ∆«—˝√Œ£©"],"gold_per_floor":[110,127,144,144,156,185,185,360,360,360,373,386,416,434,434,529,529,549,568,48,48,48,48,59,59,59],"floor_reached":25,"language":"ZHS","playtime":2309,"items_purged":["Strike_B"],"score":215,"play_id":"df7bc8ef-36fc-409d-bab8-1416fe80ecde","local_time":"20210215221731","is_ascension_mode":false,"campfire_choices":[{"floor":7.0,"key":"REST"},{"floor":15,"key":"REST"},{"data":"Capacitor","floor":23,"key":"SMITH"}],"circlet_count":0,"master_deck":["Defend_B+1","Defend_B","Zap","Dualcast","Tempest","Darkness","Fusion","Doom and Gloom","Static Discharge","Hello World+1","Glacier","Seek","Stack","Blizzard","Biased Cognition","Capacitor+1","Darkness+1","Thunder Strike","Storm","Amplify","Darkness","Compile Driver","Blizzard"],"relics":["Cracked Core","Omamori","Question Card","Bird Faced Urn","Empty Cage","Happy Flower","Potion Belt"],"acts_visited":["Exordium","TheCity"],"potions_floor_usage":[16,16],"damage_taken":[{"damage":0.0,"enemies":"Cultist","floor":1.0,"turns":3.0},{"damage":0.0,"enemies":"Small Slimes","floor":2.0,"turns":3.0},{"damage":2.0,"enemies":"2 Louse","floor":3.0,"turns":2.0},{"damage":6.0,"enemies":"Large Slime","floor":5.0,"turns":4.0},{"damage":26.0,"enemies":"Gremlin Nob","floor":6.0,"turns":4.0},{"damage":10.0,"enemies":"Looter","floor":11.0,"turns":4.0},{"damage":2.0,"enemies":"Blue Slaver","floor":12.0,"turns":4.0},{"damage":21.0,"enemies":"Lagavulin","floor":13.0,"turns":6.0},{"damage":1,"enemies":"Exordium Thugs","floor":14,"turns":4},{"damage":12,"enemies":"Hexaghost","floor":16,"turns":13},{"damage":9,"enemies":"Chosen","floor":18,"turns":6},{"damage":11,"enemies":"Shell Parasite","floor":19,"turns":6},{"damage":17,"enemies":"Centurion and Healer","floor":24,"turns":8},{"damage":73,"enemies":"3 Cultists","floor":25,"turns":5}],"seed_played":"-3743023306857099075","potions_obtained":[{"floor":3.0,"key":"LiquidMemories"},{"floor":6.0,"key":"Energy Potion"},{"floor":11.0,"key":"Swift Potion"},{"floor":14,"key":"Weak Potion"},{"floor":19,"key":"FearPotion"}],"is_trial":false,"path_per_floor":["M","M","M","?","M","E","R","?","T","?","M","M","E","M","R","B",null,"M","M","$","?","?","R","M","M"],"character_chosen":"DEFECT","items_purchased":["Thunder Strike","Storm","Amplify","Happy Flower"],"campfire_rested":2,"item_purchase_floors":[20,20,20,20],"current_hp_per_floor":[82,82,80,80,74,48,72,72,72,56,46,44,23,26,50,42,82,73,70,70,70,70,70,65,0,0],"gold":59,"neow_bonus":"TEN_PERCENT_HP_BONUS","is_daily":false,"chose_seed":false,"campfire_upgraded":1,"win_rate":0.0,"timestamp":1613398651,"path_taken":["M","?","M","?","M","E","R","?","T","?","M","M","E","M","R","BOSS","M","M","$","?","?","R","M","M"],"items_purchased_type":["Card","Card","Card","Relic"],"build_version":"2020-12-22","purchased_purges":1,"victory":false,"max_hp_per_floor":[82,82,82,82,82,82,82,82,82,82,82,82,82,82,82,82,82,82,82,82,82,82,82,82,82,82],"card_choices":[{"not_picked":["Go for the Eyes","Double Energy"],"picked":"Tempest","floor":1.0},{"not_picked":["Hologram","Compile Driver"],"picked":"Darkness","floor":2.0},{"not_picked":["Steam","Redo"],"picked":"Fusion","floor":3.0},{"not_picked":["Barrage","Go for the Eyes"],"picked":"Static Discharge","floor":5.0},{"not_picked":["Tempest","Compile Driver"],"picked":"Hello World","floor":6.0},{"not_picked":["Conserve Battery","Double Energy","Hologram"],"picked":"Glacier","floor":11.0},{"not_picked":["Go for the Eyes","Glacier","Steam"],"picked":"Seek","floor":12.0},{"not_picked":["Beam Cell","Double Energy","Leap"],"picked":"Stack","floor":13.0},{"not_picked":["Go for the Eyes","Conserve Battery","Darkness"],"picked":"Blizzard","floor":14},{"not_picked":["All For One","Machine Learning","Buffer"],"picked":"Biased Cognition","floor":16},{"not_picked":["Streamline+1","Cold Snap","Sweeping Beam"],"picked":"Capacitor","floor":18},{"not_picked":["Steam+1","Reinforced Body","Compile Driver"],"picked":"Darkness+1","floor":19},{"not_picked":["Coolheaded","Sweeping Beam","Ball Lightning"],"picked":"Blizzard","floor":24}],"player_experience":72455,"relics_obtained":[{"floor":6.0,"key":"Omamori"},{"floor":9.0,"key":"Question Card"},{"floor":13.0,"key":"Bird Faced Urn"}],"event_choices":[{"damage_healed":0.0,"max_hp_gain":0.0,"max_hp_loss":0.0,"gold_gain":0.0,"cards_transformed":["Strike_B"],"event_name":"Living Wall","player_choice":"Change","floor":4.0,"gold_loss":0.0,"damage_taken":0.0,"cards_obtained":["Doom and Gloom"]},{"damage_healed":0.0,"max_hp_gain":0.0,"max_hp_loss":0.0,"gold_gain":175.0,"event_name":"Liars Game","player_choice":"AGREE","floor":8.0,"gold_loss":0.0,"damage_taken":0.0,"cards_obtained":["Doubt"]},{"damage_healed":0.0,"max_hp_gain":0.0,"max_hp_loss":0.0,"gold_gain":0.0,"event_name":"Shining Light","player_choice":"Entered Light","floor":10.0,"gold_loss":0.0,"damage_taken":16.0,"cards_upgraded":["Defend_B","Hello World"]},{"damage_healed":0,"gold_gain":0,"player_choice":"Opened","damage_taken":0,"relics_obtained":["Potion Belt"],"max_hp_gain":0,"max_hp_loss":0,"event_name":"The Mausoleum","floor":21,"gold_loss":0},{"damage_healed":0,"gold_gain":0,"cards_transformed":["Defend_B","Defend_B"],"player_choice":"Became Test Subject","damage_taken":0,"max_hp_gain":0,"max_hp_loss":0,"event_name":"Drug Dealer","floor":22,"gold_loss":0,"cards_obtained":["Darkness","Compile Driver"]}],"is_beta":false,"boss_relics":[{"not_picked":["Snecko Eye","Sozu"],"picked":"Empty Cage"}],"items_purged_floors":[20],"is_endless":false,"potions_floor_spawned":[3,6,11,14,19],"killed_by":"3 Cultists","ascension_level":0}}