{"host":"36t3qd3wjvajtu1z","time":1613429490,"event":{"mods":["2.2 Compatiblity","AchievementEnabler","BaseMod","Bestiary","Block Reminder","Colored Powertips","Curses Come First","Filter the Spire","Highlight Path","Minty Spire (QoL Compilation)","Permanent Neow","Quick Restart","Random Character Button","Rare Cards Sparkle","Relic Stats","Slay-I","StSLib","Unknown Chances"],"gold_per_floor":[216,216,230,405,416,428,13,41,88,99,99,124,124,138,138,212,212,227,240,12,12,27,27,59,59,59,59,87,102,120,120,120],"floor_reached":31,"language":"ENG","playtime":1500,"items_purged":["Doubt"],"score":488,"play_id":"76ca4779-e913-4354-b016-dfcd485ff478","local_time":"20210215145130","is_ascension_mode":true,"campfire_choices":[{"data":"Defragment","floor":11,"key":"SMITH"},{"data":"Defragment","floor":13,"key":"SMITH"},{"data":"Lockon","floor":15,"key":"SMITH"},{"data":"Creative AI","floor":23,"key":"SMITH"},{"data":"Echo Form","floor":27,"key":"SMITH"}],"circlet_count":0,"master_deck":["AscendersBane","Zap","Dualcast","Rebound","Ball Lightning","Hologram","Lockon+1","Defragment+1","Biased Cognition","Reinforced Body","Defragment+1","Defragment","Creative AI+1","Rebound","Go for the Eyes","Thunder Strike","Buffer","Glacier","Heatsinks","Echo Form+1","Leap","Coolheaded+1","Storm","Core Surge","Barrage","Lockon+1","Storm"],"relics":["Cracked Core","Meat on the Bone","Bag of Preparation","Lee\u0027s Waffle","Bottled Tornado","Nunchaku","Gambling Chip","Pandora\u0027s Box","Runic Capacitor","Pear","Bottled Lightning","Vajra"],"acts_visited":["Exordium","TheCity"],"potions_floor_usage":[8,24,24,28,30],"damage_taken":[{"damage":1,"enemies":"Cultist","floor":1,"turns":3},{"damage":7,"enemies":"2 Louse","floor":3,"turns":2},{"damage":0,"enemies":"Small Slimes","floor":5,"turns":2},{"damage":8,"enemies":"3 Louse","floor":6,"turns":3},{"damage":25,"enemies":"3 Sentries","floor":8,"turns":5},{"damage":8,"enemies":"Blue Slaver","floor":10,"turns":3},{"damage":20,"enemies":"Gremlin Nob","floor":12,"turns":4},{"damage":2,"enemies":"Large Slime","floor":14,"turns":5},{"damage":26,"enemies":"Slime Boss","floor":16,"turns":6},{"damage":22,"enemies":"Spheric Guardian","floor":18,"turns":4},{"damage":0,"enemies":"Chosen","floor":19,"turns":4},{"damage":11,"enemies":"Shelled Parasite and Fungi","floor":22,"turns":7},{"damage":23,"enemies":"Slavers","floor":24,"turns":4},{"damage":12,"enemies":"Book of Stabbing","floor":28,"turns":5},{"damage":18,"enemies":"Snecko","floor":29,"turns":4},{"damage":10,"enemies":"Sentry and Sphere","floor":30,"turns":5},{"damage":46,"enemies":"Slavers","floor":31,"turns":3}],"seed_played":"8191899748083175384","potions_obtained":[{"floor":3,"key":"LiquidMemories"},{"floor":10,"key":"FearPotion"},{"floor":12,"key":"Dexterity Potion"},{"floor":18,"key":"Fire Potion"},{"floor":24,"key":"Regen Potion"},{"floor":29,"key":"AttackPotion"}],"is_trial":false,"path_per_floor":["M","T","M","?","M","M","$","E","T","M","R","E","R","M","R","B",null,"M","M","$","?","M","R","E","?","T","R","E","M","M","E"],"character_chosen":"DEFECT","items_purchased":["Bag of Preparation","Lee\u0027s Waffle","Defragment","Runic Capacitor","Storm"],"campfire_rested":0,"item_purchase_floors":[7,7,7,20,20],"current_hp_per_floor":[63,63,56,56,56,48,78,53,53,45,45,37,37,47,47,33,67,45,45,45,45,46,46,45,45,45,45,45,39,41,0,0],"gold":120,"neow_bonus":"HUNDRED_GOLD","is_daily":false,"chose_seed":false,"campfire_upgraded":5,"win_rate":0.0,"timestamp":1613429490,"path_taken":["M","?","M","?","M","M","$","E","T","M","R","E","R","M","R","BOSS","M","M","$","?","M","R","E","?","T","R","E","M","M","E"],"items_purchased_type":["Relic","Relic","Card","Relic","Card"],"build_version":"2020-12-22","purchased_purges":1,"victory":false,"max_hp_per_floor":[71,71,71,71,71,71,78,78,78,78,78,78,78,78,78,78,78,78,78,78,78,78,78,88,88,88,88,88,88,88,88,88],"relic_stats":{"Lee\u0027s Waffle":30,"Nunchaku":[6],"counters":[17,69],"Gambling Chip":[37],"Pandora\u0027s Box":["Rebound","Go for the Eyes","Thunder Strike","Buffer","Glacier","Hyperbeam","Heatsinks","Echo Form"],"Bag of Preparation":[26],"obtain_stats":[{"Lee\u0027s Waffle":7,"Nunchaku":9,"Pear":24,"Gambling Chip":12,"Vajra":28,"Pandora\u0027s Box":17,"Bag of Preparation":7,"Runic Capacitor":20,"Bottled Lightning":26,"Bottled Tornado":8,"Cracked Core":0,"Meat on the Bone":2},{"Lee\u0027s Waffle":4,"Nunchaku":5,"Pear":13,"Gambling Chip":7,"Vajra":14,"Pandora\u0027s Box":9,"Bag of Preparation":4,"Runic Capacitor":11,"Bottled Lightning":13,"Bottled Tornado":5,"Cracked Core":0,"Meat on the Bone":1},{"Lee\u0027s Waffle":10,"Nunchaku":15,"Pear":52,"Gambling Chip":22,"Vajra":57,"Pandora\u0027s Box":33,"Bag of Preparation":10,"Runic Capacitor":41,"Bottled Lightning":52,"Bottled Tornado":15,"Cracked Core":0,"Meat on the Bone":3}],"Meat on the Bone":84},"card_choices":[{"not_picked":["Barrage","Hologram"],"picked":"Rebound","floor":1},{"not_picked":["Rebound","Force Field"],"picked":"Ball Lightning","floor":3},{"not_picked":["Double Energy","Steam"],"picked":"Hologram","floor":5},{"not_picked":["Steam","Meteor Strike"],"picked":"Lockon","floor":6},{"not_picked":["Tempest","Go for the Eyes"],"picked":"Biased Cognition","floor":8},{"not_picked":["Steam","Storm"],"picked":"Reinforced Body","floor":10},{"not_picked":["Leap","Rebound"],"picked":"Defragment","floor":12},{"not_picked":["Redo","Rebound"],"picked":"Defragment","floor":14},{"not_picked":["Amplify","All For One"],"picked":"Creative AI","floor":16},{"not_picked":["Cold Snap","Beam Cell"],"picked":"Leap","floor":18},{"not_picked":["Stack+1","Turbo"],"picked":"Coolheaded+1","floor":19},{"not_picked":["Fusion","Turbo"],"picked":"Core Surge","floor":22},{"not_picked":["Tempest","Sweeping Beam"],"picked":"Barrage","floor":24},{"not_picked":["Steam","Stack","Rebound+1"],"picked":"SKIP","floor":28},{"not_picked":["Compile Driver","Cold Snap"],"picked":"Lockon+1","floor":29},{"not_picked":["Blizzard","Rebound"],"picked":"Storm","floor":30}],"player_experience":537970,"relics_obtained":[{"floor":2,"key":"Meat on the Bone"},{"floor":8,"key":"Bottled Tornado"},{"floor":9,"key":"Nunchaku"},{"floor":12,"key":"Gambling Chip"},{"floor":24,"key":"Pear"},{"floor":26,"key":"Bottled Lightning"},{"floor":28,"key":"Vajra"}],"event_choices":[{"damage_healed":0,"gold_gain":175,"player_choice":"AGREE","damage_taken":0,"max_hp_gain":0,"max_hp_loss":0,"event_name":"Liars Game","floor":4,"gold_loss":0,"cards_obtained":["Doubt"]},{"cards_removed":["Hyperbeam"],"damage_healed":0,"gold_gain":0,"player_choice":"Elegance","damage_taken":0,"max_hp_gain":0,"max_hp_loss":0,"event_name":"Back to Basics","floor":21,"gold_loss":0},{"damage_healed":0,"gold_gain":0,"player_choice":"Ignored","damage_taken":0,"max_hp_gain":0,"max_hp_loss":0,"event_name":"Vampires","floor":25,"gold_loss":0}],"is_beta":false,"boss_relics":[{"not_picked":["Runic Pyramid","SlaversCollar"],"picked":"Pandora\u0027s Box"}],"items_purged_floors":[7],"is_endless":false,"potions_floor_spawned":[3,10,12,18,22,24,29],"killed_by":"Slavers","ascension_level":14}}