{"host":"ypzb5vvnu9f3ii1t","time":1613370476,"event":{"mods":["AchievementEnabler","BaseMod","Colored Map","DeckTracker","Keyboard Shortcuts","Minty Spire (QoL Compilation)","Permanent Neow","Quick Restart","SuperFastMode"],"gold_per_floor":[217,292,292,73,148,148,162,15,38,50,75,101,113,157,169,284,296,327,40,40,57,69,69,83,102,102,112,112,132,57,57,57,57,57],"floor_reached":33,"language":"KOR","playtime":1604,"items_purged":["Defend_G","Strike_G"],"score":422,"play_id":"dec25f85-ac1f-428f-b63f-f547b0a718eb","local_time":"20210215152756","is_ascension_mode":true,"campfire_choices":[{"data":"Dagger Spray","floor":6,"key":"SMITH"},{"floor":13,"key":"REST"},{"data":"Blade Dance","floor":15,"key":"SMITH"},{"floor":23,"key":"REST"},{"floor":28,"key":"REST"},{"floor":32,"key":"REST"}],"circlet_count":0,"master_deck":["AscendersBane","Strike_G+1","Defend_G","Defend_G","Survivor","Neutralize","Dagger Spray+1","Cloak And Dagger","Blade Dance+1","Die Die Die+1","Infinite Blades","After Image","Poisoned Stab+1","Slice+1","Footwork+1","Blade Dance","Footwork"],"relics":["Ring of the Snake","Vajra","PreservedInsect","MawBank","Whetstone","Astrolabe","Omamori","WingedGreaves","Darkstone Periapt","Tough Bandages"],"acts_visited":["Exordium","TheCity"],"potions_floor_usage":[16,29],"damage_taken":[{"damage":0.0,"enemies":"Small Slimes","floor":1.0,"turns":5.0},{"damage":0,"enemies":"2 Louse","floor":7,"turns":1},{"damage":0,"enemies":"Cultist","floor":11,"turns":3},{"damage":1,"enemies":"Red Slaver","floor":12,"turns":3},{"damage":0,"enemies":"3 Sentries","floor":14,"turns":1},{"damage":28,"enemies":"Slime Boss","floor":16,"turns":6},{"damage":6,"enemies":"Spheric Guardian","floor":18,"turns":3},{"damage":16,"enemies":"2 Thieves","floor":21,"turns":3},{"damage":1,"enemies":"Cultist and Chosen","floor":22,"turns":6},{"damage":20,"enemies":"Snake Plant","floor":24,"turns":5},{"damage":17,"enemies":"Shelled Parasite and Fungi","floor":25,"turns":4},{"damage":12,"enemies":"Sentry and Sphere","floor":27,"turns":4},{"damage":16,"enemies":"Snake Plant","floor":29,"turns":3},{"damage":0,"enemies":"Champ","floor":33,"turns":1}],"seed_played":"-2121953395332907764","potions_obtained":[{"floor":14,"key":"PowerPotion"},{"floor":16,"key":"FearPotion"},{"floor":22,"key":"Regen Potion"}],"is_trial":false,"path_per_floor":["M","?","?","$","?","R","M","$","T","?","M","M","R","E","R","B",null,"M","$","?","M","M","R","M","M","T","M","R","M","$","?","R","B"],"character_chosen":"THE_SILENT","items_purchased":["Vajra","PreservedInsect","Blade Dance","Omamori","Footwork"],"campfire_rested":4,"item_purchase_floors":[4,8,19,19,30],"current_hp_per_floor":[63,52,45,45,38,38,38,38,38,38,38,37,58,58,58,30,60,54,54,54,38,37,58,38,21,21,9,30,14,14,14,35,35,35],"gold":57,"neow_bonus":"HUNDRED_GOLD","is_daily":false,"chose_seed":false,"campfire_upgraded":2,"win_rate":0.0,"timestamp":1613370476,"path_taken":["M","?","?","$","?","R","?","?","T","?","?","M","R","E","R","BOSS","M","$","?","M","M","R","M","?","T","?","R","M","$","?","R","BOSS"],"items_purchased_type":["Relic","Relic","Card","Relic","Card"],"build_version":"2020-12-22","purchased_purges":2,"victory":false,"max_hp_per_floor":[70,70,70,70,70,70,70,70,70,70,70,70,70,70,70,70,70,70,70,70,70,70,70,70,70,70,70,70,70,70,70,70,70,70],"card_choices":[{"not_picked":["Bane","Tactician"],"picked":"Dagger Spray","floor":1.0},{"not_picked":["Riddle With Holes","Slice"],"picked":"Cloak And Dagger","floor":7},{"not_picked":["Backflip","Choke"],"picked":"Blade Dance","floor":11},{"not_picked":["Leg Sweep","Poisoned Stab"],"picked":"Die Die Die","floor":12},{"not_picked":["Deflect","Predator"],"picked":"Infinite Blades","floor":14},{"not_picked":["Grand Finale","Tools of the Trade"],"picked":"After Image","floor":16},{"not_picked":["Skewer+1","Terror"],"picked":"Footwork+1","floor":18},{"not_picked":["Distraction+1","Quick Slash+1","Choke"],"picked":"SKIP","floor":21},{"not_picked":["Dagger Spray","Choke","Finisher+1"],"picked":"SKIP","floor":22},{"not_picked":["Leg Sweep+1","Acrobatics","Underhanded Strike"],"picked":"SKIP","floor":24},{"not_picked":["Quick Slash","Outmaneuver+1","Flying Knee"],"picked":"SKIP","floor":25},{"not_picked":["Dagger Throw+1","Prepared","Quick Slash"],"picked":"SKIP","floor":27},{"not_picked":["Sucker Punch","Calculated Gamble+1","Backstab"],"picked":"SKIP","floor":29}],"player_experience":226524,"relics_obtained":[{"floor":9,"key":"MawBank"},{"floor":14,"key":"Whetstone"},{"floor":26,"key":"Darkstone Periapt"}],"event_choices":[{"damage_healed":0.0,"max_hp_gain":0.0,"max_hp_loss":0.0,"gold_gain":75.0,"event_name":"World of Goop","player_choice":"Gather Gold","floor":2.0,"gold_loss":0.0,"damage_taken":11.0},{"cards_removed":["Strike_G"],"damage_healed":0.0,"max_hp_gain":0.0,"max_hp_loss":0.0,"gold_gain":0.0,"event_name":"Golden Wing","player_choice":"Card Removal","floor":3.0,"gold_loss":0.0,"damage_taken":7.0},{"damage_healed":0,"gold_gain":75,"player_choice":"Touch","damage_taken":7,"max_hp_gain":0,"max_hp_loss":0,"event_name":"FaceTrader","floor":5,"gold_loss":0},{"cards_removed":["Defend_G"],"damage_healed":0,"gold_gain":0,"player_choice":"Offered Basic","damage_taken":0,"max_hp_gain":0,"max_hp_loss":0,"event_name":"Bonfire Elementals","floor":10,"gold_loss":0},{"cards_removed":["Infinite Blades"],"damage_healed":0,"gold_gain":0,"player_choice":"Gave Card","damage_taken":0,"relics_obtained":["WingedGreaves"],"max_hp_gain":0,"max_hp_loss":0,"event_name":"WeMeetAgain","floor":20,"gold_loss":0},{"damage_healed":0,"gold_gain":0,"player_choice":"Opened","damage_taken":0,"relics_obtained":["Tough Bandages"],"max_hp_gain":0,"max_hp_loss":0,"event_name":"The Mausoleum","floor":31,"gold_loss":0,"cards_obtained":["Writhe"]}],"is_beta":false,"boss_relics":[{"not_picked":["Ring of the Serpent","HoveringKite"],"picked":"Astrolabe"}],"items_purged_floors":[4,19],"is_endless":false,"potions_floor_spawned":[14,16,22,25],"killed_by":"Champ","ascension_level":11}}