{"host":"znuunkttinnn1f17","time":1613426828,"event":{"mods":["BaseMod","Colored Map","Downfall","Minty Spire (QoL Compilation)","Replay The Spire","StSLib"],"gold_per_floor":[113,127,143,0,18,53,53,84,84,84,159,159,174,184,184,184,184],"floor_reached":16,"language":"ENG","playtime":565,"items_purged":["Strike_B"],"score":140,"play_id":"329cf637-5969-409c-9ba0-4e783f959d54","local_time":"20210215230708","is_ascension_mode":true,"campfire_choices":[{"floor":7,"key":"REST"},{"data":"Defragment","floor":10,"key":"SMITH"},{"floor":12,"key":"REST"},{"data":"Reinforced Body","floor":15,"key":"SMITH"}],"circlet_count":0,"master_deck":["Strike_B","Strike_B","Strike_B","Defend_B","Defend_B","Defend_B","Defend_B","Zap","Dualcast","Crystallizer","BootSequence","Heatsinks","Reinforced Body+1","Barrage","Defragment+1"],"relics":["Cracked Core","Smiling Mask","ReplayTheSpireMod:TigerMarble","Anchor"],"acts_visited":["Exordium"],"potions_floor_usage":[6,14,16],"damage_taken":[{"damage":0,"enemies":"2 Louse","floor":1,"turns":1},{"damage":16,"enemies":"Small Slimes","floor":2,"turns":3},{"damage":1,"enemies":"Cultist","floor":3,"turns":3},{"damage":12,"enemies":"Large Slime","floor":5,"turns":5},{"damage":32,"enemies":"Lagavulin","floor":6,"turns":7},{"damage":23,"enemies":"Gremlin Nob","floor":8,"turns":4},{"damage":11,"enemies":"Blue Slaver","floor":13,"turns":4},{"damage":0,"enemies":"2 Fungi Beasts","floor":14,"turns":2},{"damage":28,"enemies":"Hexaghost","floor":16,"turns":9}],"seed_played":"-719946148391704109","potions_obtained":[{"floor":1,"key":"Explosive Potion"},{"floor":5,"key":"Milkshake"},{"floor":8,"key":"BlessingOfTheForge"}],"is_trial":false,"path_per_floor":["M","M","M","$","M","E","R","E","T","R","?","R","M","M","R","B"],"character_chosen":"DEFECT","items_purchased":["Heatsinks"],"campfire_rested":2,"item_purchase_floors":[4],"current_hp_per_floor":[82,66,65,65,53,21,45,22,22,22,11,35,24,24,24,0,0],"gold":184,"neow_bonus":"TEN_PERCENT_HP_BONUS","is_daily":false,"chose_seed":false,"campfire_upgraded":2,"win_rate":0.0,"timestamp":1613426828,"path_taken":["M","M","M","$","M","E","R","E","T","R","?","R","M","M","R","BOSS"],"items_purchased_type":["Card"],"build_version":"2020-12-22","purchased_purges":1,"victory":false,"max_hp_per_floor":[82,82,82,82,82,82,82,82,82,82,82,82,82,82,82,82,82],"card_choices":[{"not_picked":["ReplaySort","Cold Snap","Steam Power"],"picked":"SKIP","floor":1},{"not_picked":["Gash","Panic Button"],"picked":"Crystallizer","floor":2},{"not_picked":["Doom and Gloom","Cold Snap"],"picked":"BootSequence","floor":3},{"not_picked":["Steam Power","Gash"],"picked":"Reinforced Body","floor":5},{"not_picked":["Seek","Blizzard"],"picked":"Barrage","floor":6},{"not_picked":["Barrage","Panic Button"],"picked":"Defragment","floor":8},{"not_picked":["Hello World","FTL","Go for the Eyes"],"picked":"SKIP","floor":13},{"not_picked":["Panic Button","ReplayTheSpireMod:Repulse","Gash"],"picked":"SKIP","floor":14}],"player_experience":235456,"relics_obtained":[{"floor":6,"key":"Smiling Mask"},{"floor":8,"key":"ReplayTheSpireMod:TigerMarble"},{"floor":9,"key":"Anchor"}],"event_choices":[{"damage_healed":0,"gold_gain":75,"player_choice":"Gather Gold","damage_taken":11,"max_hp_gain":0,"max_hp_loss":0,"event_name":"World of Goop","floor":11,"gold_loss":0}],"is_beta":false,"boss_relics":[],"items_purged_floors":[4],"is_endless":false,"potions_floor_spawned":[1,5,8],"killed_by":"Hexaghost","ascension_level":5}}