{"host":"5wwct7e0z3l0f094","time":1613409086,"event":{"mods":["AchievementEnabler","BaseMod","Downfall","Highlight Path","Minty Spire (QoL Compilation)","StSLib","SuperFastMode"],"gold_per_floor":[99,118,138,588,763,793,861,466,491,162,162,179,196,229,245,347,347,347,364,66,66,66,82,108,137,147,147,164,181,201,371,389,494,494,294,310,360,412,412,424,449,464,464,496,496,496,374,374,393,393],"floor_reached":51,"language":"ENG","playtime":3508,"items_purged":["downfall:Icky","bronze:FunctionCard","downfall:Icky","bronze:Replicate","bronze:FunctionCard","downfall:Icky","Pride"],"score":867,"play_id":"fef0f81c-c1fe-4a3c-a161-854c511d2fec","local_time":"20210215121126","is_ascension_mode":false,"campfire_choices":[{"data":"bronze:Goto","floor":1.0,"key":"SMITH"},{"floor":11.0,"key":"REST"},{"floor":18.0,"key":"RECALL"},{"floor":27,"key":"REST"},{"floor":35,"key":"REST"},{"floor":45,"key":"REST"}],"circlet_count":0,"master_deck":["bronze:Strike","bronze:Strike","bronze:Strike","bronze:Defend","bronze:Defend","bronze:Defend","bronze:Defend","bronze:Replicate","bronze:Goto+1","bronze:Boost","Doubt","bronze:Virus","bronze:ChildClass","bronze:AlphaBuild","bronze:CloningBeam","bronze:Virus","bronze:RecursiveStrike","bronze:Repair","bronze:ClassDefault","bronze:Iterate+1","bronze:Assembly","bronze:GetLatest+1","Parasite","expansioncontent:AwakenDeath"],"relics":["bronze:BronzeCore","MealTicket","Pear","Membership Card","Mummified Hand","Orichalcum","Dead Branch","HandDrill","Meat on the Bone","Regal Pillow","Fusion Hammer","Pantograph","HornCleat","Nunchaku","Bronze Scales","bronze:SilverBullet","Busted Crown","downfall:HeartBlessingRed","downfall:HeartBlessingGreen","Turnip","CaptainsWheel","Smiling Mask","Blue Candle","Boot","bronze:BottledCode"],"acts_visited":["Exordium","TheCity","TheBeyond"],"potions_floor_usage":[33],"damage_taken":[{"damage":0.0,"enemies":"Small Slimes","floor":2.0,"turns":3.0},{"damage":0.0,"enemies":"2 Louse","floor":3.0,"turns":3.0},{"damage":40.0,"enemies":"3 Sentries","floor":6.0,"turns":11.0},{"damage":2.0,"enemies":"downfall:FleeingMerchant","floor":8.0,"turns":4.0},{"damage":21.0,"enemies":"Gremlin Nob","floor":9.0,"turns":5.0},{"damage":9.0,"enemies":"downfall:FleeingMerchant","floor":10.0,"turns":4.0},{"damage":0.0,"enemies":"Jaw Worm","floor":12.0,"turns":1.0},{"damage":0.0,"enemies":"Blue Slaver","floor":13.0,"turns":1.0},{"damage":0.0,"enemies":"Lagavulin","floor":14.0,"turns":3.0},{"damage":0.0,"enemies":"Gremlin Gang","floor":15.0,"turns":3.0},{"damage":9.0,"enemies":"IC_STATUS_ARCHETYPE","floor":16.0,"turns":7.0},{"damage":0.0,"enemies":"Shell Parasite","floor":19.0,"turns":2.0},{"damage":0.0,"enemies":"downfall:FleeingMerchant","floor":20.0,"turns":4.0},{"damage":14.0,"enemies":"downfall:LooterAlt2","floor":23.0,"turns":2.0},{"damage":36,"enemies":"Book of Stabbing","floor":25,"turns":7},{"damage":0,"enemies":"Snecko","floor":26,"turns":2},{"damage":0,"enemies":"Cultist and Chosen","floor":28,"turns":3},{"damage":9,"enemies":"Chosen and Byrds","floor":29,"turns":2},{"damage":0,"enemies":"3 Cultists","floor":30,"turns":4},{"damage":0,"enemies":"downfall:FleeingMerchant","floor":31,"turns":2},{"damage":0,"enemies":"Snecko","floor":32,"turns":3},{"damage":80,"enemies":"DF_ARCHETYPE_CLAW","floor":33,"turns":7},{"damage":0,"enemies":"3 Shapes","floor":36,"turns":2},{"damage":0,"enemies":"3 Shapes","floor":37,"turns":3},{"damage":31,"enemies":"2 Orb Walkers","floor":38,"turns":4},{"damage":9,"enemies":"Orb Walker","floor":40,"turns":2},{"damage":0,"enemies":"Writhing Mass","floor":42,"turns":4},{"damage":63,"enemies":"Giant Head","floor":44,"turns":9},{"damage":9,"enemies":"Spire Growth","floor":49,"turns":3},{"damage":8,"enemies":"SI_POISON_ARCHETYPE","floor":50,"turns":7}],"seed_played":"-835052750334202036","potions_obtained":[{"floor":2.0,"key":"EssenceOfSteel"},{"floor":9.0,"key":"FearPotion"},{"floor":13.0,"key":"Strength Potion"},{"floor":14.0,"key":"LiquidBronze"},{"floor":15.0,"key":"bronze:CleanCodePotion"},{"floor":23.0,"key":"bronze:BuildAFunctionPotion"},{"floor":38,"key":"sneckomod:MuddlingPotion"}],"is_trial":false,"path_per_floor":["R","M","M","?","?","E","T","$","E","$","R","M","M","E","M","B",null,"R","M","$","?","?","M","T","E","M","R","M","M","M","$","M","B",null,"R","M","?","?","?","M","T","M","?","E","R","?","$","?","M","B",null],"character_chosen":"THE_AUTOMATON","items_purchased":["Membership Card","Mummified Hand","Orichalcum","HandDrill","Meat on the Bone","Pantograph","bronze:SilverBullet","Boot"],"campfire_rested":4,"item_purchase_floors":[8,8,8,10,10,20,31,47],"current_hp_per_floor":[77,77,77,77,77,37,47,60,39,45,71,71,71,71,71,62,87,87,87,87,87,87,73,73,49,49,87,87,78,85,87,87,19,87,87,87,87,63,63,54,54,61,61,17,58,58,73,73,68,69],"gold":393,"neow_bonus":"TEN_PERCENT_HP_BONUS","is_daily":false,"chose_seed":false,"campfire_upgraded":1,"win_rate":0.0,"timestamp":1613409086,"path_taken":["R","M","M","?","?","E","T","?","E","?","R","?","?","E","M","BOSS","R","M","$","?","?","M","T","E","?","R","M","M","M","$","M","BOSS","R","M","?","?","?","?","T","?","?","E","R","?","$","?","M","BOSS"],"items_purchased_type":["Relic","Relic","Relic","Relic","Relic","Relic","Relic","Relic"],"build_version":"2020-12-22","purchased_purges":7,"victory":true,"max_hp_per_floor":[77,77,77,77,77,77,87,87,87,87,87,87,87,87,87,87,87,87,87,87,87,87,87,87,87,87,87,87,87,87,87,87,87,87,87,87,87,87,87,87,87,87,87,87,87,87,87,77,77,77],"card_choices":[{"not_picked":["bronze:MaxOutput","bronze:Backtrace","bronze:Turbo"],"picked":"SKIP","floor":2.0},{"not_picked":["bronze:Shield","bronze:Invalidate"],"picked":"bronze:Boost","floor":3.0},{"not_picked":["bronze:Turbo","bronze:BronzeOrb"],"picked":"bronze:Virus","floor":6.0},{"not_picked":["bronze:Fortify","bronze:ForLoop"],"picked":"bronze:ChildClass","floor":8.0},{"not_picked":["bronze:Deprecate","bronze:MaxOutput","bronze:DelayedSlice"],"picked":"SKIP","floor":9.0},{"not_picked":["bronze:OilSpill","bronze:Repair"],"picked":"bronze:AlphaBuild","floor":10.0},{"not_picked":["bronze:ForceShield","bronze:Frontload","bronze:CutThrough"],"picked":"SKIP","floor":12.0},{"not_picked":["bronze:BuggyMess","bronze:Allocate","bronze:ChosenStrike"],"picked":"SKIP","floor":13.0},{"not_picked":["bronze:Iterate","bronze:Backtrace"],"picked":"bronze:CloningBeam","floor":14.0},{"not_picked":["bronze:ItsAFeature","bronze:OilSpill","bronze:WhirlingStrike"],"picked":"SKIP","floor":15.0},{"not_picked":["bronze:HyperBeam","bronze:HardenedForm"],"picked":"bronze:Virus","floor":16.0},{"not_picked":["bronze:Overload","bronze:WildBeam","bronze:BitShift"],"picked":"SKIP","floor":19.0},{"not_picked":["bronze:BuggyMess+1","bronze:Invalidate+1","bronze:MaxOutput"],"picked":"SKIP","floor":20.0},{"not_picked":["bronze:BuggyMess+1","bronze:CutThrough","bronze:Deprecate+1"],"picked":"SKIP","floor":23.0},{"not_picked":["bronze:BronzeArmor","bronze:Shell"],"picked":"bronze:RecursiveStrike","floor":25},{"not_picked":["bronze:Shield","bronze:Invalidate"],"picked":"bronze:Repair","floor":26},{"not_picked":["bronze:WildBeam","bronze:NullPointer"],"picked":"bronze:ClassDefault","floor":28},{"not_picked":["bronze:Turbo","bronze:BitShift","bronze:Frontload"],"picked":"SKIP","floor":29},{"not_picked":["bronze:ForceShield","bronze:Safeguard"],"picked":"bronze:Iterate+1","floor":30},{"not_picked":["bronze:GetLatest+1","bronze:Shield","bronze:BronzeOrb"],"picked":"SKIP","floor":31},{"not_picked":["bronze:WildBeam+1","bronze:Philosophize","bronze:Shield+1"],"picked":"SKIP","floor":32},{"not_picked":["bronze:HardenedForm","bronze:Verify"],"picked":"bronze:Assembly","floor":33},{"not_picked":["bronze:FineTuning"],"picked":"SKIP","floor":36},{"not_picked":[],"picked":"bronze:GetLatest+1","floor":37},{"not_picked":["bronze:BronzeArmor"],"picked":"SKIP","floor":40},{"not_picked":["bronze:Invalidate+1"],"picked":"SKIP","floor":42},{"not_picked":["bronze:Branch+1"],"picked":"SKIP","floor":44},{"not_picked":["expansioncontent:YouAreMine","expansioncontent:Hexaburn"],"picked":"expansioncontent:AwakenDeath","floor":46},{"not_picked":["bronze:Flail+1"],"picked":"SKIP","floor":49}],"player_experience":322391,"relics_obtained":[{"floor":6.0,"key":"MealTicket"},{"floor":7.0,"key":"Pear"},{"floor":9.0,"key":"Dead Branch"},{"floor":14.0,"key":"Regal Pillow"},{"floor":24.0,"key":"Nunchaku"},{"floor":25,"key":"Bronze Scales"},{"floor":37,"key":"Turnip"},{"floor":38,"key":"CaptainsWheel"},{"floor":43,"key":"Smiling Mask"},{"floor":44,"key":"Blue Candle"}],"event_choices":[{"damage_healed":0.0,"max_hp_gain":0.0,"max_hp_loss":0.0,"gold_gain":0.0,"event_name":"Ghosts","player_choice":"Ignored","floor":21.0,"gold_loss":0.0,"damage_taken":0.0},{"damage_healed":0.0,"max_hp_gain":0.0,"max_hp_loss":0.0,"gold_gain":0.0,"event_name":"Addict","player_choice":"Stole Relic","floor":22.0,"gold_loss":0.0,"damage_taken":0.0,"relics_obtained":["HornCleat"],"cards_obtained":["Pride"]},{"damage_healed":0,"gold_gain":0,"player_choice":"Fight","damage_taken":0,"max_hp_gain":0,"max_hp_loss":0,"event_name":"Mysterious Sphere","floor":38,"gold_loss":0},{"cards_removed":["bronze:Strike"],"damage_healed":0,"gold_gain":0,"player_choice":"Removed Attack","damage_taken":0,"max_hp_gain":0,"max_hp_loss":0,"event_name":"Falling","floor":39,"gold_loss":0}],"is_beta":false,"boss_relics":[{"not_picked":["Runic Pyramid","Tiny House"],"picked":"Fusion Hammer"},{"not_picked":["Velvet Choker","Cursed Key"],"picked":"Busted Crown"}],"items_purged_floors":[8,10,10,20,20,31,47],"is_endless":false,"potions_floor_spawned":[2,9,13,14,15,19,23,26,30,32,38,44,49],"ascension_level":0}}