{"host":"sl5hpy1jvdbpn5jq","time":1613425467,"event":{"mods":["Act Like it!","Ascension Reborn","BaseMod","Better Skull","Dota2Spire","Downfall","Elementarium","Filter the Spire","GifTheSpireLib","Halation","Hubris","Minty Spire (QoL Compilation)","Permanent Neow","Replay The Spire","Shop Mod","Spicy Shops","StSLib","The Jungle"],"gold_per_floor":[99,156,207,207,507,600,647,692,704,1115,1232,1044,1056,302,362,362,362,362],"floor_reached":16,"language":"ENG","playtime":956,"items_purged":[],"score":153,"play_id":"22dc7bfc-fe57-417e-89a9-a4f44880cdb8","local_time":"20210215154427","daily_mods":["Vintage","Heirloom","Time Dilation","Flight","Elite Swarm","Lethality","Midas"],"is_ascension_mode":true,"campfire_choices":[{"floor":1,"key":"RECALL"},{"floor":12,"key":"REST"}],"circlet_count":0,"master_deck":["hexamod:Strike+1","hexamod:Strike+1","hexamod:Strike+1","hexamod:Strike+1","hexamod:Defend+1","hexamod:Defend+1","hexamod:Defend+1","hexamod:Defend+1","hexamod:Sear+1","hexamod:Float+1","Doubt","hexamod:Sear+1","hexamod:FastForward","hexamod:ExtraCrispy+1","hexamod:FifthSeal","Purity+1","Languid","hexamod:ThirdSeal","hexamod:SixthSeal","hexamod:FourthSeal","hexamod:TimeOfNeed","hexamod:FirstSeal","hexamod:TimeOfNeed","hexamod:SecondSeal"],"relics":["hexamod:SpiritBrand","Replay:PocketPolymizer","Boot","Dota2Spire:ArmletOfMordiggian","ReplayTheSpireMod:Ring of Challenge","ReplayTheSpireMod:Ring of Addiction","Potion Belt","Toy Ornithopter","downfall:GremlinSack","Dota2Spire:EchoSabre","MawBank","Dota2Spire:PowerTreads","Old Coin","Gremlin Food","downfall:HeartBlessingRed","downfall:HeartBlessingBlue","hubris:AstralHammer","StrikeDummy","halation:PeacePiece","Kunai","Onion Ring"],"acts_visited":["Exordium"],"potions_floor_usage":[6,10,10,11,13,14,16,16],"damage_taken":[{"damage":0,"enemies":"Cultist","floor":2,"turns":2},{"damage":1,"enemies":"Jaw Worm","floor":3,"turns":3},{"damage":9,"enemies":"Jaw Worm","floor":5,"turns":4},{"damage":11,"enemies":"Lagavulin","floor":6,"turns":7},{"damage":0,"enemies":"2 Louse","floor":8,"turns":1},{"damage":42,"enemies":"3 Sentries","floor":10,"turns":10},{"damage":11,"enemies":"Gremlin Nob","floor":11,"turns":4},{"damage":45,"enemies":"3 Sentries","floor":13,"turns":6},{"damage":20,"enemies":"downfall:FleeingMerchant","floor":14,"turns":4},{"damage":0,"enemies":"Exordium Thugs","floor":15,"turns":5},{"damage":19,"enemies":"SI_SHIV_ARCHETYPE","floor":16,"turns":7}],"seed_played":"5321594552412956683","potions_obtained":[{"floor":3,"key":"DistilledChaos"},{"floor":4,"key":"Energy Potion"},{"floor":4,"key":"SmokeBomb"},{"floor":4,"key":"ColorlessPotion"},{"floor":5,"key":"SkillPotion"},{"floor":11,"key":"Dota2Spire:Clarity"},{"floor":14,"key":"LiquidBronze"},{"floor":15,"key":"Block Potion"}],"is_trial":true,"path_per_floor":["R","M","M","?","?","E","T","M","?","E","E","R","E","$","M","B"],"character_chosen":"THE_SPIRIT","items_purchased":["hubris:AstralHammer","StrikeDummy","halation:PeacePiece","Kunai"],"campfire_rested":1,"item_purchase_floors":[14,14,14,14],"current_hp_per_floor":[70,70,69,69,60,54,54,54,54,22,16,49,16,8,8,0,0,0],"gold":362,"neow_bonus":"","is_daily":false,"chose_seed":false,"campfire_upgraded":0,"win_rate":0.0,"timestamp":1613425467,"path_taken":["R","M","?","?","?","E","T","?","?","E","E","R","E","?","M","BOSS"],"items_purchased_type":["Relic","Relic","Relic","Relic"],"build_version":"2020-12-22","purchased_purges":0,"victory":false,"max_hp_per_floor":[70,70,70,70,70,70,70,70,70,68,68,78,78,78,78,78,78,78],"card_choices":[{"not_picked":["hexamod:SixthSeal","hexamod:SecondSeal"],"picked":"hexamod:ThirdSeal","floor":6},{"not_picked":["hexamod:ForkedFlame","hexamod:ParanormalForm"],"picked":"hexamod:SixthSeal","floor":6},{"not_picked":["hexamod:SixthSeal","hexamod:ThirdSeal"],"picked":"hexamod:FourthSeal","floor":10},{"not_picked":["hexamod:WildfireWeapon","hexamod:SixthSeal"],"picked":"hexamod:TimeOfNeed","floor":10},{"not_picked":["hexamod:GhostflameInferno","hexamod:ParanormalForm","hexamod:UnleashSpirits"],"picked":"SKIP","floor":10},{"not_picked":["hexamod:ThirdSeal","hexamod:SixthSeal"],"picked":"hexamod:FirstSeal","floor":11},{"not_picked":["hexamod:GhostOfSpirePresent","hexamod:TurnItUp"],"picked":"hexamod:TimeOfNeed","floor":11},{"not_picked":["hexamod:FourthSeal","hexamod:ThirdSeal"],"picked":"hexamod:SecondSeal","floor":14},{"not_picked":["hexamod:BurningTouch","hexamod:ParanormalForm","hexamod:VolcanoVisage"],"picked":"SKIP","floor":14},{"not_picked":["hexamod:Incineration","hexamod:BurningTouch","hexamod:HauntingEcho"],"picked":"SKIP","floor":14}],"player_experience":233730,"relics_obtained":[{"floor":2,"key":"Boot"},{"floor":3,"key":"Dota2Spire:ArmletOfMordiggian"},{"floor":4,"key":"ReplayTheSpireMod:Ring of Challenge"},{"floor":4,"key":"ReplayTheSpireMod:Ring of Addiction"},{"floor":4,"key":"Potion Belt"},{"floor":4,"key":"Toy Ornithopter"},{"floor":5,"key":"downfall:GremlinSack"},{"floor":6,"key":"Dota2Spire:EchoSabre"},{"floor":8,"key":"MawBank"},{"floor":9,"key":"Dota2Spire:PowerTreads"},{"floor":10,"key":"Old Coin"},{"floor":11,"key":"Gremlin Food"},{"floor":15,"key":"Onion Ring"}],"event_choices":[{"damage_healed":0,"gold_gain":0,"player_choice":"Relic","damage_taken":0,"max_hp_gain":0,"max_hp_loss":0,"event_name":"Wheel of Change","floor":9,"gold_loss":0}],"is_beta":false,"boss_relics":[],"items_purged_floors":[],"is_endless":false,"potions_floor_spawned":[3,5,15],"killed_by":"SI_SHIV_ARCHETYPE","ascension_level":0}}