{"host":"lly094a91h6n5nv5","time":1613347281,"event":{"mods":["AchievementEnabler","BaseMod","Block Reminder","Colored Map","Minty Spire (QoL Compilation)","Permanent Neow"],"gold_per_floor":[110,110,75,75,15,15,40,40,40,40,66,77,94,121,121,216,216,226,237,58,69,86,86,112,132,132,142,162,162,237,250,250,352,352,369,389,87,135,150,183,183,210,210,210,243,256,94,129,129,129],"floor_reached":51,"language":"ENG","playtime":3828,"items_purged":["Defend_G","Strike_G","Strike_G"],"score":1395,"play_id":"c22cbefc-0074-4d31-b645-c3e8fc4e2055","local_time":"20210214180121","is_ascension_mode":true,"campfire_choices":[{"data":"Neutralize","floor":6,"key":"SMITH"},{"data":"Deadly Poison","floor":8,"key":"SMITH"},{"data":"PiercingWail","floor":15,"key":"SMITH"},{"data":"Footwork","floor":23,"key":"SMITH"},{"floor":29,"key":"REST"},{"data":"Footwork","floor":32,"key":"SMITH"},{"floor":41,"key":"REST"},{"floor":44,"key":"REST"},{"floor":49,"key":"REST"}],"circlet_count":0,"master_deck":["AscendersBane","Strike_G","Strike_G+1","Strike_G+1","Defend_G","Defend_G","Defend_G","Defend_G+1","Survivor+1","Neutralize+1","Dramatic Entrance+1","Deadly Poison+1","PiercingWail+1","Crippling Poison+1","Backflip+1","Bullet Time+1","Deadly Poison+1","Deflect+1","Corpse Explosion+1","Dodge and Roll+1","Footwork+1","Escape Plan+1","Deadly Poison+1","Footwork+1","Doppelganger+1","Crippling Poison+1","Acrobatics+1","Deadly Poison+1","Leg Sweep+1","Adrenaline+1","Bouncing Flask+1","Catalyst+1","Malaise+1","Backflip+1","Well Laid Plans","Blur+1","Crippling Poison+1","Deadly Poison+1","Crippling Poison+1"],"relics":["Ring of the Snake","The Courier","War Paint","Toxic Egg 2","Regal Pillow","Prayer Wheel","Centennial Puzzle","Cursed Key","Omamori","Whetstone","Ninja Scroll","Fusion Hammer","Mango","Juzu Bracelet","Shuriken","Happy Flower","Oddly Smooth Stone","Sundial"],"acts_visited":["Exordium","TheCity","TheBeyond"],"potions_floor_usage":[7,25,28,35,50,50,50,50,50,50,50,50,50,50,50],"damage_taken":[{"damage":0,"enemies":"Small Slimes","floor":1,"turns":2},{"damage":16,"enemies":"Gremlin Nob","floor":7,"turns":4},{"damage":10,"enemies":"Lagavulin","floor":11,"turns":7},{"damage":0,"enemies":"2 Louse","floor":12,"turns":1},{"damage":0,"enemies":"Cultist","floor":13,"turns":2},{"damage":0,"enemies":"3 Sentries","floor":14,"turns":5},{"damage":19,"enemies":"The Guardian","floor":16,"turns":9},{"damage":9,"enemies":"Shell Parasite","floor":18,"turns":4},{"damage":5,"enemies":"2 Thieves","floor":19,"turns":3},{"damage":0,"enemies":"Centurion and Healer","floor":21,"turns":6},{"damage":3,"enemies":"Snecko","floor":22,"turns":4},{"damage":7,"enemies":"Gremlin Leader","floor":24,"turns":6},{"damage":13,"enemies":"Snake Plant","floor":25,"turns":4},{"damage":0,"enemies":"3 Cultists","floor":27,"turns":4},{"damage":0,"enemies":"Shelled Parasite and Fungi","floor":28,"turns":4},{"damage":4,"enemies":"Cultist and Chosen","floor":31,"turns":5},{"damage":11,"enemies":"Automaton","floor":33,"turns":6},{"damage":3,"enemies":"Orb Walker","floor":35,"turns":4},{"damage":0,"enemies":"3 Shapes","floor":36,"turns":3},{"damage":30,"enemies":"2 Orb Walkers","floor":38,"turns":6},{"damage":5,"enemies":"3 Darklings","floor":39,"turns":2},{"damage":0,"enemies":"Nemesis","floor":40,"turns":6},{"damage":0,"enemies":"Giant Head","floor":42,"turns":6},{"damage":7,"enemies":"Nemesis","floor":45,"turns":7},{"damage":0,"enemies":"Transient","floor":46,"turns":5},{"damage":0,"enemies":"Reptomancer","floor":48,"turns":3},{"damage":5,"enemies":"Awakened One","floor":50,"turns":13}],"seed_played":"-231303538294551025","potions_obtained":[{"floor":1,"key":"Fire Potion"},{"floor":14,"key":"Weak Potion"},{"floor":18,"key":"SkillPotion"},{"floor":21,"key":"FearPotion"},{"floor":25,"key":"Block Potion"},{"floor":31,"key":"SmokeBomb"},{"floor":38,"key":"SteroidPotion"},{"floor":39,"key":"Explosive Potion"},{"floor":40,"key":"EntropicBrew"},{"floor":42,"key":"EntropicBrew"}],"is_trial":false,"path_per_floor":["M","?","?","?","$","R","E","R","T","T","E","M","M","E","R","B",null,"M","M","$","M","M","R","E","M","T","M","M","R","?","M","R","B",null,"M","M","$","?","M","E","R","E","T","R","E","M","$","E","R","B",null],"character_chosen":"THE_SILENT","items_purchased":["Footwork","Omamori","Well Laid Plans","Blur+1","Crippling Poison+1","Deadly Poison+1","LiquidMemories"],"campfire_rested":4,"item_purchase_floors":[20,20,37,37,37,37,47],"current_hp_per_floor":[63,38,55,55,55,55,39,39,39,39,29,29,29,29,29,10,55,46,41,41,41,38,38,31,18,18,18,18,54,47,43,43,32,61,58,58,58,42,37,37,77,77,77,84,77,77,77,77,84,79],"gold":129,"neow_bonus":"RANDOM_COLORLESS","is_daily":false,"chose_seed":false,"campfire_upgraded":5,"win_rate":0.0,"timestamp":1613347281,"path_taken":["M","?","?","?","$","R","E","R","T","?","E","?","?","E","R","BOSS","M","M","$","M","M","R","E","M","T","M","M","R","?","?","R","BOSS","M","M","$","?","M","E","R","E","T","R","E","M","$","E","R","BOSS"],"items_purchased_type":["Card","Relic","Card","Card","Card","Card","Potion"],"build_version":"2020-12-22","purchased_purges":3,"victory":true,"max_hp_per_floor":[70,70,70,70,70,70,70,70,70,70,70,70,70,70,70,70,70,70,70,70,70,70,70,70,70,70,70,70,70,70,70,70,70,70,70,70,70,84,84,84,84,84,84,84,84,84,84,84,84,84],"card_choices":[{"not_picked":["Swift Strike","Jack Of All Trades"],"picked":"Dramatic Entrance","floor":0},{"not_picked":["Flying Knee","Dagger Spray"],"picked":"Deadly Poison","floor":1},{"not_picked":["Escape Plan","Prepared"],"picked":"PiercingWail","floor":7},{"not_picked":["Poisoned Stab","Caltrops"],"picked":"Crippling Poison+1","floor":11},{"not_picked":["Cloak And Dagger+1","Sucker Punch"],"picked":"Backflip+1","floor":12},{"not_picked":["Dagger Spray","Dodge and Roll+1"],"picked":"Bullet Time+1","floor":12},{"not_picked":["Dagger Spray","Terror+1"],"picked":"Deadly Poison+1","floor":13},{"not_picked":["Distraction+1","Outmaneuver+1"],"picked":"Deflect+1","floor":13},{"not_picked":["All Out Attack","Grand Finale","Slice"],"picked":"SKIP","floor":14},{"not_picked":["Malaise+1","Tools of the Trade"],"picked":"Corpse Explosion+1","floor":16},{"not_picked":["Outmaneuver+1","Setup+1"],"picked":"Dodge and Roll+1","floor":18},{"not_picked":["Flying Knee","Dagger Throw","Terror+1"],"picked":"SKIP","floor":18},{"not_picked":["Dodge and Roll+1","Cloak And Dagger+1","Tactician+1"],"picked":"SKIP","floor":19},{"not_picked":["Heel Hook","Reflex+1","Poisoned Stab"],"picked":"SKIP","floor":19},{"not_picked":["Dagger Throw+1","Caltrops"],"picked":"Escape Plan+1","floor":21},{"not_picked":["Backflip+1","Outmaneuver+1"],"picked":"Deadly Poison+1","floor":21},{"not_picked":["Bane","Skewer+1"],"picked":"Footwork","floor":22},{"not_picked":["Underhanded Strike","Dagger Spray","Skewer"],"picked":"SKIP","floor":22},{"not_picked":["PiercingWail+1","Terror+1"],"picked":"Doppelganger+1","floor":24},{"not_picked":["Distraction+1","Endless Agony"],"picked":"Crippling Poison+1","floor":25},{"not_picked":["Deflect+1","Terror+1"],"picked":"Acrobatics+1","floor":25},{"not_picked":["Predator+1","Dash"],"picked":"Deadly Poison+1","floor":27},{"not_picked":["Prepared+1","Deflect+1"],"picked":"Leg Sweep+1","floor":27},{"not_picked":["Blade Dance+1","Deflect+1"],"picked":"Adrenaline+1","floor":28},{"not_picked":["Skewer+1","Dodge and Roll+1","Deflect+1"],"picked":"SKIP","floor":28},{"not_picked":["Riddle With Holes+1","PiercingWail+1"],"picked":"Bouncing Flask+1","floor":31},{"not_picked":["Bane","Choke"],"picked":"Catalyst+1","floor":31},{"not_picked":["Phantasmal Killer+1","Night Terror+1"],"picked":"Malaise+1","floor":33},{"not_picked":["Finisher","Dodge and Roll+1"],"picked":"Backflip+1","floor":35},{"not_picked":["Blade Dance+1","Dash","Setup+1"],"picked":"SKIP","floor":35},{"not_picked":["Prepared+1","Deflect+1","Bane+1"],"picked":"SKIP","floor":36},{"not_picked":["Flying Knee+1","Die Die Die","Dagger Throw+1"],"picked":"SKIP","floor":36},{"not_picked":["Backstab","Acrobatics+1","Outmaneuver+1"],"picked":"SKIP","floor":39},{"not_picked":["Quick Slash","Deflect+1","Leg Sweep+1"],"picked":"SKIP","floor":39},{"not_picked":["Cloak And Dagger+1","Quick Slash+1","Poisoned Stab"],"picked":"SKIP","floor":40},{"not_picked":["Masterful Stab+1","Dagger Spray+1","Deflect+1"],"picked":"SKIP","floor":42},{"not_picked":["Backstab+1","Endless Agony+1","Setup+1"],"picked":"SKIP","floor":45},{"not_picked":["Night Terror+1","Quick Slash"],"picked":"Crippling Poison+1","floor":46},{"not_picked":["Dagger Throw+1","All Out Attack+1","Dodge and Roll+1"],"picked":"SKIP","floor":46},{"not_picked":["Bane","Deflect+1","Heel Hook"],"picked":"SKIP","floor":48}],"player_experience":249729,"relics_obtained":[{"floor":7,"key":"War Paint"},{"floor":9,"key":"Toxic Egg 2"},{"floor":10,"key":"Regal Pillow"},{"floor":11,"key":"Prayer Wheel"},{"floor":14,"key":"Centennial Puzzle"},{"floor":24,"key":"Whetstone"},{"floor":26,"key":"Ninja Scroll"},{"floor":38,"key":"Mango"},{"floor":40,"key":"Juzu Bracelet"},{"floor":42,"key":"Shuriken"},{"floor":43,"key":"Happy Flower"},{"floor":45,"key":"Oddly Smooth Stone"},{"floor":48,"key":"Sundial"}],"event_choices":[{"damage_healed":0,"gold_gain":0,"player_choice":"Success","damage_taken":25,"relics_obtained":["The Courier"],"max_hp_gain":0,"max_hp_loss":0,"event_name":"Scrap Ooze","floor":2,"gold_loss":0},{"damage_healed":17,"gold_gain":0,"player_choice":"Healed","damage_taken":0,"max_hp_gain":0,"max_hp_loss":0,"event_name":"The Cleric","floor":3,"gold_loss":35},{"damage_healed":0,"gold_gain":0,"player_choice":"Grow","damage_taken":0,"max_hp_gain":0,"max_hp_loss":0,"event_name":"Living Wall","floor":4,"gold_loss":0,"cards_upgraded":["Dramatic Entrance"]},{"damage_healed":0,"gold_gain":75,"player_choice":"Touch","damage_taken":7,"max_hp_gain":0,"max_hp_loss":0,"event_name":"FaceTrader","floor":30,"gold_loss":0},{"damage_healed":0,"gold_gain":0,"player_choice":"Fight","damage_taken":0,"max_hp_gain":0,"max_hp_loss":0,"event_name":"Mysterious Sphere","floor":38,"gold_loss":0}],"is_beta":false,"boss_relics":[{"not_picked":["Tiny House","Astrolabe"],"picked":"Cursed Key"},{"not_picked":["Empty Cage","Runic Dome"],"picked":"Fusion Hammer"}],"items_purged_floors":[5,37,47],"is_endless":false,"potions_floor_spawned":[1,14,18,21,25,31,33,38,39,40,42],"ascension_level":10}}