{"host":"7yuv8uj1t8ip67ez","time":1613431495,"event":{"mods":["BaseMod","Best Route Mod","Bestiary","Block Reminder","Colored Map","Colored Powertips","Curses Come First","DeckTracker","Highlight Path","Keyboard Shortcuts","Minty Spire (QoL Compilation)","Potion Indicator Mod","Quick Restart","Random Character Button","Relic Sorter","StSLib"],"gold_per_floor":[115,164,164,177,191,225,240,240,240],"floor_reached":8,"language":"ENG","playtime":647,"items_purged":[],"score":67,"play_id":"f96b983c-ce39-4437-abb1-a784f20573a9","local_time":"20210215152455","is_ascension_mode":true,"campfire_choices":[],"circlet_count":0,"master_deck":["Strike_P","Strike_P","Strike_P","Defend_P","Defend_P","Defend_P","Eruption","Vigilance","Doubt","DevaForm","Nirvana","PathToVictory","ThirdEye","CutThroughFate","Prostrate","FlyingSleeves"],"relics":["PureWater","Dream Catcher","WingedGreaves"],"acts_visited":["Exordium"],"potions_floor_usage":[7],"damage_taken":[{"damage":1,"enemies":"Cultist","floor":1,"turns":5},{"damage":10,"enemies":"Small Slimes","floor":4,"turns":3},{"damage":6,"enemies":"Jaw Worm","floor":5,"turns":5},{"damage":19,"enemies":"Lagavulin","floor":6,"turns":7},{"damage":12,"enemies":"Looter","floor":7,"turns":5},{"damage":34,"enemies":"Gremlin Nob","floor":8,"turns":3}],"seed_played":"179341449642385102","potions_obtained":[{"floor":5,"key":"PowerPotion"},{"floor":7,"key":"StancePotion"}],"is_trial":false,"path_per_floor":["M","T","?","M","M","E","M","E"],"character_chosen":"WATCHER","items_purchased":[],"campfire_rested":0,"item_purchase_floors":[],"current_hp_per_floor":[71,71,71,61,55,36,24,0,0],"gold":240,"neow_bonus":"TRANSFORM_TWO_CARDS","is_daily":false,"chose_seed":false,"campfire_upgraded":0,"win_rate":0.0,"timestamp":1613431495,"path_taken":["M","?","?","M","?","E","M","E"],"items_purchased_type":[],"build_version":"2020-12-22","purchased_purges":0,"victory":false,"max_hp_per_floor":[72,72,72,72,72,72,72,72,72],"card_choices":[{"not_picked":["Adaptation","Protect"],"picked":"PathToVictory","floor":1},{"not_picked":["Prostrate","TalkToTheHand"],"picked":"ThirdEye","floor":4},{"not_picked":["Perseverance","JustLucky"],"picked":"CutThroughFate","floor":5},{"not_picked":["WreathOfFlame","ThirdEye"],"picked":"Prostrate","floor":6},{"not_picked":["JustLucky","SignatureMove"],"picked":"FlyingSleeves","floor":7}],"player_experience":487307,"relics_obtained":[{"floor":2,"key":"Dream Catcher"},{"floor":6,"key":"WingedGreaves"}],"event_choices":[{"damage_healed":0,"gold_gain":0,"player_choice":"Ignored","damage_taken":0,"max_hp_gain":0,"max_hp_loss":0,"event_name":"Transmorgrifier","floor":3,"gold_loss":0}],"is_beta":false,"boss_relics":[],"items_purged_floors":[],"is_endless":false,"potions_floor_spawned":[5,7],"killed_by":"Gremlin Nob","ascension_level":3}}