{"host":"y0i0tbisecj7yjyn","time":1613355364,"event":{"mods":["AchievementEnabler","AlwaysNeverKeys","BaseMod","BetterRewards","Colored Map","Colored Powertips","Curses Come First","Disable Question Mark Monsters","Displayed Cursed Tome","Highlight Path","Keyboard Shortcuts","Minty Spire (QoL Compilation)","Quick Restart","Random Character Button","Rare Cards Sparkle","StSLib","SuperFastMode","Transform Curses","Weighted Paths"],"gold_per_floor":[99,99,99,99,64,64,64,64,64,64,64,64,64,34,34,34,34,34,34,34,34,34,34],"floor_reached":22,"language":"ENG","playtime":1948,"items_purged":[],"score":235,"play_id":"c09d5529-7a97-4863-a2b7-9a12508e9898","local_time":"20210214201604","is_ascension_mode":true,"campfire_choices":[{"floor":7.0,"key":"REST"},{"floor":10.0,"key":"REST"},{"floor":15.0,"key":"REST"}],"circlet_count":0,"master_deck":["Strike_B","Strike_B","Strike_B","Strike_B","Defend_B","Defend_B","Defend_B","Zap","Dualcast","Conserve Battery","Lockon","Gash","Storm","Auto Shields","Consume","Melter","Double Energy","Core Surge","Capacitor","Auto Shields+1"],"relics":["Ectoplasm","Happy Flower","Torii","Blue Candle","Black Star","Sundial"],"acts_visited":["Exordium","TheCity"],"potions_floor_usage":[16,16,16,22],"damage_taken":[{"damage":10.0,"enemies":"2 Louse","floor":1.0,"turns":2.0},{"damage":0.0,"enemies":"Cultist","floor":3.0,"turns":3.0},{"damage":0.0,"enemies":"Jaw Worm","floor":4.0,"turns":3.0},{"damage":23.0,"enemies":"Lagavulin","floor":6.0,"turns":5.0},{"damage":52.0,"enemies":"Gremlin Nob","floor":8.0,"turns":5.0},{"damage":21.0,"enemies":"Gremlin Gang","floor":11.0,"turns":5.0},{"damage":1.0,"enemies":"2 Fungi Beasts","floor":12.0,"turns":4.0},{"damage":4.0,"enemies":"Exordium Thugs","floor":14.0,"turns":5.0},{"damage":26,"enemies":"Slime Boss","floor":16,"turns":7},{"damage":10,"enemies":"3 Byrds","floor":18,"turns":6},{"damage":25,"enemies":"Chosen","floor":19,"turns":5},{"damage":41,"enemies":"Snake Plant","floor":22,"turns":3}],"seed_played":"-4754454789693619871","potions_obtained":[{"floor":1.0,"key":"SkillPotion"},{"floor":3.0,"key":"EssenceOfDarkness"},{"floor":8.0,"key":"Strength Potion"},{"floor":12.0,"key":"FocusPotion"},{"floor":18,"key":"AttackPotion"}],"is_trial":false,"path_per_floor":["M","?","M","M","?","E","R","E","T","R","M","M","?","M","R","B",null,"M","M","?","?","M"],"character_chosen":"DEFECT","items_purchased":[],"campfire_rested":3,"item_purchase_floors":[],"current_hp_per_floor":[65,65,65,65,75,52,74,22,22,44,23,22,22,18,40,14,75,65,40,40,40,0,0],"gold":34,"neow_bonus":"BOSS_RELIC","is_daily":false,"chose_seed":false,"campfire_upgraded":0,"win_rate":0.0,"timestamp":1613355364,"path_taken":["M","?","?","M","?","E","R","E","T","R","M","M","?","M","R","BOSS","M","M","?","?","M"],"items_purchased_type":[],"build_version":"2020-12-22","purchased_purges":0,"victory":false,"max_hp_per_floor":[75,75,75,75,75,75,75,75,75,75,75,75,75,75,75,75,75,75,75,75,75,75,75],"card_choices":[{"not_picked":["Reprogram","Rebound"],"picked":"Conserve Battery","floor":1.0},{"not_picked":["Compile Driver","Aggregate","Coolheaded"],"picked":"SKIP","floor":3.0},{"not_picked":["BootSequence","Leap"],"picked":"Gash","floor":4.0},{"not_picked":["Tempest","Sweeping Beam"],"picked":"Storm","floor":6.0},{"not_picked":["Steam Power","Compile Driver"],"picked":"Auto Shields","floor":8.0},{"not_picked":["Loop","Go for the Eyes"],"picked":"Consume","floor":11.0},{"not_picked":["Fission","Reprogram"],"picked":"Melter","floor":12.0},{"not_picked":["Stack","Sweeping Beam"],"picked":"Double Energy","floor":14.0},{"not_picked":["Meteor Strike","All For One"],"picked":"Core Surge","floor":16},{"not_picked":["Leap+1","Steam Power"],"picked":"Capacitor","floor":18},{"not_picked":["Stack","Redo"],"picked":"Auto Shields+1","floor":19}],"player_experience":457585,"relics_obtained":[{"floor":6.0,"key":"Happy Flower"},{"floor":8.0,"key":"Torii"},{"floor":9.0,"key":"Blue Candle"}],"event_choices":[{"damage_healed":0.0,"max_hp_gain":0.0,"max_hp_loss":0.0,"gold_gain":0.0,"cards_transformed":["Defend_B"],"event_name":"Transmorgrifier","player_choice":"Transformed","floor":2.0,"gold_loss":0.0,"damage_taken":0.0,"cards_obtained":["Lockon"]},{"damage_healed":18.0,"max_hp_gain":0.0,"max_hp_loss":0.0,"gold_gain":0.0,"event_name":"The Cleric","player_choice":"Healed","floor":5.0,"gold_loss":35.0,"damage_taken":0.0},{"damage_healed":0.0,"max_hp_gain":0.0,"max_hp_loss":0.0,"gold_gain":0.0,"event_name":"Lab","player_choice":"Got Potions","floor":13.0,"gold_loss":0.0,"damage_taken":0.0},{"damage_healed":0,"gold_gain":0,"player_choice":"Stole Relic","damage_taken":0,"relics_obtained":["Sundial"],"max_hp_gain":0,"max_hp_loss":0,"event_name":"Addict","floor":20,"gold_loss":0,"cards_obtained":["Shame"]},{"cards_removed":["Shame"],"damage_healed":0,"gold_gain":0,"player_choice":"Purged","damage_taken":0,"max_hp_gain":0,"max_hp_loss":0,"event_name":"Purifier","floor":21,"gold_loss":0}],"is_beta":false,"boss_relics":[{"not_picked":["Runic Pyramid","Fusion Hammer"],"picked":"Black Star"}],"items_purged_floors":[],"is_endless":false,"potions_floor_spawned":[1,3,8,12,14,18],"killed_by":"Snake Plant","ascension_level":4}}