{"host":"8a72fthmlk1o8pdb","time":1613353721,"event":{"mods":["AchievementEnabler","Aspiration","Astrologer","Bard","BaseMod","Beaked The Cultist","Better Sensory Stone","Better Skull","Better Third Choice","ChefMod","Colored Map","Colored Powertips","Dark Map","Downfall","Friendly Minions","GifTheSpireLib","Googly Eyes","Gremlin Mod","Hermit","Hubris","JesterMod","Jorbs\u0027s Wanderer Trilogy","Marisa????????","Minty Spire (QoL Compilation)","Permanent Neow","Random Character Button","Rare Cards Sparkle","Relic Stats","Reliquary","Robot Space Explorer","Shade Mod","Shop Mod","Somnambulant","StSLib","The Animator","The Blue Laboratory","The Construct","The Cursed","The Disciple","The Hayseed","The Hierophant","The Jungle","The Marked","The Mystic","The Necromancer","The Poker Player","The Problem Sleuth","The Runesmith","thorton"],"gold_per_floor":[112,112,129,129,58,88,108,108,108,119,119,44,44,57,57,155,155,170,95,16,26,4,4,34,34,34,34,34],"floor_reached":27,"language":"ENG","playtime":1218,"items_purged":["Strike_G"],"score":240,"play_id":"340cd6a1-9f77-4087-92ea-aee5e30ecca7","local_time":"20210214174841","is_ascension_mode":true,"campfire_choices":[{"floor":8,"key":"REST"},{"data":"Heel Hook","floor":11,"key":"SMITH"},{"data":"Footwork","floor":13,"key":"SMITH"},{"data":"Neutralize","floor":15,"key":"SMITH"},{"data":"Caltrops","floor":23,"key":"SMITH"},{"floor":25,"key":"REST"}],"circlet_count":0,"master_deck":["Strike_G","Strike_G","Defend_G","Defend_G","Defend_G","Defend_G","Defend_G","Survivor","Neutralize+1","Backflip+1","Riddle With Holes","Heel Hook+1","Well Laid Plans","Footwork+1","Acrobatics","After Image","Caltrops+1","Well Laid Plans","Acrobatics"],"relics":["Ring of the Snake","Nunchaku","Runesmith:Locket","reliquary:HotPoker","aspiration:MobileForge","FossilizedHelix","reliquary:BallBearing"],"acts_visited":["Exordium","TheCity"],"potions_floor_usage":[16],"damage_taken":[{"damage":4,"enemies":"Jaw Worm","floor":1,"turns":5},{"damage":2,"enemies":"Cultist","floor":3,"turns":5},{"damage":24,"enemies":"Gremlin Nob","floor":6,"turns":5},{"damage":0,"enemies":"Small Slimes","floor":7,"turns":3},{"damage":2,"enemies":"2 Fungi Beasts","floor":10,"turns":3},{"damage":6,"enemies":"Large Slime","floor":14,"turns":5},{"damage":30,"enemies":"Slime Boss","floor":16,"turns":19},{"damage":12,"enemies":"3 Byrds","floor":18,"turns":7},{"damage":0,"enemies":"Shell Parasite","floor":21,"turns":7},{"damage":42,"enemies":"Gremlin Leader","floor":24,"turns":10},{"damage":0,"enemies":"Snake Plant","floor":27,"turns":1}],"seed_played":"-4142905193348526532","potions_obtained":[{"floor":10,"key":"blueLaboratory:HorrorPotion"},{"floor":14,"key":"Explosive Potion"},{"floor":24,"key":"sneckomod:MuddlingPotion"}],"is_trial":false,"path_per_floor":["M","?","M","?","$","E","M","R","T","M","R","$","R","M","R","B",null,"M","?","$","M","$","R","E","R","T","M"],"character_chosen":"THE_SILENT","items_purchased":["Heel Hook","Well Laid Plans","Acrobatics"],"campfire_rested":2,"item_purchase_floors":[5,20,22],"current_hp_per_floor":[66,59,57,57,57,33,33,54,54,52,52,52,52,46,46,16,70,58,58,58,58,58,58,16,37,37,37,37],"gold":34,"neow_bonus":"RANDOM_COMMON_RELIC","is_daily":false,"chose_seed":false,"campfire_upgraded":4,"win_rate":0.0,"timestamp":1613353721,"path_taken":["M","?","M","?","$","E","M","R","T","M","R","$","R","M","R","BOSS","M","?","$","M","$","R","E","R","T","M"],"items_purchased_type":["Card","Card","Card"],"build_version":"2020-12-22","purchased_purges":1,"victory":false,"max_hp_per_floor":[70,70,70,70,70,70,70,70,70,70,70,70,70,70,70,70,70,70,70,70,70,70,70,70,70,70,70,70],"relic_stats":{"Nunchaku":[13],"counters":[11,70],"obtain_stats":[{"Nunchaku":0,"reliquary:HotPoker":9,"aspiration:MobileForge":17,"Runesmith:Locket":6,"reliquary:BallBearing":26,"FossilizedHelix":24,"Ring of the Snake":0},{"Nunchaku":0,"reliquary:HotPoker":4,"aspiration:MobileForge":7,"Runesmith:Locket":3,"reliquary:BallBearing":10,"FossilizedHelix":10,"Ring of the Snake":0},{"Nunchaku":0,"reliquary:HotPoker":18,"aspiration:MobileForge":45,"Runesmith:Locket":15,"reliquary:BallBearing":69,"FossilizedHelix":69,"Ring of the Snake":0}],"Ring of the Snake":[22]},"card_choices":[{"not_picked":["Poisoned Stab","Outmaneuver"],"picked":"Backflip","floor":1},{"not_picked":["hubris:TrickCloak","hubris:SlightOfHand"],"picked":"Riddle With Holes","floor":3},{"not_picked":["A Thousand Cuts","Tools of the Trade"],"picked":"Well Laid Plans","floor":6},{"not_picked":["Slice","Bane","Terror"],"picked":"SKIP","floor":7},{"not_picked":["Infinite Blades","Outmaneuver"],"picked":"Footwork","floor":10},{"not_picked":["hubris:Sniper","Outmaneuver"],"picked":"Acrobatics","floor":14},{"not_picked":["Doppelganger","Unload"],"picked":"After Image","floor":16},{"not_picked":["Infinite Blades","hubris:Counter"],"picked":"Caltrops","floor":18},{"not_picked":["Poisoned Stab","Underhanded Strike","Flying Knee+1"],"picked":"SKIP","floor":21},{"not_picked":["Underhanded Strike","Sucker Punch","Masterful Stab"],"picked":"SKIP","floor":24}],"player_experience":201699,"relics_obtained":[{"floor":6,"key":"Runesmith:Locket"},{"floor":9,"key":"reliquary:HotPoker"},{"floor":24,"key":"FossilizedHelix"},{"floor":26,"key":"reliquary:BallBearing"}],"event_choices":[{"cards_removed":["Strike_G"],"damage_healed":0,"gold_gain":0,"player_choice":"Card Removal","damage_taken":7,"max_hp_gain":0,"max_hp_loss":0,"event_name":"Golden Wing","floor":2,"gold_loss":0},{"damage_healed":0,"gold_gain":0,"player_choice":"Grow","damage_taken":0,"max_hp_gain":0,"max_hp_loss":0,"event_name":"Living Wall","floor":4,"gold_loss":0,"cards_upgraded":["Backflip"]},{"cards_removed":["Strike_G"],"damage_healed":0,"gold_gain":0,"player_choice":"Gave Gold","damage_taken":0,"max_hp_gain":0,"max_hp_loss":0,"event_name":"Beggar","floor":19,"gold_loss":75}],"is_beta":false,"boss_relics":[{"not_picked":["Runic Pyramid","jesterMod:MachoBrace"],"picked":"aspiration:MobileForge"}],"items_purged_floors":[12],"is_endless":false,"potions_floor_spawned":[10,14,24],"killed_by":"Snake Plant","ascension_level":1}}