{"host":"i2s4iw62z1dejrqn","time":1613402240,"event":{"mods":["AchievementEnabler","BaseMod","Minty Spire (QoL Compilation)","Random Character Button","SuperFastMode"],"gold_per_floor":[119,137,147,147,166,195,195,221,221,221,221,246,257,273,273,371,371,381,398,413,413,45,80,104,115,115,125,125,125,157,0,0,105,105,120,135,183,183,195,195,195,224,273,273,273,273,323,303,303,303,303,303,13,47,47,47],"floor_reached":55,"language":"KOR","playtime":4478,"items_purged":["Strike_R","Strike_R+1"],"score":1044,"play_id":"02e4944b-69a5-4a7d-a863-78e9da1e8328","local_time":"20210216001720","is_ascension_mode":true,"campfire_choices":[{"floor":7.0,"key":"REST"},{"data":"Double Tap","floor":10.0,"key":"SMITH"},{"floor":15.0,"key":"REST"},{"floor":28.0,"key":"REST"},{"data":"Berserk","floor":32.0,"key":"SMITH"},{"data":"Heavy Blade","floor":40.0,"key":"SMITH"},{"floor":45.0,"key":"RECALL"},{"data":"Clothesline","floor":49.0,"key":"SMITH"},{"floor":52.0,"key":"DIG"}],"circlet_count":0,"master_deck":["Strike_R+1","Defend_R+1","Defend_R+1","Defend_R+1","Bash+1","Battle Trance","Body Slam+1","Headbutt","Spot Weakness","Clothesline+1","Double Tap+1","Seeing Red","Shockwave","Berserk+1","Heavy Blade+1","Shrug It Off","True Grit","Rage","Sword Boomerang","Evolve","Cleave","Sentinel+1","Reaper","Second Wind+1","Impervious","Sword Boomerang+1","Panacea","Apotheosis","Disarm"],"relics":["Burning Blood","Regal Pillow","Paper Frog","Ornamental Fan","Question Card","Shovel","Mark of Pain","Ice Cream","Vajra","Juzu Bracelet","InkBottle","Nunchaku","Snecko Eye","Ginger","Bottled Flame","Du-Vu Doll","Pear","HornCleat"],"acts_visited":["Exordium","TheCity","TheBeyond","TheEnding"],"potions_floor_usage":[54,54,55,55],"damage_taken":[{"damage":1.0,"enemies":"Cultist","floor":1.0,"turns":3.0},{"damage":1.0,"enemies":"2 Louse","floor":2.0,"turns":3.0},{"damage":7.0,"enemies":"Jaw Worm","floor":3.0,"turns":3.0},{"damage":1.0,"enemies":"Exordium Wildlife","floor":5.0,"turns":3.0},{"damage":56.0,"enemies":"Gremlin Nob","floor":6.0,"turns":5.0},{"damage":35.0,"enemies":"Lagavulin","floor":8.0,"turns":5.0},{"damage":26.0,"enemies":"3 Sentries","floor":12.0,"turns":6.0},{"damage":6.0,"enemies":"2 Fungi Beasts","floor":13.0,"turns":3.0},{"damage":10.0,"enemies":"Exordium Thugs","floor":14.0,"turns":3.0},{"damage":25.0,"enemies":"The Guardian","floor":16.0,"turns":7.0},{"damage":2.0,"enemies":"Spheric Guardian","floor":18.0,"turns":3.0},{"damage":1.0,"enemies":"3 Byrds","floor":19.0,"turns":4.0},{"damage":37.0,"enemies":"3 Cultists","floor":20.0,"turns":5.0},{"damage":25.0,"enemies":"Book of Stabbing","floor":23.0,"turns":5.0},{"damage":1.0,"enemies":"Cultist and Chosen","floor":25.0,"turns":4.0},{"damage":18.0,"enemies":"Snecko","floor":27.0,"turns":4.0},{"damage":13.0,"enemies":"Gremlin Leader","floor":30.0,"turns":5.0},{"damage":26.0,"enemies":"Champ","floor":33.0,"turns":10.0},{"damage":43.0,"enemies":"3 Shapes","floor":35.0,"turns":4.0},{"damage":19.0,"enemies":"3 Darklings","floor":36.0,"turns":6.0},{"damage":45.0,"enemies":"2 Orb Walkers","floor":37.0,"turns":4.0},{"damage":0.0,"enemies":"Writhing Mass","floor":39.0,"turns":4.0},{"damage":8.0,"enemies":"Nemesis","floor":42.0,"turns":5.0},{"damage":0.0,"enemies":"Mind Bloom Boss Battle","floor":47.0,"turns":4.0},{"damage":63.0,"enemies":"Awakened One","floor":50.0,"turns":9.0},{"damage":70,"enemies":"Shield and Spear","floor":54,"turns":7},{"damage":36,"enemies":"The Heart","floor":55,"turns":5}],"seed_played":"7759000598918220764","potions_obtained":[{"floor":1.0,"key":"GamblersBrew"},{"floor":5.0,"key":"ElixirPotion"},{"floor":12.0,"key":"SteroidPotion"},{"floor":13.0,"key":"AttackPotion"},{"floor":14.0,"key":"SneckoOil"},{"floor":19.0,"key":"Ancient Potion"},{"floor":20.0,"key":"Fire Potion"},{"floor":27.0,"key":"Block Potion"},{"floor":30.0,"key":"DistilledChaos"},{"floor":33.0,"key":"ElixirPotion"},{"floor":35.0,"key":"SpeedPotion"},{"floor":36.0,"key":"ElixirPotion"},{"floor":37.0,"key":"SpeedPotion"},{"floor":47.0,"key":"Energy Potion"},{"floor":48.0,"key":"Weak Potion"},{"floor":54,"key":"ColorlessPotion"}],"is_trial":false,"path_per_floor":["M","M","M","?","M","E","R","E","T","R","?","E","M","M","R","B",null,"M","M","M","?","$","E","T","M","T","M","R","?","E","?","R","B",null,"M","M","?","?","M","R","?","E","T","?","R","?","?","?","R","B",null,"R","$","E","B"],"character_chosen":"IRONCLAD","items_purchased":["Ice Cream","Apotheosis"],"campfire_rested":3,"item_purchase_floors":[22,53],"current_hp_per_floor":[77,80,79,79,80,30,69,40,40,40,40,20,20,16,55,36,69,73,78,47,47,47,28,28,33,33,21,60,60,53,53,53,33,68,46,48,37,37,43,43,43,60,60,60,60,60,66,66,66,23,63,73,73,24,0,0],"gold":47,"neow_bonus":"UPGRADE_CARD","is_daily":false,"chose_seed":false,"campfire_upgraded":4,"win_rate":0.0,"timestamp":1613402240,"path_taken":["M","M","M","?","?","E","R","E","T","R","?","E","M","?","R","BOSS","M","M","?","?","$","E","?","M","T","M","R","?","E","?","R","BOSS","M","M","?","?","M","R","?","E","T","?","R","?","?","?","R","BOSS","R","$","E","BOSS"],"items_purchased_type":["Relic","Card"],"build_version":"2020-12-22","purchased_purges":2,"victory":false,"max_hp_per_floor":[80,80,80,80,80,80,80,80,80,80,80,80,80,80,80,80,80,80,80,80,80,80,80,80,80,80,80,80,80,80,80,80,80,80,80,80,80,76,76,76,76,76,76,76,76,76,76,76,76,76,76,86,86,86,86,86],"card_choices":[{"not_picked":["Entrench","Iron Wave"],"picked":"Battle Trance","floor":1.0},{"not_picked":["Metallicize","Heavy Blade"],"picked":"Body Slam","floor":2.0},{"not_picked":["Infernal Blade","Pommel Strike"],"picked":"Headbutt","floor":3.0},{"not_picked":["Cleave","Brutality"],"picked":"Spot Weakness","floor":5.0},{"not_picked":["Flex","Combust"],"picked":"Clothesline","floor":6.0},{"not_picked":["Wild Strike","Sever Soul"],"picked":"Double Tap","floor":8.0},{"not_picked":["Demon Form","Twin Strike","Ghostly Armor"],"picked":"Seeing Red","floor":12.0},{"not_picked":["Twin Strike","True Grit","Armaments","Anger"],"picked":"SKIP","floor":13.0},{"not_picked":["Armaments","Havoc","Dual Wield"],"picked":"Shockwave","floor":14.0},{"not_picked":["Corruption","Offering","Reaper"],"picked":"Berserk","floor":16.0},{"not_picked":["Seeing Red","Sever Soul","Iron Wave"],"picked":"Heavy Blade","floor":18.0},{"not_picked":["Heavy Blade","Clothesline","Havoc"],"picked":"Shrug It Off","floor":19.0},{"not_picked":["Twin Strike","Flex","Rupture","Feel No Pain"],"picked":"SKIP","floor":20.0},{"not_picked":["Infernal Blade","Rage+1","Headbutt"],"picked":"Sword Boomerang","floor":23.0},{"not_picked":["Headbutt","True Grit+1","Shrug It Off"],"picked":"Evolve","floor":25.0},{"not_picked":["Anger","Rampage+1","Metallicize"],"picked":"Cleave","floor":27.0},{"not_picked":["Double Tap","Rage","Anger"],"picked":"Sentinel+1","floor":30.0},{"not_picked":["Demon Form","Impervious","Immolate"],"picked":"Reaper","floor":33.0},{"not_picked":["Body Slam","True Grit+1","Feel No Pain"],"picked":"Second Wind+1","floor":35.0},{"not_picked":["Rage+1","Headbutt+1","Iron Wave","Body Slam"],"picked":"SKIP","floor":36.0},{"not_picked":["Carnage+1","Perfected Strike","Blood for Blood"],"picked":"Impervious","floor":37.0},{"not_picked":["Clash","Heavy Blade","Clothesline+1"],"picked":"Sword Boomerang+1","floor":39.0},{"not_picked":["Feed","Reckless Charge+1","Perfected Strike","Sword Boomerang"],"picked":"SKIP","floor":42.0},{"not_picked":["Feed","Reckless Charge+1","Perfected Strike","Sword Boomerang"],"picked":"SKIP","floor":42.0},{"not_picked":["Madness","Jack Of All Trades","Sadistic Nature"],"picked":"Panacea","floor":44.0},{"not_picked":["Armaments+1","Warcry","Bludgeon"],"picked":"Disarm","floor":54}],"player_experience":466172,"relics_obtained":[{"floor":6.0,"key":"Paper Frog"},{"floor":8.0,"key":"Ornamental Fan"},{"floor":9.0,"key":"Question Card"},{"floor":12.0,"key":"Shovel"},{"floor":23.0,"key":"Vajra"},{"floor":24.0,"key":"Juzu Bracelet"},{"floor":26.0,"key":"InkBottle"},{"floor":30.0,"key":"Nunchaku"},{"floor":37.0,"key":"Ginger"},{"floor":42.0,"key":"Bottled Flame"},{"floor":47.0,"key":"Du-Vu Doll"},{"floor":52.0,"key":"Pear"},{"floor":54,"key":"HornCleat"}],"event_choices":[{"damage_healed":0.0,"max_hp_gain":0.0,"max_hp_loss":0.0,"gold_gain":0.0,"event_name":"WeMeetAgain","player_choice":"Gave Potion","floor":4.0,"gold_loss":0.0,"damage_taken":0.0,"relics_obtained":["Regal Pillow"]},{"damage_healed":0.0,"max_hp_gain":0.0,"max_hp_loss":0.0,"gold_gain":0.0,"event_name":"Upgrade Shrine","player_choice":"Upgraded","floor":11.0,"gold_loss":0.0,"damage_taken":0.0,"cards_upgraded":["Body Slam"]},{"damage_healed":0.0,"max_hp_gain":0.0,"max_hp_loss":0.0,"gold_gain":0.0,"cards_transformed":["Strike_R","Strike_R"],"event_name":"Drug Dealer","player_choice":"Became Test Subject","floor":21.0,"gold_loss":0.0,"damage_taken":0.0,"cards_obtained":["True Grit","Rage"]},{"damage_healed":0.0,"max_hp_gain":0.0,"max_hp_loss":0.0,"gold_gain":0.0,"event_name":"Back to Basics","player_choice":"Simplicity","floor":29.0,"gold_loss":0.0,"damage_taken":0.0,"cards_upgraded":["Strike_R","Strike_R","Defend_R","Defend_R","Defend_R","Defend_R"]},{"damage_healed":0.0,"max_hp_gain":0.0,"max_hp_loss":0.0,"gold_gain":0.0,"event_name":"Masked Bandits","player_choice":"Paid Fearfully","floor":31.0,"gold_loss":157.0,"damage_taken":0.0},{"damage_healed":0.0,"max_hp_gain":0.0,"max_hp_loss":0.0,"gold_gain":0.0,"event_name":"Mysterious Sphere","player_choice":"Fight","floor":37.0,"gold_loss":0.0,"damage_taken":0.0},{"damage_healed":0.0,"max_hp_gain":0.0,"max_hp_loss":4.0,"gold_gain":0.0,"event_name":"Winding Halls","player_choice":"Max HP","floor":38.0,"gold_loss":0.0,"damage_taken":0.0},{"damage_healed":0.0,"max_hp_gain":0.0,"max_hp_loss":0.0,"gold_gain":0.0,"event_name":"Tomb of Lord Red Mask","player_choice":"Ignored","floor":41.0,"gold_loss":0.0,"damage_taken":0.0},{"damage_healed":0.0,"max_hp_gain":0.0,"max_hp_loss":0.0,"gold_gain":0.0,"event_name":"SensoryStone","player_choice":"Memory 1","floor":44.0,"gold_loss":0.0,"damage_taken":0.0},{"cards_removed":["Defend_R"],"damage_healed":0.0,"max_hp_gain":0.0,"max_hp_loss":0.0,"gold_gain":0.0,"event_name":"Falling","player_choice":"Removed Skill","floor":46.0,"gold_loss":0.0,"damage_taken":0.0},{"damage_healed":0.0,"max_hp_gain":0.0,"max_hp_loss":0.0,"gold_gain":0.0,"event_name":"MindBloom","player_choice":"Fight","floor":47.0,"gold_loss":0.0,"damage_taken":0.0},{"damage_healed":0.0,"max_hp_gain":0.0,"max_hp_loss":0.0,"gold_gain":0.0,"event_name":"The Woman in Blue","player_choice":"Bought 1 Potion","floor":48.0,"gold_loss":0.0,"damage_taken":0.0}],"is_beta":false,"boss_relics":[{"not_picked":["Tiny House","Fusion Hammer"],"picked":"Mark of Pain"},{"not_picked":["Velvet Choker","Busted Crown"],"picked":"Snecko Eye"}],"items_purged_floors":[22,53],"is_endless":false,"potions_floor_spawned":[1,5,12,13,14,19,20,27,30,33,35,36,37,47,54],"killed_by":"The Heart","ascension_level":8}}