{"host":"lxu17chzujqn8whl","time":1613367397,"event":{"mods":["BaseMod","Minty Spire (QoL Compilation)","Relic Stats","StSLib"],"gold_per_floor":[113,188,207,217,30,66,66,66,66,94,118,118,137,165,165,277,277,303,303,402,25,68,68,68],"floor_reached":23,"language":"ENG","playtime":893,"items_purged":[],"score":199,"play_id":"a749525b-d0b4-421b-aedb-05e1ba048422","local_time":"20210214213637","is_ascension_mode":false,"campfire_choices":[{"data":"Chill","floor":8.0,"key":"SMITH"},{"data":"Ball Lightning","floor":12.0,"key":"SMITH"},{"floor":15.0,"key":"REST"}],"circlet_count":0,"master_deck":["Strike_B","Strike_B","Strike_B","Strike_B","Defend_B","Defend_B","Defend_B","Defend_B","Zap","Dualcast","Chill+1","Ball Lightning+1","Beam Cell","Turbo+1","FTL","Self Repair","Double Energy+1","Glacier+1","Echo Form","Sweeping Beam+1","Dramatic Entrance","Tempest+1"],"relics":["Cracked Core","Torii","CeramicFish","The Courier","Symbiotic Virus","Toxic Egg 2","SlaversCollar","Kunai","Regal Pillow","HandDrill","Red Mask"],"acts_visited":["Exordium","TheCity"],"potions_floor_usage":[23],"damage_taken":[{"damage":1.0,"enemies":"Cultist","floor":1.0,"turns":3.0},{"damage":0.0,"enemies":"Small Slimes","floor":3.0,"turns":3.0},{"damage":7.0,"enemies":"2 Louse","floor":4.0,"turns":2.0},{"damage":12.0,"enemies":"Lagavulin","floor":6.0,"turns":7.0},{"damage":13.0,"enemies":"Gremlin Nob","floor":10.0,"turns":3.0},{"damage":0.0,"enemies":"Looter","floor":11.0,"turns":2.0},{"damage":0.0,"enemies":"2 Fungi Beasts","floor":13.0,"turns":3.0},{"damage":0.0,"enemies":"3 Louse","floor":14.0,"turns":3.0},{"damage":38.0,"enemies":"Slime Boss","floor":16.0,"turns":15.0},{"damage":7.0,"enemies":"Shell Parasite","floor":18.0,"turns":8.0},{"damage":26.0,"enemies":"Masked Bandits","floor":22.0,"turns":5.0},{"damage":54,"enemies":"Book of Stabbing","floor":23,"turns":5}],"seed_played":"9197499863291664758","potions_obtained":[{"floor":1.0,"key":"GamblersBrew"},{"floor":10.0,"key":"ColorlessPotion"},{"floor":11.0,"key":"ColorlessPotion"},{"floor":14.0,"key":"DuplicationPotion"},{"floor":16.0,"key":"SpeedPotion"},{"floor":18.0,"key":"SkillPotion"}],"is_trial":false,"path_per_floor":["M","?","M","M","$","E","?","R","T","E","M","R","M","M","R","B",null,"M","?","?","$","?","E"],"character_chosen":"DEFECT","items_purchased":["CeramicFish","Turbo","Fruit Juice","Dramatic Entrance","Regal Pillow","HandDrill"],"campfire_rested":1,"item_purchase_floors":[5,5,21,21,21,21],"current_hp_per_floor":[67,56,56,49,49,37,37,37,37,24,24,24,24,31,51,13,68,68,68,68,73,54,0,0],"gold":68,"neow_bonus":"ONE_RARE_RELIC","is_daily":false,"chose_seed":false,"campfire_upgraded":2,"win_rate":0.0,"timestamp":1613367397,"path_taken":["M","?","M","M","$","E","?","R","T","E","M","R","M","M","R","BOSS","M","?","?","$","?","E"],"items_purchased_type":["Relic","Card","Potion","Card","Relic","Relic"],"build_version":"2020-12-22","purchased_purges":0,"victory":false,"max_hp_per_floor":[68,68,68,68,68,68,68,68,68,68,68,68,68,68,68,68,68,68,68,68,73,73,73,73],"relic_stats":{"Regal Pillow":0,"Torii":19,"counters":[12,59],"CeramicFish":81,"HandDrill":[2],"Kunai":[3],"obtain_stats":[{"SlaversCollar":17,"Regal Pillow":21,"Torii":0,"CeramicFish":5,"The Courier":6,"HandDrill":21,"Red Mask":22,"Kunai":19,"Toxic Egg 2":10,"Cracked Core":0,"Symbiotic Virus":9},{"SlaversCollar":9,"Regal Pillow":10,"Torii":0,"CeramicFish":3,"The Courier":4,"HandDrill":10,"Red Mask":11,"Kunai":10,"Toxic Egg 2":5,"Cracked Core":0,"Symbiotic Virus":4},{"SlaversCollar":41,"Regal Pillow":49,"Torii":0,"CeramicFish":8,"The Courier":15,"HandDrill":49,"Red Mask":54,"Kunai":49,"Toxic Egg 2":18,"Cracked Core":0,"Symbiotic Virus":15}]},"card_choices":[{"not_picked":["White Noise","Turbo"],"picked":"Chill","floor":1.0},{"not_picked":["Stack","Beam Cell"],"picked":"Ball Lightning","floor":3.0},{"not_picked":["Lockon","Reinforced Body"],"picked":"Beam Cell","floor":4.0},{"not_picked":["Steam Power","Storm"],"picked":"FTL","floor":6.0},{"not_picked":["Ball Lightning","Fission+1","Static Discharge"],"picked":"SKIP","floor":10.0},{"not_picked":["Gash","Auto Shields+1"],"picked":"Self Repair","floor":11.0},{"not_picked":["Steam Power+1","Go for the Eyes"],"picked":"Double Energy+1","floor":13.0},{"not_picked":["Loop","Barrage"],"picked":"Glacier+1","floor":14.0},{"not_picked":["Amplify+1","Buffer"],"picked":"Echo Form","floor":16.0},{"not_picked":["Streamline","Gash"],"picked":"Sweeping Beam+1","floor":18.0},{"not_picked":["Barrage","Redo+1"],"picked":"Tempest+1","floor":22.0}],"player_experience":681299,"relics_obtained":[{"floor":6.0,"key":"The Courier"},{"floor":9.0,"key":"Symbiotic Virus"},{"floor":10.0,"key":"Toxic Egg 2"},{"floor":22.0,"key":"Red Mask"}],"event_choices":[{"damage_healed":0.0,"max_hp_gain":0.0,"max_hp_loss":0.0,"gold_gain":75.0,"event_name":"World of Goop","player_choice":"Gather Gold","floor":2.0,"gold_loss":0.0,"damage_taken":11.0},{"damage_healed":0.0,"max_hp_gain":0.0,"max_hp_loss":0.0,"gold_gain":0.0,"event_name":"Living Wall","player_choice":"Grow","floor":7.0,"gold_loss":0.0,"damage_taken":0.0,"cards_upgraded":["Turbo"]},{"damage_healed":0.0,"max_hp_gain":0.0,"max_hp_loss":0.0,"gold_gain":0.0,"event_name":"The Mausoleum","player_choice":"Opened","floor":19.0,"gold_loss":0.0,"damage_taken":0.0,"relics_obtained":["Kunai"]},{"damage_healed":0.0,"max_hp_gain":0.0,"max_hp_loss":0.0,"gold_gain":99.0,"event_name":"Nest","player_choice":"Stole From Cult","floor":20.0,"gold_loss":0.0,"damage_taken":0.0},{"damage_healed":0.0,"max_hp_gain":0.0,"max_hp_loss":0.0,"gold_gain":0.0,"event_name":"Masked Bandits","player_choice":"Fought Bandits","floor":22.0,"gold_loss":0.0,"damage_taken":0.0}],"is_beta":false,"boss_relics":[{"not_picked":["SacredBark","Runic Pyramid"],"picked":"SlaversCollar"}],"items_purged_floors":[],"is_endless":false,"potions_floor_spawned":[1,10,11,14,16,18],"killed_by":"Book of Stabbing","ascension_level":0}}