{"host":"3vmw6m3qsasieibr","time":1613404080,"event":{"mods":["AchievementEnabler","BaseMod","Colored Map","Colored Powertips","Highlight Path","Minty Spire (QoL Compilation)","SuperFastMode"],"gold_per_floor":[110,124,124,138,88,122,137,157,157,157,188,205,239,239,239,334,334,352,352,370,384,395,395,424,442,521,446,446,446,479,235,235,332,332,345,345,368,368,714,714,724,724,800,811,191,202,202,202,202,202],"floor_reached":51,"language":"ENG","playtime":4576,"items_purged":["Strike_R","Strike_R"],"score":1181,"play_id":"dd0bf0bd-4a74-4b07-886b-87d2606c91ab","local_time":"20210216014800","is_ascension_mode":true,"campfire_choices":[{"floor":10,"key":"REST"},{"floor":15,"key":"REST"},{"floor":23,"key":"REST"},{"floor":29,"key":"REST"},{"data":"Armaments","floor":32,"key":"SMITH"},{"floor":40,"key":"REST"},{"data":"Corruption","floor":42,"key":"SMITH"},{"floor":47,"key":"DIG"},{"floor":49,"key":"DIG"}],"circlet_count":0,"master_deck":["Strike_R","Defend_R","Defend_R","Defend_R","Defend_R","Bash+1","Combust+1","Disarm","Offering","Rupture","Twin Strike","Sword Boomerang","Feed","Corruption+1","Pummel+1","Flame Barrier+1","Metallicize","Armaments+1","Feel No Pain+1","Entrench","Ghostly+1","Ghostly+1","Ghostly+1","Ghostly+1","Ghostly+1","Entrench+1","Rupture","Reaper","Madness+1","Madness+1","Enlightenment+1"],"relics":["Burning Blood","Torii","Toy Ornithopter","Vajra","Mercury Hourglass","Smiling Mask","Runic Pyramid","Tiny Chest","Toxic Egg 2","Pear","Strawberry","Runic Cube","Potion Belt","Old Coin","Mummified Hand","Shovel","Brimstone","Juzu Bracelet","Gremlin Horn"],"acts_visited":["TheCity","TheBeyond"],"potions_floor_usage":[11,13,16,20,21,25,30,50,50],"damage_taken":[{"damage":10,"enemies":"Small Slimes","floor":1,"turns":4},{"damage":11,"enemies":"2 Louse","floor":2,"turns":3},{"damage":10,"enemies":"Jaw Worm","floor":4,"turns":3},{"damage":35,"enemies":"Gremlin Nob","floor":6,"turns":4},{"damage":9,"enemies":"Large Slime","floor":7,"turns":4},{"damage":7,"enemies":"2 Fungi Beasts","floor":8,"turns":2},{"damage":27,"enemies":"Lagavulin","floor":11,"turns":5},{"damage":6,"enemies":"3 Louse","floor":12,"turns":3},{"damage":16,"enemies":"Gremlin Nob","floor":13,"turns":3},{"damage":18,"enemies":"Hexaghost","floor":16,"turns":5},{"damage":41,"enemies":"2 Thieves","floor":18,"turns":3},{"damage":23,"enemies":"Spheric Guardian","floor":20,"turns":4},{"damage":15,"enemies":"Centurion and Healer","floor":21,"turns":4},{"damage":8,"enemies":"Snake Plant","floor":22,"turns":4},{"damage":41,"enemies":"Gremlin Leader","floor":24,"turns":6},{"damage":30,"enemies":"Chosen and Byrds","floor":25,"turns":5},{"damage":28,"enemies":"Book of Stabbing","floor":30,"turns":6},{"damage":13,"enemies":"Champ","floor":33,"turns":12},{"damage":28,"enemies":"3 Darklings","floor":35,"turns":7},{"damage":39,"enemies":"2 Orb Walkers","floor":39,"turns":8},{"damage":7,"enemies":"3 Shapes","floor":41,"turns":5},{"damage":5,"enemies":"Maw","floor":44,"turns":7},{"damage":4,"enemies":"3 Darklings","floor":46,"turns":5},{"damage":50,"enemies":"Awakened One","floor":50,"turns":9}],"seed_played":"-2238163338109638447","potions_obtained":[{"floor":2,"key":"EssenceOfSteel"},{"floor":6,"key":"Strength Potion"},{"floor":12,"key":"Fruit Juice"},{"floor":13,"key":"Regen Potion"},{"floor":16,"key":"FearPotion"},{"floor":22,"key":"AttackPotion"},{"floor":25,"key":"BlessingOfTheForge"},{"floor":30,"key":"SteroidPotion"},{"floor":44,"key":"Dexterity Potion"}],"is_trial":false,"path_per_floor":["M","M","?","M","?","E","M","M","T","R","E","M","E","?","R","B",null,"M","?","M","M","M","R","E","M","T","?","?","R","E","$","R","B",null,"M","?","T","?","?","R","M","R","T","M","$","M","R","?","R","B",null],"character_chosen":"IRONCLAD","items_purchased":["Rupture","Strawberry","Shovel","Brimstone","ElixirPotion","Block Potion"],"campfire_rested":5,"item_purchase_floors":[31,31,45,45,45,45],"current_hp_per_floor":[76,71,71,67,67,38,35,34,34,58,42,42,42,17,42,35,73,41,24,27,26,27,57,26,10,10,10,10,26,23,30,30,27,66,61,61,61,51,32,57,61,61,61,75,75,89,89,89,89,66],"gold":202,"neow_bonus":"UPGRADE_CARD","is_daily":false,"chose_seed":false,"campfire_upgraded":2,"win_rate":0.0,"timestamp":1613404080,"path_taken":["M","M","?","M","?","E","M","M","T","R","E","M","E","?","R","BOSS","M","?","M","M","M","R","E","M","T","?","?","R","E","$","R","BOSS","M","?","?","?","?","R","M","R","T","M","$","M","R","?","R","BOSS"],"items_purchased_type":["Card","Relic","Relic","Relic","Potion","Potion"],"build_version":"2020-12-22","purchased_purges":2,"victory":true,"max_hp_per_floor":[80,80,80,80,80,80,80,80,80,80,80,80,85,85,85,85,85,88,93,96,99,102,102,106,109,109,109,54,54,68,75,75,79,79,82,82,82,82,85,85,85,85,85,89,89,89,89,89,89,92],"card_choices":[{"not_picked":["Havoc","Cleave"],"picked":"Combust","floor":1},{"not_picked":["Bloodletting","Perfected Strike"],"picked":"Disarm","floor":2},{"not_picked":["Reckless Charge","Warcry","Fire Breathing"],"picked":"SKIP","floor":4},{"not_picked":["Sentinel","Clash"],"picked":"Offering","floor":6},{"not_picked":["Disarm","Twin Strike"],"picked":"Rupture","floor":7},{"not_picked":["Warcry","Clothesline"],"picked":"Twin Strike","floor":8},{"not_picked":["Cleave","Power Through"],"picked":"Sword Boomerang","floor":11},{"not_picked":["Clothesline","Clash"],"picked":"Feed","floor":12},{"not_picked":["Juggernaut","Dark Embrace","Spot Weakness"],"picked":"SKIP","floor":13},{"not_picked":["Demon Form","Immolate"],"picked":"Corruption","floor":16},{"not_picked":["Flex","Heavy Blade"],"picked":"Pummel+1","floor":18},{"not_picked":["Battle Trance+1","Intimidate"],"picked":"Flame Barrier+1","floor":20},{"not_picked":["Flex","Clothesline"],"picked":"Metallicize","floor":21},{"not_picked":["Sentinel","Clothesline"],"picked":"Armaments","floor":22},{"not_picked":["Inflame","Shrug It Off"],"picked":"Feel No Pain+1","floor":24},{"not_picked":["Sword Boomerang","Heavy Blade+1"],"picked":"Entrench","floor":25},{"not_picked":["Reckless Charge","Headbutt"],"picked":"Entrench+1","floor":30},{"not_picked":["Juggernaut","Demon Form"],"picked":"Reaper","floor":33},{"not_picked":["Thunderclap","Shrug It Off+1","Heavy Blade+1"],"picked":"SKIP","floor":35},{"not_picked":["Havoc+1","Sever Soul+1","Pommel Strike"],"picked":"SKIP","floor":41},{"not_picked":["Uppercut+1","Pommel Strike","Entrench+1"],"picked":"SKIP","floor":44},{"not_picked":["Havoc+1","Clash+1","Warcry+1"],"picked":"SKIP","floor":46},{"not_picked":["PanicButton+1","Dramatic Entrance"],"picked":"Enlightenment+1","floor":48}],"player_experience":438332,"relics_obtained":[{"floor":6,"key":"Torii"},{"floor":9,"key":"Toy Ornithopter"},{"floor":11,"key":"Vajra"},{"floor":13,"key":"Mercury Hourglass"},{"floor":24,"key":"Tiny Chest"},{"floor":26,"key":"Toxic Egg 2"},{"floor":30,"key":"Pear"},{"floor":37,"key":"Potion Belt"},{"floor":39,"key":"Old Coin"},{"floor":43,"key":"Mummified Hand"},{"floor":47,"key":"Juzu Bracelet"},{"floor":49,"key":"Gremlin Horn"}],"event_choices":[{"damage_healed":0,"gold_gain":0,"player_choice":"Grow","damage_taken":0,"max_hp_gain":0,"max_hp_loss":0,"event_name":"Living Wall","floor":3,"gold_loss":0,"cards_upgraded":["Combust"]},{"cards_removed":["Strike_R"],"damage_healed":0,"gold_gain":0,"player_choice":"Card Removal","damage_taken":0,"max_hp_gain":0,"max_hp_loss":0,"event_name":"The Cleric","floor":5,"gold_loss":50},{"damage_healed":0,"gold_gain":0,"player_choice":"Success","damage_taken":25,"relics_obtained":["Smiling Mask"],"max_hp_gain":0,"max_hp_loss":0,"event_name":"Scrap Ooze","floor":14,"gold_loss":0},{"damage_healed":0,"gold_gain":0,"player_choice":"Shed Blood","damage_taken":22,"max_hp_gain":5,"max_hp_loss":0,"event_name":"Forgotten Altar","floor":19,"gold_loss":0},{"cards_removed":["Strike_R"],"damage_healed":0,"gold_gain":0,"player_choice":"Gave Gold","damage_taken":0,"max_hp_gain":0,"max_hp_loss":0,"event_name":"Beggar","floor":27,"gold_loss":75},{"damage_healed":0,"gold_gain":0,"player_choice":"Became a Ghost","damage_taken":0,"max_hp_gain":0,"max_hp_loss":55,"event_name":"Ghosts","floor":28,"gold_loss":0,"cards_obtained":["Ghostly","Ghostly","Ghostly","Ghostly","Ghostly"]},{"damage_healed":0,"gold_gain":0,"player_choice":"Ignored","damage_taken":0,"max_hp_gain":0,"max_hp_loss":0,"event_name":"Tomb of Lord Red Mask","floor":36,"gold_loss":0},{"damage_healed":0,"gold_gain":0,"player_choice":"Embrace Madness","damage_taken":10,"max_hp_gain":0,"max_hp_loss":0,"event_name":"Winding Halls","floor":38,"gold_loss":0,"cards_obtained":["Madness","Madness"]},{"damage_healed":0,"gold_gain":0,"player_choice":"Fight","damage_taken":0,"max_hp_gain":0,"max_hp_loss":0,"event_name":"Mysterious Sphere","floor":39,"gold_loss":0},{"damage_healed":0,"gold_gain":0,"player_choice":"Memory 1","damage_taken":0,"max_hp_gain":0,"max_hp_loss":0,"event_name":"SensoryStone","floor":48,"gold_loss":0}],"is_beta":false,"boss_relics":[{"not_picked":["Busted Crown","Fusion Hammer"],"picked":"Runic Pyramid"},{"not_picked":["Snecko Eye","SacredBark"],"picked":"Runic Cube"}],"items_purged_floors":[31,45],"is_endless":false,"potions_floor_spawned":[2,6,12,13,16,22,25,30,44],"ascension_level":5}}