{"host":"bgptblc1sp470rxq","time":1613394602,"event":{"mods":["BaseMod","Colored Map","Highlight Path","Hubris","Minty Spire (QoL Compilation)","Quick Restart","Replay The Spire","StSLib","Waifu the Spire","[IsaacMod]ÒÔÈö¼âËþ"],"gold_per_floor":[243,243,243,253,29,29,29,63,63,90,90,129,144,144,144,144,144],"floor_reached":16,"language":"ZHS","playtime":424,"items_purged":["Strike_B"],"score":162,"play_id":"86e8329f-e784-4974-84c3-82c02e9fb942","local_time":"20210215211002","is_ascension_mode":true,"campfire_choices":[{"data":"ReplayTheSpireMod:GoodbyeWorld","floor":6.0,"key":"SMITH"},{"data":"Strike_B","floor":15,"key":"PURGE"}],"circlet_count":0,"master_deck":["Strike_B","Defend_B","Defend_B","Defend_B","Defend_B","Zap","Dualcast","ReplayTheSpireMod:GoodbyeWorld+1","Steam Power","Ball Lightning","Defragment","Genetic Algorithm","Hologram"],"relics":["Cracked Core","HushsDoor","NeowsBlessing","BloodBag","hubris:Towel","Medical Kit","Juzu Bracelet","DeadEye","Anchor","Golden Idol","hubris:Zylophone"],"acts_visited":["Exordium"],"potions_floor_usage":[16],"damage_taken":[{"damage":0.0,"enemies":"Small Slimes","floor":1.0,"turns":1.0},{"damage":0.0,"enemies":"Jaw Worm","floor":4.0,"turns":1.0},{"damage":0.0,"enemies":"Gremlin Nob","floor":8.0,"turns":1.0},{"damage":13.0,"enemies":"Replay:BlueRogue","floor":10.0,"turns":4.0},{"damage":31,"enemies":"Gremlin Nob","floor":12,"turns":4},{"damage":0,"enemies":"2 Louse","floor":13,"turns":1},{"damage":29,"enemies":"Fading Forest","floor":16,"turns":7}],"seed_played":"-3737805325089294972","potions_obtained":[{"floor":13,"key":"Adrenaline Potion"}],"is_trial":false,"path_per_floor":["M","?","?","M","$","R","$","E","T","E","?","E","M","?","R_BF","B"],"character_chosen":"DEFECT","items_purchased":["Medical Kit"],"campfire_rested":0,"item_purchase_floors":[5],"current_hp_per_floor":[63,56,56,56,56,56,56,56,56,43,43,12,12,12,12,0,0],"gold":144,"neow_bonus":"THREE_ENEMY_KILL","is_daily":false,"chose_seed":false,"campfire_upgraded":1,"win_rate":0.0,"timestamp":1613394602,"path_taken":["M","?","?","M","$","R","$","E","T","E","?","E","M","?","R_BF","BOSS"],"items_purchased_type":["Relic"],"build_version":"2020-12-22","purchased_purges":1,"victory":false,"max_hp_per_floor":[82,82,82,82,82,82,82,82,82,82,76,76,76,76,76,76,76],"card_choices":[{"not_picked":["Pulse","Defragment"],"picked":"ReplayTheSpireMod:GoodbyeWorld","floor":1.0},{"not_picked":["Redo","Consume"],"picked":"Bomb","floor":4.0},{"not_picked":["Stack","hubris:SpecializedCircuitry"],"picked":"Steam Power","floor":8.0},{"not_picked":["Conserve Battery","Reprogram"],"picked":"Ball Lightning","floor":10},{"not_picked":["Cold Snap","Barrage"],"picked":"Defragment","floor":12},{"not_picked":["Go for the Eyes","Consume"],"picked":"Genetic Algorithm","floor":13}],"player_experience":261879,"relics_obtained":[{"floor":8.0,"key":"Juzu Bracelet"},{"floor":9.0,"key":"DeadEye"},{"floor":10,"key":"Anchor"},{"floor":12,"key":"hubris:Zylophone"}],"event_choices":[{"cards_removed":["Strike_B"],"damage_healed":0.0,"max_hp_gain":0.0,"max_hp_loss":0.0,"gold_gain":0.0,"event_name":"Golden Wing","player_choice":"Card Removal","floor":2.0,"gold_loss":0.0,"damage_taken":7.0},{"damage_healed":0,"gold_gain":0,"player_choice":"Lose Max HP","damage_taken":0,"relics_obtained":["Golden Idol"],"max_hp_gain":0,"max_hp_loss":6,"event_name":"Golden Idol","floor":11,"gold_loss":0}],"is_beta":false,"boss_relics":[],"items_purged_floors":[5],"is_endless":false,"potions_floor_spawned":[8,13],"killed_by":"Fading Forest","ascension_level":3}}