{"host":"vssfhwrh2g618jiv","time":1613403847,"event":{"mods":["BaseMod","Downfall","Marisa£®ÏF”Í°°ƒß¿Ì…≥£©","Minty Spire (QoL Compilation)","Remilia£®¿Ÿ√◊¿Ú—«£©","Replay The Spire","StSLib","TestMod","The Servant 0.9.4"],"gold_per_floor":[99,118,132,145,145,45,45,55,74,107,121,139,150,169,187,289,289,89,115,138,135,147,159,194,206,206,206],"floor_reached":25,"language":"ZHS","playtime":1406,"items_purged":[],"score":234,"play_id":"d2552533-3cc9-4e20-b3a7-3727424929d5","local_time":"20210215234407","is_ascension_mode":false,"campfire_choices":[{"floor":1,"key":"RECALL"},{"data":"Guardian:CurlUp","floor":6,"key":"SMITH"},{"floor":18,"key":"DIG"}],"circlet_count":0,"master_deck":["Guardian:Strike_Guardian","Guardian:Strike_Guardian","Guardian:Strike_Guardian","Guardian:Strike_Guardian","Guardian:Defend_Guardian","Guardian:Defend_Guardian","Guardian:Defend_Guardian","Guardian:Defend_Guardian","Guardian:CurlUp+1","Guardian:TwinSlam","Guardian:PolyBeam","Guardian:RollAttack","Guardian:PiercingHide","Guardian:BodySlam","Guardian:CrystalBeam","Guardian:VentSteam","Guardian:EvasiveProtocol","Guardian:PiercingHide","Guardian:TemporalStrike","Guardian:PiercingHide","Guardian:Gem_Green","Guardian:Reroute"],"relics":["Guardian:ModeShifter","testmod-TestBox","testmod-InjuryResistance","downfall:HeartBlessingRed","Thread and Needle","testmod-Prudence","downfall:HeartBlessingGreen","downfall:HeartBlessingBlue","MawBank","testmod-AssaultLearning"],"acts_visited":["Exordium","TheCity"],"potions_floor_usage":[9,10,16,16],"damage_taken":[{"damage":1,"enemies":"Cultist","floor":2,"turns":6},{"damage":0,"enemies":"2 Louse","floor":3,"turns":3},{"damage":0,"enemies":"Jaw Worm","floor":4,"turns":4},{"damage":11,"enemies":"Large Slime","floor":8,"turns":4},{"damage":0,"enemies":"3 Louse","floor":9,"turns":3},{"damage":9,"enemies":"Gremlin Nob","floor":10,"turns":4},{"damage":0,"enemies":"downfall:LooterAlt","floor":11,"turns":3},{"damage":0,"enemies":"Red Slaver","floor":12,"turns":4},{"damage":3,"enemies":"Blue Slaver","floor":13,"turns":4},{"damage":1,"enemies":"Large Slime","floor":14,"turns":6},{"damage":0,"enemies":"downfall:LooterAlt","floor":15,"turns":3},{"damage":20,"enemies":"DF_ARCHETYPE_STREAMLINE","floor":16,"turns":11},{"damage":0,"enemies":"Chosen","floor":19,"turns":6},{"damage":27,"enemies":"3 Byrds","floor":20,"turns":7},{"damage":0,"enemies":"downfall:FleeingMerchant","floor":21,"turns":4},{"damage":73,"enemies":"Replay:Snechameleon","floor":25,"turns":19}],"seed_played":"443180494303418759","potions_obtained":[{"floor":2,"key":"champ:CounterPotion"},{"floor":8,"key":"FearPotion"},{"floor":9,"key":"Fire Potion"},{"floor":10,"key":"Strength Potion"},{"floor":13,"key":"Fire Potion"},{"floor":14,"key":"Fire Potion"},{"floor":16,"key":"AttackPotion"}],"is_trial":false,"path_per_floor":["R","M","M","M","?","R","T","M","M","E","M","M","M","M","M","B",null,"R","M","M","$","?","?","T","E"],"character_chosen":"GUARDIAN","items_purchased":[],"campfire_rested":0,"item_purchase_floors":[],"current_hp_per_floor":[88,87,87,87,87,87,87,76,76,67,67,67,64,63,63,43,88,98,98,71,71,71,71,71,0,0,0],"gold":206,"neow_bonus":"TEN_PERCENT_HP_BONUS","is_daily":false,"chose_seed":false,"campfire_upgraded":1,"win_rate":0.0,"timestamp":1613403847,"path_taken":["R","M","M","?","?","R","T","M","M","E","M","M","?","M","M","BOSS","R","M","M","$","?","?","T","E"],"items_purchased_type":[],"build_version":"2020-12-22","purchased_purges":0,"victory":false,"max_hp_per_floor":[88,88,88,88,88,88,88,88,88,88,88,88,88,88,88,88,88,98,98,98,98,98,98,98,98,98,98],"card_choices":[{"not_picked":["Guardian:SpikerProtocol","Guardian:ShieldCharger"],"picked":"Guardian:PolyBeam","floor":2},{"not_picked":["Guardian:PrimingBeam","Guardian:Gem_Lightblue"],"picked":"Guardian:RollAttack","floor":3},{"not_picked":["Guardian:DecasProtection","Guardian:Preprogram"],"picked":"Guardian:PiercingHide","floor":4},{"not_picked":["Guardian:WalkerClaw","Guardian:BaubleBeam"],"picked":"Guardian:Gem_Lightblue","floor":8},{"not_picked":["Guardian:Planning","Guardian:Incinerate"],"picked":"Guardian:BodySlam","floor":9},{"not_picked":["Guardian:BronzeOrb","Guardian:TemporalShield"],"picked":"Guardian:CrystalBeam","floor":10},{"not_picked":["Guardian:PrimingBeam","Guardian:Reroute"],"picked":"Guardian:VentSteam","floor":11},{"not_picked":["Guardian:Suspension","Guardian:CrystalBeam"],"picked":"Guardian:EvasiveProtocol","floor":12},{"not_picked":["Guardian:BronzeOrb","Guardian:BronzeArmor"],"picked":"Guardian:PiercingHide","floor":13},{"not_picked":["Guardian:Clone","Guardian:RollAttack"],"picked":"Guardian:TemporalStrike","floor":14},{"not_picked":["Guardian:PrimingBeam","Guardian:PolyBeam"],"picked":"Guardian:PiercingHide","floor":15},{"not_picked":["Guardian:Gem_Synthetic","Guardian:StasisStrike"],"picked":"Guardian:Gem_Orange","floor":16},{"not_picked":["Guardian:TemporalStrike","Guardian:SentryBeam"],"picked":"Guardian:Gem_Green","floor":19},{"not_picked":["Guardian:Clone","Guardian:TemporalStrike"],"picked":"Guardian:Reroute","floor":20},{"not_picked":["Guardian:Recover","Guardian:CrystalBeam+1","Guardian:TimeBomb+1"],"picked":"SKIP","floor":21}],"player_experience":9970,"relics_obtained":[{"floor":10,"key":"Thread and Needle"},{"floor":18,"key":"MawBank"},{"floor":24,"key":"testmod-AssaultLearning"}],"event_choices":[],"is_beta":false,"boss_relics":[{"not_picked":["testmod-PortableAltar","testmod-KeyOfTheVoid"],"picked":"testmod-Prudence"}],"items_purged_floors":[],"is_endless":false,"potions_floor_spawned":[2,8,9,10,13,14,16,19],"killed_by":"Replay:Snechameleon","ascension_level":0}}