{"host":"0fupymmp6wdjyqoi","time":1613414460,"event":{"mods":["BaseMod","Bestiary","Clockwork Mod","Conspire","Downfall","GifTheSpireLib","Hubris","Infinite Spire","Minty Spire (QoL Compilation)","Replay The Spire","StSLib","The Construct","The Jungle","The Senshi"],"gold_per_floor":[114,134,209,209,223,248,248,262,262,232,30,30,30,46,46,46,46],"floor_reached":16,"language":"ENG","playtime":2798,"items_purged":["Strike_P"],"score":100,"play_id":"336f146b-1d46-45f7-8f2b-4883d8358d36","local_time":"20210215194100","is_ascension_mode":false,"campfire_choices":[{"floor":7,"key":"REST"},{"floor":15,"key":"REST"}],"circlet_count":0,"master_deck":["Strike_P","Strike_P","Strike_P","Defend_P","Defend_P","Defend_P","Defend_P","Eruption","Vigilance","Meditate","ClearTheMind","ThirdEye","Nirvana","Evaluate","CutThroughFate","JustLucky","CutThroughFate","ClearTheMind"],"relics":["PureWater","NeowsBlessing","Sundial","hubris:Towel","GremlinMask"],"acts_visited":["Exordium"],"potions_floor_usage":[6,8,16],"damage_taken":[{"damage":0.0,"enemies":"2 Louse","floor":1.0,"turns":1.0},{"damage":0.0,"enemies":"Small Slimes","floor":2.0,"turns":2.0},{"damage":0,"enemies":"Jaw Worm","floor":5,"turns":1},{"damage":59,"enemies":"Lagavulin","floor":6,"turns":11},{"damage":4,"enemies":"Blue Slaver","floor":8,"turns":7},{"damage":2,"enemies":"Looter","floor":10,"turns":4},{"damage":10,"enemies":"Lots of Slimes","floor":14,"turns":8},{"damage":44,"enemies":"Fading Forest","floor":16,"turns":8}],"seed_played":"4665844481333207911","potions_obtained":[{"floor":1.0,"key":"Strength Potion"},{"floor":5,"key":"LiquidBronze"},{"floor":6,"key":"LifebloodPotion"},{"floor":14,"key":"StancePotion"}],"is_trial":false,"path_per_floor":["M","M","?","?","M","E","R","M","T","M","$","?","?","M","R","B"],"character_chosen":"WATCHER","items_purchased":["JustLucky","CutThroughFate","ClearTheMind"],"campfire_rested":2,"item_purchase_floors":[11,11,11],"current_hp_per_floor":[72,72,61,61,61,2,23,19,19,17,17,17,17,7,28,0,0],"gold":46,"neow_bonus":"THREE_ENEMY_KILL","is_daily":false,"chose_seed":false,"campfire_upgraded":0,"win_rate":0.0,"timestamp":1613414460,"path_taken":["M","M","?","?","?","E","R","M","T","M","$","?","?","M","R","BOSS"],"items_purchased_type":["Card","Card","Card"],"build_version":"2020-12-22","purchased_purges":1,"victory":false,"max_hp_per_floor":[72,72,72,72,72,72,72,72,72,72,72,72,72,72,72,72,72],"card_choices":[{"not_picked":["CarveReality","Replay:ManipulateFuture"],"picked":"Meditate","floor":1.0},{"not_picked":["Replay:AtTheReady","PathToVictory"],"picked":"ClearTheMind","floor":2},{"not_picked":["Protect","CutThroughFate"],"picked":"ThirdEye","floor":5},{"not_picked":["Evaluate","Wallop"],"picked":"Nirvana","floor":6},{"not_picked":["Consecrate","EmptyFist"],"picked":"Evaluate","floor":8},{"not_picked":["Omniscience","Replay:AtTheReady"],"picked":"CutThroughFate","floor":10},{"not_picked":["InnerPeace","FlurryOfBlows","Replay:BluntJabs"],"picked":"SKIP","floor":14}],"player_experience":133086,"relics_obtained":[{"floor":6,"key":"Sundial"}],"event_choices":[{"damage_healed":0,"gold_gain":75,"player_choice":"Gather Gold","damage_taken":11,"max_hp_gain":0,"max_hp_loss":0,"event_name":"World of Goop","floor":3,"gold_loss":0},{"damage_healed":0,"gold_gain":0,"player_choice":"Ignored","damage_taken":0,"max_hp_gain":0,"max_hp_loss":0,"event_name":"Liars Game","floor":4,"gold_loss":0},{"damage_healed":0,"gold_gain":0,"player_choice":"Trade","damage_taken":0,"relics_obtained":["GremlinMask"],"max_hp_gain":0,"max_hp_loss":0,"event_name":"FaceTrader","floor":13,"gold_loss":0}],"is_beta":false,"boss_relics":[],"items_purged_floors":[11],"is_endless":false,"potions_floor_spawned":[1,5,6,14],"killed_by":"Fading Forest","ascension_level":0}}