{"host":"psh83vqabmtchp5z","time":1613388546,"event":{"mods":["AchievementEnabler","Aspiration","BaseMod","Better Altar","Better Match","Better Skull","Better Third Choice","Better Vampires","BetterRewards","Challenge The Spire","Conspire","Downfall","Gold Saver","Lobotomy","LobotomyExtend","Minty Spire (QoL Compilation)","Quick Restart","Relic Filter","Replay The Spire","Shop Mod","Spicy Shops","StSLib","óô»ðÖ¸ÄÏ"],"gold_per_floor":[348,248,248,275,304,68,68,68,68,103,103,141,61,114,114,251,251,301,8,8,42,0,0,0,37,37],"floor_reached":25,"language":"ZHS","playtime":5001,"items_purged":[],"score":191,"play_id":"c5616455-6c9e-45ac-8247-a36dc81924af","local_time":"20210215192906","is_ascension_mode":false,"campfire_choices":[{"data":"ReplayTheSpireMod:Shiv Toss","floor":8.0,"key":"SMITH"},{"data":"Catalyst","floor":11.0,"key":"SMITH"},{"data":"Well Laid Plans","floor":15.0,"key":"SMITH"},{"floor":23.0,"key":"REST"}],"circlet_count":0,"master_deck":["Strike_G","Strike_G","Strike_G","Defend_G","Defend_G","Defend_G","Defend_G","Survivor","Neutralize","Well Laid Plans+1","conspire:SpireCoStock","conspire:SpireCoStock","Infinite Blades+1","ReplayTheSpireMod:Shiv Toss+1","Catalyst+1","Noxious Fumes","Dagger Throw","Bouncing Flask","Blade Dance","ReplayTheSpireMod:Speed Training","Bullet Time","Dagger Spray+1","Pot Of Greed","Pot Of Greed","Pot Of Greed","Noxious Fumes","Venomology","Prepared"],"relics":["Ring of the Snake","conspire:TreasureMap","conspire:Dentures","conspire:RoyalGoblet","Grinning Jar","Lantern","Nloth\u0027s Gift"],"acts_visited":["Exordium","TheCity"],"potions_floor_usage":[],"damage_taken":[{"damage":0.0,"enemies":"conspire:RoseBush","floor":1.0,"turns":4.0},{"damage":7.0,"enemies":"Small Slimes","floor":4.0,"turns":4.0},{"damage":3.0,"enemies":"Jaw Worm","floor":5.0,"turns":6.0},{"damage":5.0,"enemies":"Exordium Thugs","floor":10.0,"turns":5.0},{"damage":9.0,"enemies":"3 Louse","floor":12.0,"turns":4.0},{"damage":10.0,"enemies":"Large Slime","floor":14.0,"turns":5.0},{"damage":25.0,"enemies":"Fading Forest","floor":16.0,"turns":11.0},{"damage":33.0,"enemies":"Shell Parasite","floor":18.0,"turns":5.0},{"damage":0.0,"enemies":"Chosen","floor":21.0,"turns":4.0},{"damage":61,"enemies":"Gremlin Leader","floor":25,"turns":3}],"seed_played":"2168258521536196114","potions_obtained":[{"floor":1.0,"key":"Elixir"},{"floor":10.0,"key":"Strength Potion"},{"floor":16.0,"key":"AttackPotion"}],"is_trial":false,"path_per_floor":["M","?","?","M","M","R","$","R","T","M","R","M","$","M","R","B",null,"M","$","?","M","?","R","?","E"],"character_chosen":"THE_SILENT","items_purchased":["Noxious Fumes","conspire:TreasureMap","Blade Dance","Grinning Jar","Lantern"],"campfire_rested":1,"item_purchase_floors":[6,6,13,19,19],"current_hp_per_floor":[70,70,70,63,60,60,60,60,60,55,55,46,46,36,36,33,70,37,37,37,37,37,58,58,0,0],"gold":37,"neow_bonus":"","is_daily":false,"chose_seed":false,"campfire_upgraded":3,"win_rate":0.0,"timestamp":1613388546,"path_taken":["M","?","?","M","M","R","$","R","T","M","R","M","?","M","R","BOSS","M","$","?","M","?","R","?","E"],"items_purchased_type":["Card","Relic","Card","Relic","Card"],"build_version":"2020-12-22","purchased_purges":0,"victory":false,"max_hp_per_floor":[70,70,70,70,70,70,70,70,70,70,70,70,70,70,70,70,70,70,70,70,70,70,70,70,70,70],"card_choices":[{"not_picked":["Predator","Flying Knee"],"picked":"Well Laid Plans","floor":1.0},{"not_picked":["Sucker Punch","Outmaneuver"],"picked":"ReplayTheSpireMod:Shiv Toss","floor":4.0},{"not_picked":["Bane","Flying Knee"],"picked":"Catalyst","floor":5.0},{"not_picked":["Underhanded Strike","Backflip"],"picked":"Dagger Throw","floor":10.0},{"not_picked":["Slice","Endless Agony"],"picked":"Bouncing Flask","floor":12.0},{"not_picked":["Quick Slash","Endless Agony"],"picked":"ReplayTheSpireMod:Speed Training","floor":14.0},{"not_picked":["Venomology","ReplayTheSpireMod:From All Sides"],"picked":"Bullet Time","floor":16.0},{"not_picked":["Deflect","PiercingWail+1"],"picked":"Dagger Spray+1","floor":18.0},{"not_picked":["ReplayTheSpireMod:Shiv Toss","Underhanded Strike"],"picked":"Prepared","floor":21.0}],"player_experience":768708,"relics_obtained":[{"floor":1.0,"key":"LetterFromLob"},{"floor":9.0,"key":"conspire:Dentures"}],"event_choices":[{"damage_healed":0.0,"max_hp_gain":0.0,"max_hp_loss":0.0,"gold_gain":0.0,"event_name":"conspire:Investor","player_choice":"Invest 2","floor":2.0,"gold_loss":0.0,"damage_taken":0.0},{"damage_healed":0.0,"max_hp_gain":0.0,"max_hp_loss":0.0,"gold_gain":0.0,"cards_transformed":["Strike_G","Strike_G"],"event_name":"Drug Dealer","player_choice":"Became Test Subject","floor":20.0,"gold_loss":0.0,"damage_taken":0.0,"cards_obtained":["Noxious Fumes","Venomology"]},{"damage_healed":0.0,"max_hp_gain":0.0,"max_hp_loss":0.0,"gold_gain":0.0,"event_name":"Masked Bandits","player_choice":"Paid Fearfully","floor":22.0,"gold_loss":42.0,"damage_taken":0.0},{"damage_healed":0.0,"max_hp_gain":0.0,"max_hp_loss":0.0,"gold_gain":0.0,"event_name":"N\u0027loth","player_choice":"Traded Relic","floor":24.0,"relics_lost":["LetterFromLob"],"gold_loss":0.0,"damage_taken":0.0,"relics_obtained":["Nloth\u0027s Gift"]}],"is_beta":false,"boss_relics":[{"not_picked":["Sozu","Snecko Heart"],"picked":"conspire:RoyalGoblet"}],"items_purged_floors":[],"is_endless":false,"potions_floor_spawned":[1,10,16],"killed_by":"Gremlin Leader","ascension_level":0}}