{"host":"qrt7o4dq2qslzw13","time":1613412004,"event":{"mods":["AchievementEnabler","BaseMod","Colored Map","Colored Powertips","Minty Spire (QoL Compilation)","Quick Restart","StSLib","SuperFastMode"],"gold_per_floor":[118,118,35,101,120,120,77,77,128,103,68,268,268,283,283,283,283],"floor_reached":16,"language":"ENG","playtime":134,"items_purged":[],"score":180,"play_id":"7e9245b8-c8b4-4807-bfe3-3f5f66277119","local_time":"20210215130004","is_ascension_mode":true,"campfire_choices":[{"data":"Seeing Red","floor":6.0,"key":"SMITH"},{"floor":8.0,"key":"REST"},{"data":"Bash","floor":13.0,"key":"SMITH"},{"data":"Inflame","floor":15.0,"key":"SMITH"}],"circlet_count":0,"master_deck":["AscendersBane","Strike_R","Strike_R","Strike_R","Strike_R","Defend_R","Defend_R","Defend_R","Defend_R","Bash+1","Inflame+1","Flex","Seeing Red+1","Sentinel","Feel No Pain","Doubt","True Grit"],"relics":["Burning Blood","NeowsBlessing","SsserpentHead","Bag of Preparation"],"acts_visited":["Exordium"],"potions_floor_usage":[16],"damage_taken":[{"damage":0.0,"enemies":"Small Slimes","floor":1.0,"turns":1.0},{"damage":0.0,"enemies":"Cultist","floor":4.0,"turns":1.0},{"damage":0.0,"enemies":"2 Louse","floor":5.0,"turns":1.0},{"damage":40.0,"enemies":"Exordium Thugs","floor":7.0,"turns":5.0},{"damage":6.0,"enemies":"Looter","floor":14.0,"turns":2.0},{"damage":63,"enemies":"Hexaghost","floor":16,"turns":9}],"seed_played":"-3498306520631018352","potions_obtained":[{"floor":4.0,"key":"EntropicBrew"},{"floor":7.0,"key":"Strength Potion"}],"is_trial":false,"path_per_floor":["M","?","$","M","M","R","M","R","T","?","$","?","R","M","R","B"],"character_chosen":"IRONCLAD","items_purchased":["Inflame","Feel No Pain"],"campfire_rested":1,"item_purchase_floors":[3,11],"current_hp_per_floor":[74,74,74,75,75,75,41,63,63,63,63,63,63,63,63,0,0],"gold":283,"neow_bonus":"THREE_ENEMY_KILL","is_daily":false,"chose_seed":false,"campfire_upgraded":3,"win_rate":0.0,"timestamp":1613412004,"path_taken":["M","?","$","?","M","R","M","R","T","?","?","?","R","M","R","BOSS"],"items_purchased_type":["Card","Card"],"build_version":"2020-12-22","purchased_purges":0,"victory":false,"max_hp_per_floor":[75,75,75,75,75,75,75,75,75,75,75,75,75,75,75,75,75],"card_choices":[{"not_picked":["Headbutt","Shrug It Off","Twin Strike"],"picked":"SKIP","floor":1.0},{"not_picked":["Sword Boomerang","Clash"],"picked":"Flex","floor":4.0},{"not_picked":["Sentinel","Clothesline"],"picked":"Seeing Red","floor":5.0},{"not_picked":["Sword Boomerang","Flex"],"picked":"Sentinel","floor":7.0},{"not_picked":["Warcry","Havoc"],"picked":"True Grit","floor":14.0}],"player_experience":639594,"relics_obtained":[{"floor":9.0,"key":"Bag of Preparation"}],"event_choices":[{"damage_healed":0.0,"max_hp_gain":0.0,"max_hp_loss":0.0,"gold_gain":0.0,"event_name":"FaceTrader","player_choice":"Trade","floor":2.0,"gold_loss":0.0,"damage_taken":0.0,"relics_obtained":["SsserpentHead"]},{"cards_removed":["Strike_R"],"damage_healed":0.0,"max_hp_gain":0.0,"max_hp_loss":0.0,"gold_gain":0.0,"event_name":"The Cleric","player_choice":"Card Removal","floor":10.0,"gold_loss":75.0,"damage_taken":0.0},{"damage_healed":0.0,"max_hp_gain":0.0,"max_hp_loss":0.0,"gold_gain":150.0,"event_name":"Liars Game","player_choice":"AGREE","floor":12.0,"gold_loss":0.0,"damage_taken":0.0,"cards_obtained":["Doubt"]}],"is_beta":false,"boss_relics":[],"items_purged_floors":[],"is_endless":false,"potions_floor_spawned":[4,7],"killed_by":"Hexaghost","ascension_level":20}}