{"host":"3zmssa4s99zhxek5","time":1613371098,"event":{"mods":["AchievementEnabler","BaseMod","Minty Spire (QoL Compilation)","Permanent Neow","Relic Stats"],"gold_per_floor":[112,122,135,149,168,168,196,196,270,304,58,58,83,102,102,195,195,209,209,209],"floor_reached":19,"language":"KOR","playtime":1641,"items_purged":[],"score":412,"play_id":"4858e3ba-34fd-494f-bab3-9941726c3644","local_time":"20210215153818","is_ascension_mode":true,"campfire_choices":[{"data":"WindmillStrike","floor":6.0,"key":"SMITH"},{"data":"Scrawl","floor":8.0,"key":"SMITH"},{"data":"Devotion","floor":15,"key":"SMITH"}],"circlet_count":0,"master_deck":["AscendersBane","Strike_P","Strike_P","Strike_P","Defend_P","Defend_P","Defend_P","Eruption","Vigilance","Scrawl+1","Vengeance","Halt","WindmillStrike+1","Consecrate","Weave","Weave","Devotion+1","Wireheading","Scrawl+1","Halt","SpiritShield","EmptyMind"],"relics":["PureWater","Bronze Scales","Ornamental Fan","Torii","DollysMirror","Golden Idol","Empty Cage"],"acts_visited":["Exordium","TheCity"],"potions_floor_usage":[19,19],"damage_taken":[{"damage":4.0,"enemies":"Small Slimes","floor":1.0,"turns":3.0},{"damage":4.0,"enemies":"2 Louse","floor":2.0,"turns":4.0},{"damage":0.0,"enemies":"Cultist","floor":3.0,"turns":4.0},{"damage":0.0,"enemies":"Exordium Thugs","floor":4.0,"turns":3.0},{"damage":0.0,"enemies":"2 Fungi Beasts","floor":5.0,"turns":2.0},{"damage":0.0,"enemies":"Gremlin Nob","floor":7.0,"turns":2.0},{"damage":25.0,"enemies":"3 Sentries","floor":10.0,"turns":5.0},{"damage":0,"enemies":"Large Slime","floor":13,"turns":4},{"damage":0,"enemies":"Blue Slaver","floor":14,"turns":2},{"damage":22,"enemies":"The Guardian","floor":16,"turns":8},{"damage":8,"enemies":"Shell Parasite","floor":18,"turns":4},{"damage":40,"enemies":"Masked Bandits","floor":19,"turns":4}],"seed_played":"-2488812850995324101","potions_obtained":[{"floor":3.0,"key":"Swift Potion"},{"floor":4.0,"key":"DuplicationPotion"},{"floor":14,"key":"LiquidBronze"},{"floor":16,"key":"PowerPotion"}],"is_trial":false,"path_per_floor":["M","M","M","M","M","R","E","R","T","E","$","?","M","M","R","B",null,"M","?"],"character_chosen":"WATCHER","items_purchased":["Wireheading","DollysMirror"],"campfire_rested":0,"item_purchase_floors":[11,11],"current_hp_per_floor":[57,53,53,53,53,53,53,53,53,28,28,28,28,28,28,6,48,40,0,0],"gold":209,"neow_bonus":"ONE_RANDOM_RARE_CARD","is_daily":false,"chose_seed":false,"campfire_upgraded":3,"win_rate":0.0,"timestamp":1613371098,"path_taken":["M","M","M","M","M","R","E","R","T","E","$","?","M","M","R","BOSS","M","?"],"items_purchased_type":["Card","Relic"],"build_version":"2020-12-22","purchased_purges":0,"victory":false,"max_hp_per_floor":[68,68,68,68,68,68,68,68,68,68,68,62,62,62,62,62,62,62,62,62],"relic_stats":{"Torii":12,"counters":[12,45],"Ornamental Fan":[52],"Golden Idol":38,"Bronze Scales":[69],"obtain_stats":[{"Torii":10,"Ornamental Fan":9,"DollysMirror":11,"Golden Idol":12,"Bronze Scales":7,"PureWater":0,"Empty Cage":17},{"Torii":7,"Ornamental Fan":6,"DollysMirror":7,"Golden Idol":7,"Bronze Scales":6,"PureWater":0,"Empty Cage":10},{"Torii":23,"Ornamental Fan":18,"DollysMirror":23,"Golden Idol":23,"Bronze Scales":18,"PureWater":0,"Empty Cage":37}]},"card_choices":[{"not_picked":["ClearTheMind","ThirdEye"],"picked":"Vengeance","floor":1.0},{"not_picked":["InnerPeace","DeceiveReality"],"picked":"Halt","floor":2.0},{"not_picked":["FlurryOfBlows","ClearTheMind"],"picked":"WindmillStrike","floor":3.0},{"not_picked":["Crescendo","ThirdEye"],"picked":"Consecrate","floor":4.0},{"not_picked":["CutThroughFate","ReachHeaven"],"picked":"Weave","floor":5.0},{"not_picked":["ClearTheMind","JustLucky"],"picked":"Weave","floor":7.0},{"not_picked":["ForeignInfluence","Sanctity"],"picked":"Devotion","floor":10.0},{"not_picked":["BowlingBash","PathToVictory","CrushJoints"],"picked":"SKIP","floor":13},{"not_picked":["BowlingBash","PathToVictory","CrushJoints"],"picked":"SKIP","floor":13},{"not_picked":["FlyingSleeves","Sanctity"],"picked":"Halt","floor":14},{"not_picked":["Omniscience","Establishment"],"picked":"SpiritShield","floor":16},{"not_picked":["Sanctity","CrushJoints"],"picked":"EmptyMind","floor":18}],"player_experience":1641888,"relics_obtained":[{"floor":7.0,"key":"Bronze Scales"},{"floor":9.0,"key":"Ornamental Fan"},{"floor":10.0,"key":"Torii"}],"event_choices":[{"damage_healed":0.0,"max_hp_gain":0.0,"max_hp_loss":6.0,"gold_gain":0.0,"event_name":"Golden Idol","player_choice":"Lose Max HP","floor":12.0,"gold_loss":0.0,"damage_taken":0.0,"relics_obtained":["Golden Idol"]},{"damage_healed":0,"gold_gain":0,"player_choice":"Fought Bandits","damage_taken":0,"max_hp_gain":0,"max_hp_loss":0,"event_name":"Masked Bandits","floor":19,"gold_loss":0}],"is_beta":false,"boss_relics":[{"not_picked":["Busted Crown","Cursed Key"],"picked":"Empty Cage"}],"items_purged_floors":[],"is_endless":false,"potions_floor_spawned":[3,4,5,14,16],"killed_by":"Masked Bandits","ascension_level":20}}