{"host":"15f3wpiimhe5yrng","time":1613397793,"event":{"mods":["BaseMod","Better Altar","Better Match","Better Note","Better Sensory Stone","Better Skull","Better Third Choice","BetterRewards","Bossed Relics","Colored Map","Downfall","GifTheSpireLib","Good Game Mod","Minty Spire (QoL Compilation)","Permanent Neow","Spire Arcade","StSLib","The Animator","The Disciple","The Marked","The Servant 0.9.4"],"gold_per_floor":[218,266,278,8,22,22,51,51,51,51,51,87,100,133,133,259,259,283,283,299,399,434,465,465,508,561,561,561,585,619,643,643,764,764,777,999,999,625,625,669,669,709,709,742,765,778,778,794,794,794,794,794,423,457,457],"floor_reached":56,"language":"ENG","playtime":4916,"items_purged":["Strike_S","Defend_S","Defend_S"],"score":1774,"play_id":"993902e4-0bb0-4f55-b13f-75e2287e0663","local_time":"20210215150313","is_ascension_mode":true,"campfire_choices":[{"data":"Study","floor":6.0,"key":"SMITH"},{"data":"GearUp","floor":8.0,"key":"SMITH"},{"data":"KidneyShot","floor":11.0,"key":"SMITH"},{"data":"Alleviate","floor":15.0,"key":"SMITH"},{"data":"KillingDoll","floor":24.0,"key":"SMITH"},{"data":"Replace","floor":27.0,"key":"SMITH"},{"floor":32,"key":"DIG"},{"floor":41,"key":"DIG"},{"floor":47,"key":"RECALL"},{"floor":49,"key":"DIG"},{"floor":52,"key":"DIG"}],"circlet_count":0,"master_deck":["Strike_S","Strike_S","Defend_S","Defend_S","KidneyShot+1","Exchange","Study+1","TimeWarp","BottledTime","Rearm","GearUp+1","BottledTime","ShatteredReality","Alleviate+1","KillingDoll+1","Replace+1","Foresight","GearUp+1","DualDimension+1","Potential","BestPractice","BottledTime","PendulumOfEternity","Replace+1","Good Instincts","Secret Technique","Luminosity","ShiftingGears+1","Rearm+1","Foresight+1","BottledTime+1","TheWorld+1","Alleviate+1","TimeWarp","Deep Breath+1"],"relics":["Uniform","REME:ComplimentaryCards","Omamori","Sling","Lizard Tail","HornCleat","Golden Idol","Blood Vial","Incense Burner","Sozu","Red Mask","Gremlin Horn","Bottled Lightning","downfall:ExtraCursedBell","Strawberry","Eternal Feather","Shovel","Centennial Puzzle","Prayer Wheel","Unceasing Top","Black Star","Membership Card","Akabeko","Ginger","White Beast Statue","Shuriken","Art of War","Toxic Egg 2","CaptainsWheel","Pen Nib","StoneCalendar","Bag of Preparation","StrikeDummy","ClockworkSouvenir","Anchor","Nunchaku","Boot","Pear"],"acts_visited":["Exordium","TheCity","TheBeyond","TheEnding"],"potions_floor_usage":[],"damage_taken":[{"damage":8.0,"enemies":"Cultist","floor":1.0,"turns":6.0},{"damage":0.0,"enemies":"2 Louse","floor":3.0,"turns":3.0},{"damage":0.0,"enemies":"Small Slimes","floor":5.0,"turns":3.0},{"damage":32.0,"enemies":"3 Sentries","floor":7.0,"turns":8.0},{"damage":0.0,"enemies":"Lagavulin","floor":12.0,"turns":8.0},{"damage":6.0,"enemies":"Exordium Thugs","floor":13.0,"turns":4.0},{"damage":1.0,"enemies":"Gremlin Nob","floor":14.0,"turns":4.0},{"damage":0.0,"enemies":"Slime Boss","floor":16.0,"turns":11.0},{"damage":2.0,"enemies":"2 Thieves","floor":18.0,"turns":4.0},{"damage":0.0,"enemies":"Spheric Guardian","floor":20.0,"turns":5.0},{"damage":42.0,"enemies":"Masked Bandits","floor":22.0,"turns":11.0},{"damage":0.0,"enemies":"Gremlin Leader","floor":23.0,"turns":6.0},{"damage":3.0,"enemies":"Slavers","floor":25.0,"turns":6.0},{"damage":0,"enemies":"Book of Stabbing","floor":30,"turns":5},{"damage":0,"enemies":"3 Cultists","floor":31,"turns":6},{"damage":0,"enemies":"Automaton","floor":33,"turns":10},{"damage":6,"enemies":"3 Shapes","floor":35,"turns":4},{"damage":10,"enemies":"Nemesis","floor":40,"turns":8},{"damage":0,"enemies":"Giant Head","floor":42,"turns":7},{"damage":0,"enemies":"Reptomancer","floor":44,"turns":4},{"damage":0,"enemies":"3 Darklings","floor":45,"turns":5},{"damage":0,"enemies":"Maw","floor":46,"turns":6},{"damage":0,"enemies":"4 Shapes","floor":48,"turns":5},{"damage":0,"enemies":"Time Eater","floor":50,"turns":8},{"damage":0,"enemies":"Shield and Spear","floor":54,"turns":4},{"damage":10,"enemies":"The Heart","floor":55,"turns":12}],"seed_played":"6339564932323402312","potions_obtained":[{"floor":5.0,"key":"PowerPotion"},{"floor":7.0,"key":"Swift Potion"},{"floor":14.0,"key":"PowerPotion"}],"is_trial":false,"path_per_floor":["M","T","M","$","M","R","E","R","T","?","R","E","M","E","R","B",null,"M","?","M","?","?","E","R","E","T","R","?","T","E","M","R","B",null,"M","?","?","$","?","E","R","E","T","E","M","M","R","M","R","B",null,"R","$","E","B",null],"character_chosen":"THE_SERVANT","items_purchased":["Sling","BottledTime","Membership Card","Akabeko","Secret Technique","ClockworkSouvenir","Anchor","Nunchaku","Alleviate+1","TimeWarp","Deep Breath+1"],"campfire_rested":0,"item_purchase_floors":[4,4,38,38,38,53,53,53,53,53,53],"current_hp_per_floor":[57,57,57,57,57,57,25,25,25,25,25,25,21,22,22,24,60,58,58,60,60,18,20,20,19,19,19,26,26,28,30,45,47,67,61,61,61,61,61,53,67,67,67,67,67,67,67,67,67,67,67,67,67,77,67],"gold":457,"neow_bonus":"HUNDRED_GOLD","is_daily":false,"chose_seed":false,"campfire_upgraded":6,"win_rate":0.0,"timestamp":1613397793,"path_taken":["M","?","M","$","M","R","E","R","T","?","R","E","M","E","R","BOSS","M","?","M","?","?","E","R","E","T","R","?","?","E","?","R","BOSS","M","?","?","$","?","E","R","E","T","E","M","?","R","M","R","BOSS","R","$","E","BOSS"],"items_purchased_type":["Relic","Card","Relic","Relic","Card","Relic","Relic","Relic","Card","Card","Card"],"build_version":"2020-12-22","purchased_purges":3,"victory":true,"max_hp_per_floor":[65,65,65,65,65,65,65,65,65,60,60,60,60,60,60,60,60,60,60,60,60,60,60,60,60,60,60,67,67,67,67,67,67,67,67,67,67,67,67,67,67,67,67,67,67,67,67,67,67,67,67,67,67,77,77],"card_choices":[{"not_picked":["Replace","DoubleEdge"],"picked":"TimeWarp","floor":1.0},{"not_picked":["Hightail","StarChef","Spin"],"picked":"SKIP","floor":3.0},{"not_picked":["Advance","Read"],"picked":"Rearm","floor":5.0},{"not_picked":["FastForward","Foresight"],"picked":"GearUp","floor":7.0},{"not_picked":["DoubleEdge","FastForward"],"picked":"BottledTime","floor":12.0},{"not_picked":["TimeWarp","Starlight"],"picked":"ShatteredReality","floor":13.0},{"not_picked":["StarChef","Rearm"],"picked":"Alleviate","floor":14.0},{"not_picked":["Initiator","TheWorld"],"picked":"KillingDoll","floor":16.0},{"not_picked":["ReturningBlade","Spin"],"picked":"Replace","floor":18.0},{"not_picked":["WasteNot+1","BottledTime"],"picked":"Foresight","floor":20.0},{"not_picked":["Read","Snipe+1"],"picked":"GearUp+1","floor":21.0},{"not_picked":["Potential","BottledTime+1"],"picked":"DualDimension+1","floor":22.0},{"not_picked":["RealityMarble","FloweringNight"],"picked":"Potential","floor":23.0},{"not_picked":["DoubleEdge","Unruled","Defy"],"picked":"SKIP","floor":25.0},{"not_picked":["Revamp","DoubleEdge+1"],"picked":"BestPractice","floor":30},{"not_picked":["Foresight","Defy"],"picked":"BottledTime","floor":31},{"not_picked":["Reset","StarChef","Gouge+1"],"picked":"SKIP","floor":31},{"not_picked":["Duplication","Initiator"],"picked":"PendulumOfEternity","floor":33},{"not_picked":["Potential","Luminosity"],"picked":"Replace+1","floor":35},{"not_picked":["Ricochet","RealityMarble","Reset+1"],"picked":"SKIP","floor":35},{"not_picked":["Swift Strike","Madness"],"picked":"Good Instincts","floor":37},{"not_picked":["Starlight","BestPractice+1"],"picked":"Luminosity","floor":40},{"not_picked":["FanOfKnives","Defy+1","SpecialFormula+1"],"picked":"SKIP","floor":42},{"not_picked":["FastForward+1","Gouge"],"picked":"ShiftingGears+1","floor":44},{"not_picked":["StarChef+1","Reset+1"],"picked":"Rearm+1","floor":45},{"not_picked":["Spin","Moondial+1","DoubleEdge"],"picked":"SKIP","floor":45},{"not_picked":["Potential","Read+1"],"picked":"Foresight+1","floor":46},{"not_picked":["Ricochet","FastForward+1","Revamp+1"],"picked":"SKIP","floor":46},{"not_picked":["Ricochet","Rewind+1"],"picked":"BottledTime+1","floor":48},{"not_picked":["SpecialFormula+1","ShatteredReality"],"picked":"TheWorld+1","floor":48},{"not_picked":["Reset+1","Unruled+1","RealityMarble"],"picked":"SKIP","floor":54}],"player_experience":239627,"relics_obtained":[{"floor":2.0,"key":"Omamori"},{"floor":7.0,"key":"Lizard Tail"},{"floor":9.0,"key":"HornCleat"},{"floor":12.0,"key":"Blood Vial"},{"floor":14.0,"key":"Incense Burner"},{"floor":22.0,"key":"Red Mask"},{"floor":23.0,"key":"Gremlin Horn"},{"floor":25.0,"key":"Bottled Lightning"},{"floor":28,"key":"Strawberry"},{"floor":28,"key":"Eternal Feather"},{"floor":28,"key":"Shovel"},{"floor":29,"key":"Centennial Puzzle"},{"floor":30,"key":"Prayer Wheel"},{"floor":32,"key":"Unceasing Top"},{"floor":40,"key":"Ginger"},{"floor":40,"key":"White Beast Statue"},{"floor":41,"key":"Shuriken"},{"floor":42,"key":"Art of War"},{"floor":42,"key":"Toxic Egg 2"},{"floor":43,"key":"CaptainsWheel"},{"floor":44,"key":"Pen Nib"},{"floor":44,"key":"StoneCalendar"},{"floor":49,"key":"Bag of Preparation"},{"floor":52,"key":"StrikeDummy"},{"floor":54,"key":"Boot"},{"floor":54,"key":"Pear"}],"event_choices":[{"damage_healed":0.0,"max_hp_gain":0.0,"max_hp_loss":5.0,"gold_gain":0.0,"event_name":"Golden Idol","player_choice":"Lose Max HP","floor":10.0,"gold_loss":0.0,"damage_taken":0.0,"relics_obtained":["Golden Idol"]},{"damage_healed":0.0,"max_hp_gain":0.0,"max_hp_loss":0.0,"gold_gain":0.0,"event_name":"betterNote:BetterNote","player_choice":"Ignored","floor":19.0,"gold_loss":0.0,"damage_taken":0.0,"cards_obtained":["Malaise"]},{"damage_healed":0.0,"max_hp_gain":0.0,"max_hp_loss":0.0,"gold_gain":0.0,"event_name":"Masked Bandits","player_choice":"Fought Bandits","floor":22.0,"gold_loss":0.0,"damage_taken":0.0},{"damage_healed":0,"gold_gain":222,"player_choice":"Wore Mask","damage_taken":0,"max_hp_gain":0,"max_hp_loss":0,"event_name":"Tomb of Lord Red Mask","floor":36,"gold_loss":0},{"damage_healed":0,"gold_gain":3,"player_choice":"1","damage_taken":0,"max_hp_gain":0,"max_hp_loss":0,"event_name":"betterStone:BetterStone","floor":37,"gold_loss":0},{"cards_removed":["Strike_S"],"damage_healed":0,"gold_gain":0,"player_choice":"Removed Attack","damage_taken":0,"max_hp_gain":0,"max_hp_loss":0,"event_name":"Falling","floor":39,"gold_loss":0}],"is_beta":false,"boss_relics":[{"not_picked":["Astrolabe","Runic Pyramid"],"picked":"Sozu"},{"not_picked":["StoneMask","SlaversCollar"],"picked":"Black Star"}],"items_purged_floors":[4,38,53],"is_endless":false,"potions_floor_spawned":[5,7,14,23,25,30,31,42,44,45,46,48,54],"ascension_level":1}}