{"host":"kxz5izodaorfb9am","time":1613395033,"event":{"mods":["BaseMod","GifTheSpireLib","Minty Spire (QoL Compilation)","Shop Mod","StSLib"],"gold_per_floor":[115,115,40,56,74,74,74,74,97,113,138,158,58,74,74,175,225,239,439,439,455,455,455,455],"floor_reached":23,"language":"ENG","playtime":1118,"items_purged":["Strike_R","Strike_R"],"score":239,"play_id":"08f763d7-abd2-435b-bb77-046ee31ea3e3","local_time":"20210215141713","is_ascension_mode":true,"campfire_choices":[{"data":"Berserk","floor":6,"key":"SMITH"},{"data":"Uppercut","floor":8,"key":"SMITH"},{"floor":15,"key":"REST"}],"circlet_count":0,"master_deck":["Strike_R","Defend_R","Defend_R","Defend_R","Bash","Offering","Berserk+1","Uppercut+1","Dropkick+1","Rage","Body Slam","Spot Weakness","Sword Boomerang","Barricade","Metallicize","Armaments","Heavy Blade"],"relics":["Burning Blood","Ginger","Tiny Chest","PreservedInsect","Tiny House","Bag of Preparation"],"acts_visited":["Exordium","TheCity"],"potions_floor_usage":[11,18,21,23,23],"damage_taken":[{"damage":6,"enemies":"2 Louse","floor":1,"turns":3},{"damage":6,"enemies":"Cultist","floor":4,"turns":2},{"damage":10,"enemies":"Jaw Worm","floor":5,"turns":2},{"damage":16,"enemies":"Gremlin Gang","floor":10,"turns":5},{"damage":11,"enemies":"Lagavulin","floor":11,"turns":4},{"damage":15,"enemies":"Red Slaver","floor":12,"turns":4},{"damage":20,"enemies":"Exordium Thugs","floor":14,"turns":2},{"damage":10,"enemies":"Hexaghost","floor":16,"turns":7},{"damage":15,"enemies":"Chosen","floor":18,"turns":5},{"damage":14,"enemies":"3 Byrds","floor":21,"turns":6},{"damage":64,"enemies":"Slavers","floor":23,"turns":3}],"seed_played":"6326061651523777302","potions_obtained":[{"floor":1,"key":"Regen Potion"},{"floor":4,"key":"Strength Potion"},{"floor":14,"key":"SpeedPotion"},{"floor":16,"key":"GamblersBrew"},{"floor":17,"key":"AttackPotion"},{"floor":21,"key":"Block Potion"}],"is_trial":false,"path_per_floor":["M","?","$","M","M","R","?","R","T","M","E","M","$","M","R","B",null,"M","?","T","M","?","E"],"character_chosen":"IRONCLAD","items_purchased":[],"campfire_rested":1,"item_purchase_floors":[],"current_hp_per_floor":[56,56,56,56,52,52,52,52,52,42,37,28,28,14,38,34,74,65,65,65,57,57,0,0],"gold":455,"neow_bonus":"TRANSFORM_TWO_CARDS","is_daily":false,"chose_seed":false,"campfire_upgraded":2,"win_rate":0.0,"timestamp":1613395033,"path_taken":["M","?","$","?","M","R","?","R","T","M","E","?","?","M","R","BOSS","M","?","?","M","?","E"],"items_purchased_type":[],"build_version":"2020-12-22","purchased_purges":2,"victory":false,"max_hp_per_floor":[80,80,80,80,80,80,80,80,80,80,80,80,80,80,80,80,85,85,85,85,85,85,85,85],"card_choices":[{"not_picked":["Second Wind","Headbutt"],"picked":"Uppercut","floor":1},{"not_picked":["Wild Strike","Blood for Blood"],"picked":"Dropkick","floor":4},{"not_picked":["Whirlwind","Perfected Strike"],"picked":"Rage","floor":5},{"not_picked":["Wild Strike","Spot Weakness"],"picked":"Body Slam","floor":10},{"not_picked":["Clash","Carnage"],"picked":"Spot Weakness","floor":11},{"not_picked":["Seeing Red","Armaments"],"picked":"Sword Boomerang","floor":12},{"not_picked":["Warcry","Dark Embrace","Flex"],"picked":"SKIP","floor":14},{"not_picked":["Berserk","Limit Break"],"picked":"Barricade","floor":16},{"not_picked":["Burning Pact","Headbutt"],"picked":"Metallicize","floor":17},{"not_picked":["Blood for Blood","Intimidate"],"picked":"Armaments","floor":18},{"not_picked":["Armaments","Clash"],"picked":"Heavy Blade","floor":21}],"player_experience":325842,"relics_obtained":[{"floor":9,"key":"Tiny Chest"},{"floor":11,"key":"PreservedInsect"},{"floor":20,"key":"Bag of Preparation"}],"event_choices":[{"cards_removed":["Strike_R"],"damage_healed":0,"gold_gain":0,"player_choice":"Offered Basic","damage_taken":0,"max_hp_gain":0,"max_hp_loss":0,"event_name":"Bonfire Elementals","floor":2,"gold_loss":0},{"damage_healed":0,"gold_gain":0,"player_choice":"Gave Potion","damage_taken":0,"relics_obtained":["Ginger"],"max_hp_gain":0,"max_hp_loss":0,"event_name":"WeMeetAgain","floor":7,"gold_loss":0},{"damage_healed":0,"gold_gain":200,"player_choice":"Gold","damage_taken":0,"max_hp_gain":0,"max_hp_loss":0,"event_name":"Wheel of Change","floor":19,"gold_loss":0},{"damage_healed":0,"gold_gain":0,"player_choice":"Ignored","damage_taken":0,"max_hp_gain":0,"max_hp_loss":0,"event_name":"Ghosts","floor":22,"gold_loss":0}],"is_beta":false,"boss_relics":[{"not_picked":["SacredBark","Fusion Hammer"],"picked":"Tiny House"}],"items_purged_floors":[3,13],"is_endless":false,"potions_floor_spawned":[1,4,14,16,21],"killed_by":"Slavers","ascension_level":5}}