{"host":"wf1r1zhguvoo22rf","time":1613432378,"event":{"mods":["BaseMod","Colored Powertips","Minty Spire (QoL Compilation)","StSLib"],"gold_per_floor":[117,94,111,111,111,139,153,153,176,176,176,194,194,209,209,314,314,324,324,324,335,91,91,118,118,118,217,16,31,51,71,71,175,175,186,204,204,204,204],"floor_reached":38,"language":"ENG","playtime":1686,"items_purged":[],"score":444,"play_id":"97c5b2a1-2624-415e-bfcc-56c6bbaa8a9a","local_time":"20210216013938","is_ascension_mode":false,"campfire_choices":[{"data":"WindmillStrike","floor":8,"key":"SMITH"},{"data":"FlurryOfBlows","floor":11,"key":"SMITH"},{"data":"BowlingBash","floor":15,"key":"SMITH"},{"data":"Judgement","floor":23,"key":"SMITH"},{"floor":25,"key":"REST"},{"floor":32,"key":"REST"}],"circlet_count":0,"master_deck":["Defend_P","Defend_P","Defend_P","Defend_P","Eruption","Vigilance","DeceiveReality","BowlingBash+1","FearNoEvil","Regret","WindmillStrike+1","FlurryOfBlows+1","SashWhip+1","Judgement+1","Consecrate+1","Bite+1","Bite+1","Bite+1","Bite+1","Bite+1","FlyingSleeves+1","CrushJoints+1","CrushJoints+1","FollowUp+1","DevaForm","Consecrate+1","FlurryOfBlows+1"],"relics":["PureWater","NeowsBlessing","Bronze Scales","Kunai","Vajra","Molten Egg 2","SacredBark","Shuriken","Mercury Hourglass","Pear","Singing Bowl","Membership Card","VioletLotus"],"acts_visited":["Exordium","TheCity","TheBeyond"],"potions_floor_usage":[16,16,24,33,33,38],"damage_taken":[{"damage":0,"enemies":"Cultist","floor":1,"turns":1},{"damage":0,"enemies":"Jaw Worm","floor":3,"turns":1},{"damage":0,"enemies":"3 Sentries","floor":6,"turns":1},{"damage":2,"enemies":"2 Louse","floor":7,"turns":2},{"damage":0,"enemies":"Red Slaver","floor":12,"turns":2},{"damage":8,"enemies":"Large Slime","floor":14,"turns":2},{"damage":28,"enemies":"Hexaghost","floor":16,"turns":8},{"damage":0,"enemies":"3 Byrds","floor":18,"turns":3},{"damage":0,"enemies":"Spheric Guardian","floor":21,"turns":2},{"damage":34,"enemies":"Slavers","floor":24,"turns":2},{"damage":7,"enemies":"Snecko","floor":29,"turns":3},{"damage":8,"enemies":"Cultist and Chosen","floor":30,"turns":3},{"damage":32,"enemies":"Shelled Parasite and Fungi","floor":31,"turns":3},{"damage":56,"enemies":"Automaton","floor":33,"turns":7},{"damage":31,"enemies":"3 Shapes","floor":35,"turns":2},{"damage":23,"enemies":"Orb Walker","floor":36,"turns":3},{"damage":30,"enemies":"Spire Growth","floor":38,"turns":3}],"seed_played":"-205858777507193021","potions_obtained":[{"floor":1,"key":"PowerPotion"},{"floor":14,"key":"Regen Potion"},{"floor":16,"key":"ColorlessPotion"},{"floor":21,"key":"Weak Potion"},{"floor":30,"key":"SkillPotion"},{"floor":36,"key":"FearPotion"}],"is_trial":false,"path_per_floor":["M","$","M","$","?","E","M","R","T","T","R","M","?","M","R","B",null,"M","?","T","M","$","R","E","R","T","?","$","M","M","M","R","B",null,"M","M","?","M"],"character_chosen":"WATCHER","items_purchased":["BowlingBash","Mercury Hourglass","Membership Card","FairyPotion"],"campfire_rested":2,"item_purchase_floors":[2,22,28,28],"current_hp_per_floor":[72,72,72,72,72,72,70,70,70,70,70,70,72,64,64,51,72,72,50,50,50,50,50,26,44,44,44,44,45,49,26,44,40,62,34,16,16,0,0],"gold":204,"neow_bonus":"THREE_ENEMY_KILL","is_daily":false,"chose_seed":false,"campfire_upgraded":4,"win_rate":0.0,"timestamp":1613432378,"path_taken":["M","?","?","?","?","E","M","R","T","?","R","M","?","?","R","BOSS","M","?","?","M","$","R","E","R","T","?","?","M","?","M","R","BOSS","M","M","?","M"],"items_purchased_type":["Card","Relic","Relic","Potion"],"build_version":"2020-12-22","purchased_purges":0,"victory":false,"max_hp_per_floor":[72,72,72,72,72,72,72,72,72,72,72,72,72,72,72,72,72,72,50,50,50,50,50,60,60,60,60,60,62,62,62,62,62,62,62,64,64,64,64],"card_choices":[{"not_picked":["Adaptation","ThirdEye"],"picked":"DeceiveReality","floor":1},{"not_picked":["EmptyBody","Evaluate"],"picked":"FearNoEvil","floor":3},{"not_picked":["ClearTheMind","EmptyFist"],"picked":"WindmillStrike","floor":6},{"not_picked":["SignatureMove","Scrawl"],"picked":"FlurryOfBlows","floor":7},{"not_picked":["Protect","EmptyBody"],"picked":"CrushJoints+1","floor":12},{"not_picked":["Wallop+1","CutThroughFate+1"],"picked":"SashWhip+1","floor":14},{"not_picked":["Brilliance+1","Blasphemy"],"picked":"Judgement","floor":16},{"not_picked":["Worship","EmptyBody"],"picked":"Consecrate+1","floor":18},{"not_picked":["PathToVictory","CutThroughFate+1"],"picked":"FlyingSleeves+1","floor":21},{"not_picked":["CutThroughFate+1","Vault"],"picked":"CrushJoints+1","floor":24},{"not_picked":["WreathOfFlame","ClearTheMind","Evaluate"],"picked":"Singing Bowl","floor":29},{"not_picked":["Indignation","WheelKick+1"],"picked":"CrushJoints+1","floor":30},{"not_picked":["ClearTheMind","SignatureMove+1"],"picked":"FollowUp+1","floor":31},{"not_picked":["Blasphemy","Brilliance+1"],"picked":"DevaForm","floor":33},{"not_picked":["Protect+1","LikeWater"],"picked":"Consecrate+1","floor":35},{"not_picked":["ReachHeaven+1","ThirdEye+1","WheelKick+1"],"picked":"Singing Bowl","floor":36}],"player_experience":243574,"relics_obtained":[{"floor":6,"key":"Kunai"},{"floor":9,"key":"Vajra"},{"floor":10,"key":"Molten Egg 2"},{"floor":20,"key":"Shuriken"},{"floor":24,"key":"Pear"},{"floor":26,"key":"Singing Bowl"}],"event_choices":[{"damage_healed":0,"gold_gain":0,"player_choice":"Box","damage_taken":0,"relics_obtained":["Bronze Scales"],"max_hp_gain":0,"max_hp_loss":0,"event_name":"Big Fish","floor":5,"gold_loss":0,"cards_obtained":["Regret"]},{"cards_removed":["CrushJoints"],"damage_healed":5,"gold_gain":0,"player_choice":"Offered Common","damage_taken":0,"max_hp_gain":0,"max_hp_loss":0,"event_name":"Bonfire Elementals","floor":13,"gold_loss":0},{"cards_removed":["CrushJoints"],"damage_healed":5,"gold_gain":0,"player_choice":"Offered Special","damage_taken":0,"max_hp_gain":0,"max_hp_loss":0,"event_name":"Bonfire Elementals","floor":13,"gold_loss":0},{"damage_healed":0,"gold_gain":0,"player_choice":"Became a vampire","damage_taken":0,"max_hp_gain":0,"max_hp_loss":22,"event_name":"Vampires","floor":19,"gold_loss":0,"cards_obtained":["Bite","Bite","Bite","Bite","Bite"]},{"damage_healed":0,"gold_gain":99,"player_choice":"Stole From Cult","damage_taken":0,"max_hp_gain":0,"max_hp_loss":0,"event_name":"Nest","floor":27,"gold_loss":0},{"damage_healed":0,"gold_gain":0,"player_choice":"Copied","damage_taken":0,"max_hp_gain":0,"max_hp_loss":0,"event_name":"Duplicator","floor":37,"gold_loss":0,"cards_obtained":["FlurryOfBlows"]}],"is_beta":false,"boss_relics":[{"not_picked":["Runic Pyramid","Tiny House"],"picked":"SacredBark"},{"not_picked":["Empty Cage","Busted Crown"],"picked":"VioletLotus"}],"items_purged_floors":[],"is_endless":false,"potions_floor_spawned":[1,14,16,21,30,31,36],"killed_by":"Spire Growth","ascension_level":0}}