{"host":"0kk91h4bq4kgfj0u","time":1613364700,"event":{"mods":["BaseMod","Bestiary","Block Reminder","Colored Map","Colored Powertips","Curses Come First","Highlight Path","Minty Spire (QoL Compilation)","Relic Stats","StSLib"],"gold_per_floor":[118,118,118,118,131,131,131],"floor_reached":6,"language":"ENG","playtime":165,"items_purged":[],"score":46,"play_id":"64ef5cb0-1adf-48ab-a875-dbda877887a7","local_time":"20210214235140","is_ascension_mode":true,"campfire_choices":[],"circlet_count":0,"master_deck":["Strike_G","Strike_G","Strike_G","Strike_G","Strike_G","Defend_G","Defend_G","Defend_G","Defend_G","Defend_G","Survivor","Neutralize","Blade Dance","Escape Plan","Quick Slash"],"relics":["Ring of the Snake","Omamori","FaceOfCleric"],"acts_visited":["Exordium"],"potions_floor_usage":[],"damage_taken":[{"damage":0.0,"enemies":"2 Louse","floor":1.0,"turns":2.0},{"damage":9.0,"enemies":"Cultist","floor":5.0,"turns":5.0},{"damage":63,"enemies":"Gremlin Nob","floor":6,"turns":5}],"seed_played":"3691240011302621396","potions_obtained":[{"floor":1.0,"key":"BlessingOfTheForge"}],"is_trial":false,"path_per_floor":["M","?","?","?","M","E"],"character_chosen":"THE_SILENT","items_purchased":[],"campfire_rested":0,"item_purchase_floors":[],"current_hp_per_floor":[63,68,43,43,35,0,0],"gold":131,"neow_bonus":"THREE_CARDS","is_daily":false,"chose_seed":false,"campfire_upgraded":0,"win_rate":0.0,"timestamp":1613364700,"path_taken":["M","?","?","?","M","E"],"items_purchased_type":[],"build_version":"2020-12-22","purchased_purges":0,"victory":false,"max_hp_per_floor":[70,75,75,75,76,76,76],"relic_stats":{"FaceOfCleric":1,"counters":[3,12],"obtain_stats":[{"FaceOfCleric":4,"Omamori":3,"Ring of the Snake":0},{"FaceOfCleric":1,"Omamori":1,"Ring of the Snake":0},{"FaceOfCleric":2,"Omamori":2,"Ring of the Snake":0}],"Ring of the Snake":[6]},"card_choices":[{"not_picked":["PiercingWail","Outmaneuver"],"picked":"Blade Dance","floor":0.0},{"not_picked":["Finisher","Dodge and Roll"],"picked":"Escape Plan","floor":1.0},{"not_picked":["Blade Dance","Dagger Spray"],"picked":"Quick Slash","floor":5.0}],"player_experience":877275,"relics_obtained":[],"event_choices":[{"damage_healed":0.0,"max_hp_gain":5.0,"max_hp_loss":0.0,"gold_gain":0.0,"event_name":"Big Fish","player_choice":"Donut","floor":2.0,"gold_loss":0.0,"damage_taken":0.0},{"damage_healed":0.0,"max_hp_gain":0.0,"max_hp_loss":0.0,"gold_gain":0.0,"event_name":"Scrap Ooze","player_choice":"Success","floor":3.0,"gold_loss":0.0,"damage_taken":25.0,"relics_obtained":["Omamori"]},{"damage_healed":0.0,"max_hp_gain":0.0,"max_hp_loss":0.0,"gold_gain":0.0,"event_name":"FaceTrader","player_choice":"Trade","floor":4.0,"gold_loss":0.0,"damage_taken":0.0,"relics_obtained":["FaceOfCleric"]}],"is_beta":false,"boss_relics":[],"items_purged_floors":[],"is_endless":false,"potions_floor_spawned":[1],"killed_by":"Gremlin Nob","ascension_level":7}}