{"host":"61scwtj8sjvayefi","time":1613414666,"event":{"mods":["2.2 Compatiblity","Act Like it!","BaseMod","Conspire","Downfall","Gensokyo","Hermit","Koishi","Marisa????????","Minty Spire (QoL Compilation)","Remilia??????","Replay The Spire","StSLib","The Bug Knight","The Hierophant","The Mystic","The Senshi","The Servant 0.9.4"],"gold_per_floor":[118,130,130,149,161,161,161],"floor_reached":6,"language":"ENG","playtime":617,"items_purged":[],"score":38,"play_id":"7d61c752-7f79-459a-8f10-38fc2ad88032","local_time":"20210215124426","is_ascension_mode":false,"campfire_choices":[],"circlet_count":0,"master_deck":["hermit:Strike_Hermit","hermit:Strike_Hermit","hermit:Strike_Hermit","hermit:Strike_Hermit","hermit:Defend_Hermit","hermit:Defend_Hermit","hermit:Defend_Hermit","hermit:Defend_Hermit","hermit:Snapshot","hermit:Covet","hermit:TrackingShot","hermit:Spite+1","hermit:GoldenBullet","hermit:Snipe"],"relics":["hermit:Momento","NeowsBlessing"],"acts_visited":["Exordium"],"potions_floor_usage":[],"damage_taken":[{"damage":0,"enemies":"Small Slimes","floor":1,"turns":1},{"damage":0,"enemies":"2 Louse","floor":2,"turns":1},{"damage":2,"enemies":"conspire:RoseBush","floor":4,"turns":1},{"damage":22,"enemies":"3 Louse","floor":5,"turns":4},{"damage":59,"enemies":"3 Sentries","floor":6,"turns":10}],"seed_played":"8457480379423433696","potions_obtained":[{"floor":5,"key":"FearPotion"}],"is_trial":false,"path_per_floor":["M","M","?","M","M","E"],"character_chosen":"HERMIT","items_purchased":[],"campfire_rested":0,"item_purchase_floors":[],"current_hp_per_floor":[75,75,75,73,51,0,0],"gold":161,"neow_bonus":"THREE_ENEMY_KILL","is_daily":false,"chose_seed":false,"campfire_upgraded":0,"win_rate":0.0,"timestamp":1613414666,"path_taken":["M","M","?","M","M","E"],"items_purchased_type":[],"build_version":"2020-12-22","purchased_purges":0,"victory":false,"max_hp_per_floor":[75,75,75,75,75,75,75],"card_choices":[{"not_picked":["hermit:Ricochet","hermit:DeadMansHand"],"picked":"hermit:TrackingShot","floor":1},{"not_picked":["hermit:Roulette","hermit:Virtue"],"picked":"hermit:Spite","floor":2},{"not_picked":["hermit:Brawl","hermit:Ricochet"],"picked":"hermit:GoldenBullet","floor":4},{"not_picked":["hermit:WideOpen","hermit:Misfire"],"picked":"hermit:Snipe","floor":5}],"player_experience":70576,"relics_obtained":[],"event_choices":[{"damage_healed":0,"gold_gain":0,"player_choice":"Grow","damage_taken":0,"max_hp_gain":0,"max_hp_loss":0,"event_name":"Living Wall","floor":3,"gold_loss":0,"cards_upgraded":["hermit:Spite"]}],"is_beta":false,"boss_relics":[],"items_purged_floors":[],"is_endless":false,"potions_floor_spawned":[5],"killed_by":"3 Sentries","ascension_level":0}}