{"host":"or8fr2mp0k3eluj8","time":1613394510,"event":{"mods":["AchievementEnabler","BaseMod","Colored Map","DeckTracker","Minty Spire (QoL Compilation)","SuperFastMode"],"gold_per_floor":[118,135,210,210,210,240,256,269,269,289,168,23,50,62,62,158,158,175,187,197,214,214,214,227,227,227,227,127,139,139,139],"floor_reached":30,"language":"KOR","playtime":865,"items_purged":["Strike_B","Strike_B"],"score":282,"play_id":"30f819e1-90b8-4cf2-8f97-3652bbdb2d8b","local_time":"20210215220830","is_ascension_mode":true,"campfire_choices":[{"data":"Dualcast","floor":15,"key":"SMITH"},{"floor":23,"key":"REST"},{"floor":25,"key":"REST"},{"floor":27,"key":"REST"}],"circlet_count":0,"master_deck":["Strike_B","Strike_B","Defend_B","Defend_B","Defend_B","Defend_B","Zap+1","Dualcast+1","Self Repair","Gash","Streamline","Gash","Rebound","Recycle","Steam","Buffer","Scrape","Creative AI","Sweeping Beam","Beam Cell","Fusion+1","Gash","Machine Learning"],"relics":["Cracked Core","NeowsBlessing","Incense Burner","Mango","WingedGreaves","Lantern","Shuriken","Fusion Hammer"],"acts_visited":["Exordium","TheCity"],"potions_floor_usage":[],"damage_taken":[{"damage":0,"enemies":"Cultist","floor":1,"turns":1},{"damage":0,"enemies":"Jaw Worm","floor":2,"turns":1},{"damage":0,"enemies":"Gremlin Nob","floor":6,"turns":1},{"damage":3,"enemies":"Small Slimes","floor":7,"turns":3},{"damage":11,"enemies":"Exordium Thugs","floor":8,"turns":4},{"damage":13,"enemies":"Lots of Slimes","floor":10,"turns":3},{"damage":35,"enemies":"3 Sentries","floor":13,"turns":7},{"damage":0,"enemies":"2 Fungi Beasts","floor":14,"turns":2},{"damage":34,"enemies":"The Guardian","floor":16,"turns":11},{"damage":20,"enemies":"Spheric Guardian","floor":18,"turns":5},{"damage":20,"enemies":"3 Byrds","floor":19,"turns":5},{"damage":12,"enemies":"Cultist and Chosen","floor":20,"turns":5},{"damage":38,"enemies":"Centurion and Healer","floor":21,"turns":7},{"damage":32,"enemies":"Snake Plant","floor":24,"turns":5},{"damage":24,"enemies":"Shelled Parasite and Fungi","floor":29,"turns":5},{"damage":63,"enemies":"Book of Stabbing","floor":30,"turns":5}],"seed_played":"-7652177618308265009","potions_obtained":[{"floor":1,"key":"SteroidPotion"},{"floor":2,"key":"SkillPotion"},{"floor":6,"key":"FocusPotion"},{"floor":14,"key":"Fire Potion"},{"floor":29,"key":"Regen Potion"}],"is_trial":false,"path_per_floor":["M","M","?","?","?","E","M","M","T","M","$","$","E","M","R","B",null,"M","M","M","M","?","R","M","R","T","R","$","M","E"],"character_chosen":"DEFECT","items_purchased":["Steam","Lantern"],"campfire_rested":3,"item_purchase_floors":[11,12],"current_hp_per_floor":[75,75,64,52,52,66,70,66,66,60,60,60,32,39,39,12,89,76,63,58,27,27,53,28,54,54,80,80,63,0,0],"gold":139,"neow_bonus":"THREE_ENEMY_KILL","is_daily":false,"chose_seed":false,"campfire_upgraded":1,"win_rate":0.0,"timestamp":1613394510,"path_taken":["M","M","?","?","?","E","M","M","T","?","?","$","E","M","R","BOSS","M","M","?","M","?","R","M","R","T","R","$","M","E"],"items_purchased_type":["Card","Relic"],"build_version":"2020-12-22","purchased_purges":2,"victory":false,"max_hp_per_floor":[75,75,75,75,75,89,89,89,89,89,89,89,89,89,89,89,89,89,89,89,89,89,89,89,89,89,89,89,89,89,89],"card_choices":[{"not_picked":["Turbo","Redo"],"picked":"Self Repair","floor":1},{"not_picked":["BootSequence","Compile Driver"],"picked":"Gash","floor":2},{"not_picked":["Reboot","Gash"],"picked":"Streamline","floor":6},{"not_picked":["Cold Snap","Hologram"],"picked":"Gash","floor":7},{"not_picked":["Compile Driver","Redo"],"picked":"Rebound","floor":8},{"not_picked":["Defragment","Barrage"],"picked":"Recycle","floor":10},{"not_picked":["Lockon","Compile Driver"],"picked":"Buffer","floor":13},{"not_picked":["Rip and Tear","Reprogram"],"picked":"Scrape","floor":14},{"not_picked":["Thunder Strike","Hyperbeam"],"picked":"Creative AI","floor":16},{"not_picked":["Ball Lightning","Static Discharge"],"picked":"Sweeping Beam","floor":18},{"not_picked":["Sweeping Beam","Loop"],"picked":"Beam Cell","floor":19},{"not_picked":["Rebound","Barrage"],"picked":"Fusion+1","floor":20},{"not_picked":["Barrage+1","Steam","Cold Snap+1"],"picked":"SKIP","floor":21},{"not_picked":["Sweeping Beam","Capacitor"],"picked":"Gash","floor":24},{"not_picked":["Reprogram+1","Compile Driver"],"picked":"Machine Learning","floor":29}],"player_experience":338947,"relics_obtained":[{"floor":6,"key":"Mango"},{"floor":9,"key":"WingedGreaves"},{"floor":13,"key":"Shuriken"}],"event_choices":[{"damage_healed":0,"gold_gain":75,"player_choice":"Gather Gold","damage_taken":11,"max_hp_gain":0,"max_hp_loss":0,"event_name":"World of Goop","floor":3,"gold_loss":0},{"damage_healed":0,"gold_gain":0,"player_choice":"Success","damage_taken":12,"relics_obtained":["Incense Burner"],"max_hp_gain":0,"max_hp_loss":0,"event_name":"Scrap Ooze","floor":4,"gold_loss":0},{"damage_healed":0,"gold_gain":0,"player_choice":"Upgraded","damage_taken":0,"max_hp_gain":0,"max_hp_loss":0,"event_name":"Upgrade Shrine","floor":5,"gold_loss":0,"cards_upgraded":["Zap"]},{"damage_healed":0,"gold_gain":0,"player_choice":"Ignored","damage_taken":0,"max_hp_gain":0,"max_hp_loss":0,"event_name":"Vampires","floor":22,"gold_loss":0}],"is_beta":false,"boss_relics":[{"not_picked":["Runic Dome","Velvet Choker"],"picked":"Fusion Hammer"}],"items_purged_floors":[11,28],"is_endless":false,"potions_floor_spawned":[1,2,6,14,16,18,24,29],"killed_by":"Book of Stabbing","ascension_level":1}}