{"host":"e8hwgc5hwysw32tq","time":1613366427,"event":{"mods":["BaseMod","Minty Spire (QoL Compilation)","StSLib","Together in Spire"],"gold_per_floor":[111,36,36,36,55,55,86,86,139,139,168,182,182,200,200,303,303,319,319,319,418,437,467,467,482,482,500,500,500,528,544,544,544,544],"floor_reached":33,"language":"ENG","playtime":1355,"items_purged":["Strike_P"],"score":322,"play_id":"6460f39b-083c-47f0-af1e-65410e34bb66","local_time":"20210214212027","is_ascension_mode":true,"campfire_choices":[{"data":"CrushJoints","floor":6,"key":"SMITH"},{"data":"Eruption","floor":10,"key":"SMITH"},{"data":"Vigilance","floor":13,"key":"SMITH"},{"data":"Perseverance","floor":15,"key":"SMITH"},{"data":"Vault","floor":24,"key":"SMITH"},{"data":"Sanctity","floor":28,"key":"SMITH"},{"floor":32,"key":"REST"}],"circlet_count":0,"master_deck":["Strike_P","Strike_P","Defend_P","Defend_P","Eruption+1","Vigilance+1","Blasphemy","Perseverance+1","CrushJoints+1","FlurryOfBlows","FlurryOfBlows","Vault+1","SandsOfTime","ReachHeaven","Sanctity+1","FollowUp"],"relics":["PureWater","Du-Vu Doll","Lantern","Bag of Marbles","Sundial","Sozu","Strawberry","Toy Ornithopter"],"acts_visited":["Exordium","TheCity"],"potions_floor_usage":[11,16,16,16,23],"damage_taken":[{"damage":0,"enemies":"Small Slimes","floor":1,"turns":3},{"damage":7,"enemies":"Jaw Worm","floor":5,"turns":4},{"damage":29,"enemies":"Lagavulin","floor":7,"turns":8},{"damage":14,"enemies":"3 Sentries","floor":11,"turns":5},{"damage":0,"enemies":"Cultist","floor":12,"turns":2},{"damage":3,"enemies":"Large Slime","floor":14,"turns":3},{"damage":9,"enemies":"The Guardian","floor":16,"turns":15},{"damage":29,"enemies":"2 Thieves","floor":18,"turns":5},{"damage":0,"enemies":"Chosen","floor":22,"turns":4},{"damage":20,"enemies":"Gremlin Leader","floor":23,"turns":3},{"damage":12,"enemies":"Snake Plant","floor":25,"turns":3},{"damage":0,"enemies":"3 Cultists","floor":27,"turns":3},{"damage":5,"enemies":"Book of Stabbing","floor":30,"turns":5},{"damage":13,"enemies":"Sentry and Sphere","floor":31,"turns":6},{"damage":47,"enemies":"Collector","floor":33,"turns":4}],"seed_played":"-1459029882126850613","potions_obtained":[{"floor":1,"key":"Explosive Potion"},{"floor":7,"key":"PowerPotion"},{"floor":12,"key":"Weak Potion"},{"floor":14,"key":"Weak Potion"},{"floor":16,"key":"AttackPotion"}],"is_trial":false,"path_per_floor":["M","$","?","?","M","R","E","$","T","R","E","M","R","M","R","B",null,"M","?","?","?","M","E","R","M","T","M","R","?","E","M","R","B"],"character_chosen":"WATCHER","items_purchased":[],"campfire_rested":1,"item_purchase_floors":[],"current_hp_per_floor":[72,72,77,74,67,67,38,38,38,38,24,24,24,21,21,12,77,48,48,48,48,48,35,35,23,23,23,23,23,18,5,30,0,0],"gold":544,"neow_bonus":"TRANSFORM_CARD","is_daily":false,"chose_seed":false,"campfire_upgraded":6,"win_rate":0.0,"timestamp":1613366427,"path_taken":["M","$","?","?","M","R","E","?","T","R","E","M","R","M","R","BOSS","M","?","?","?","?","E","R","M","T","M","R","?","E","M","R","BOSS"],"items_purchased_type":[],"build_version":"2020-12-22","purchased_purges":1,"victory":false,"max_hp_per_floor":[72,72,77,77,77,77,77,77,77,77,77,77,77,77,77,77,77,77,77,77,77,77,84,84,84,84,84,84,84,84,84,84,84,84],"card_choices":[{"not_picked":["InnerPeace","Study"],"picked":"Perseverance","floor":1},{"not_picked":["Nirvana","JustLucky"],"picked":"CrushJoints","floor":5},{"not_picked":["EmptyFist","SandsOfTime"],"picked":"FlurryOfBlows","floor":7},{"not_picked":["Halt","SignatureMove"],"picked":"FlurryOfBlows","floor":11},{"not_picked":["FlurryOfBlows","Swivel","Crescendo"],"picked":"SKIP","floor":12},{"not_picked":["Weave","Prostrate","ClearTheMind"],"picked":"SKIP","floor":14},{"not_picked":["Scrawl","Alpha"],"picked":"Vault","floor":16},{"not_picked":["Weave","Consecrate+1"],"picked":"SandsOfTime","floor":18},{"not_picked":["PathToVictory","Evaluate","EmptyFist"],"picked":"SKIP","floor":22},{"not_picked":["ClearTheMind","FollowUp","CrushJoints+1"],"picked":"SKIP","floor":23},{"not_picked":["Evaluate+1","FollowUp","Crescendo"],"picked":"SKIP","floor":25},{"not_picked":["Sanctity","Nirvana","Prostrate"],"picked":"SKIP","floor":27},{"not_picked":["BattleHymn","CarveReality","ClearTheMind"],"picked":"SKIP","floor":30},{"not_picked":["ClearTheMind+1","Worship"],"picked":"FollowUp","floor":31}],"player_experience":390244,"relics_obtained":[{"floor":7,"key":"Lantern"},{"floor":9,"key":"Bag of Marbles"},{"floor":11,"key":"Sundial"},{"floor":23,"key":"Strawberry"},{"floor":30,"key":"Toy Ornithopter"}],"event_choices":[{"damage_healed":0,"gold_gain":0,"player_choice":"Donut","damage_taken":0,"max_hp_gain":5,"max_hp_loss":0,"event_name":"Big Fish","floor":3,"gold_loss":0},{"damage_healed":0,"gold_gain":0,"player_choice":"Success","damage_taken":3,"relics_obtained":["Du-Vu Doll"],"max_hp_gain":0,"max_hp_loss":0,"event_name":"Scrap Ooze","floor":4,"gold_loss":0},{"damage_healed":0,"gold_gain":0,"player_choice":"Ignored","damage_taken":0,"max_hp_gain":0,"max_hp_loss":0,"event_name":"Ghosts","floor":19,"gold_loss":0},{"damage_healed":0,"gold_gain":0,"cards_transformed":["Strike_P","Defend_P"],"player_choice":"Became Test Subject","damage_taken":0,"max_hp_gain":0,"max_hp_loss":0,"event_name":"Drug Dealer","floor":20,"gold_loss":0,"cards_obtained":["ReachHeaven","Sanctity"]},{"damage_healed":0,"gold_gain":99,"player_choice":"Stole From Cult","damage_taken":0,"max_hp_gain":0,"max_hp_loss":0,"event_name":"Nest","floor":21,"gold_loss":0},{"damage_healed":0,"gold_gain":0,"player_choice":"Ignored","damage_taken":0,"max_hp_gain":0,"max_hp_loss":0,"event_name":"Vampires","floor":29,"gold_loss":0}],"is_beta":false,"boss_relics":[{"not_picked":["Ectoplasm","Tiny House"],"picked":"Sozu"}],"items_purged_floors":[2],"is_endless":false,"potions_floor_spawned":[1,7,12,14,16,18,27,30],"killed_by":"Collector","ascension_level":2}}