{"host":"p4v0hquynnreu717","time":1613418087,"event":{"mods":["BaseMod","DeckTracker","Googly Eyes","Minty Spire (QoL Compilation)","Quick Restart","StSLib","SuperFastMode"],"gold_per_floor":[365,85,85,85,95,95,107,107,107,107,144,144,166,208,208,294,353,380,391,228,246,246,289,289,318,318,318,193,193,209,238,250,348,360,396,258,267,287,306,338,363,375,402,433,452,498,516,529,529,529,529,529,57,88,88],"floor_reached":56,"language":"ZHS","playtime":3122,"items_purged":["Strike_G","Strike_G","Strike_G","Defend_G","Defend_G"],"score":2265,"play_id":"f98699ed-85e8-43fa-9cb3-30717a987688","local_time":"20210216034127","is_ascension_mode":true,"campfire_choices":[{"data":"Concentrate","floor":6.0,"key":"SMITH"},{"data":"Reflex","floor":8.0,"key":"SMITH"},{"data":"Neutralize","floor":10.0,"key":"SMITH"},{"data":"Blade Dance","floor":12.0,"key":"SMITH"},{"data":"Prepared","floor":15.0,"key":"SMITH"},{"data":"Acrobatics","floor":24.0,"key":"SMITH"},{"data":"Reflex","floor":27.0,"key":"SMITH"},{"data":"Calculated Gamble","floor":29.0,"key":"SMITH"},{"data":"Grand Finale","floor":32.0,"key":"SMITH"},{"floor":49.0,"key":"RECALL"},{"data":"Phantasmal Killer","floor":52.0,"key":"SMITH"}],"circlet_count":0,"master_deck":["AscendersBane","Defend_G","Defend_G","Survivor","Neutralize+1","Concentrate+1","Backflip+1","Reflex+1","Blade Dance+1","Reflex+1","Venomology","Prepared+1","Grand Finale+1","Calculated Gamble+1","Acrobatics+1","Footwork","Cloak And Dagger","Malaise","Footwork+1","Accuracy","Phantasmal Killer+1","Accuracy+1","Purity","Purity"],"relics":["Ring of the Snake","OrangePellets","CeramicFish","Sundial","Tiny House","Pen Nib","WingedGreaves","MawBank","Black Star","Question Card","Blood Vial","Oddly Smooth Stone","FossilizedHelix","Unceasing Top","Incense Burner","TheAbacus","Bronze Scales","Bag of Marbles","Bag of Preparation"],"acts_visited":["Exordium","TheCity","TheBeyond","TheEnding"],"potions_floor_usage":[55,55,55],"damage_taken":[{"damage":3.0,"enemies":"2 Louse","floor":1.0,"turns":3.0},{"damage":1.0,"enemies":"Small Slimes","floor":5.0,"turns":4.0},{"damage":0.0,"enemies":"Jaw Worm","floor":7.0,"turns":5.0},{"damage":14.0,"enemies":"Gremlin Nob","floor":11.0,"turns":5.0},{"damage":0.0,"enemies":"3 Louse","floor":13.0,"turns":4.0},{"damage":22.0,"enemies":"3 Sentries","floor":14.0,"turns":11.0},{"damage":0.0,"enemies":"The Guardian","floor":16.0,"turns":15.0},{"damage":1.0,"enemies":"Spheric Guardian","floor":18.0,"turns":4.0},{"damage":6.0,"enemies":"Shell Parasite","floor":19.0,"turns":7.0},{"damage":0.0,"enemies":"Book of Stabbing","floor":23.0,"turns":4.0},{"damage":20.0,"enemies":"Slavers","floor":25.0,"turns":5.0},{"damage":0.0,"enemies":"3 Cultists","floor":30.0,"turns":1.0},{"damage":4.0,"enemies":"Book of Stabbing","floor":31.0,"turns":3.0},{"damage":5.0,"enemies":"Champ","floor":33.0,"turns":4.0},{"damage":0.0,"enemies":"3 Shapes","floor":35.0,"turns":8.0},{"damage":0.0,"enemies":"Orb Walker","floor":38.0,"turns":2.0},{"damage":0.0,"enemies":"4 Shapes","floor":39.0,"turns":1.0},{"damage":0.0,"enemies":"Reptomancer","floor":40.0,"turns":2.0},{"damage":0.0,"enemies":"3 Darklings","floor":41.0,"turns":2.0},{"damage":7.0,"enemies":"Writhing Mass","floor":42.0,"turns":4.0},{"damage":0.0,"enemies":"Giant Head","floor":44.0,"turns":2.0},{"damage":0.0,"enemies":"4 Shapes","floor":45.0,"turns":1.0},{"damage":0.0,"enemies":"2 Orb Walkers","floor":46.0,"turns":2.0},{"damage":11.0,"enemies":"Jaw Worm Horde","floor":48.0,"turns":2.0},{"damage":19.0,"enemies":"Donu and Deca","floor":50.0,"turns":3.0},{"damage":38.0,"enemies":"Shield and Spear","floor":54.0,"turns":4.0},{"damage":20,"enemies":"The Heart","floor":55,"turns":7}],"seed_played":"-263918349325293178","potions_obtained":[{"floor":5.0,"key":"EntropicBrew"},{"floor":14.0,"key":"SteroidPotion"},{"floor":16.0,"key":"Weak Potion"},{"floor":17.0,"key":"CultistPotion"},{"floor":25.0,"key":"FearPotion"},{"floor":39.0,"key":"PowerPotion"},{"floor":44.0,"key":"PowerPotion"},{"floor":54.0,"key":"GamblersBrew"}],"is_trial":false,"path_per_floor":["M","$","?","?","M","R","M","R","T","R","E","R","M","E","R","B",null,"M","M","$","?","?","E","R","E","T","R","$","R","M","E","R","B",null,"M","$","?","M","M","E","M","M","T","E","M","?","?","M","R","B",null,"R","$","E","B",null],"character_chosen":"THE_SILENT","items_purchased":["Backflip","OrangePellets","Footwork","TheAbacus","Bronze Scales"],"campfire_rested":0,"item_purchase_floors":[2,2,20,53,53],"current_hp_per_floor":[41,41,34,34,33,33,33,33,33,33,19,19,19,12,12,12,58,57,51,51,51,51,51,51,45,45,45,45,45,45,41,41,36,62,62,62,62,62,62,62,64,59,59,61,63,65,55,46,46,29,61,61,61,25,7],"gold":88,"neow_bonus":"TWO_FIFTY_GOLD","is_daily":false,"chose_seed":false,"campfire_upgraded":10,"win_rate":0.0,"timestamp":1613418087,"path_taken":["M","$","?","?","M","R","M","R","T","R","E","R","M","E","R","BOSS","M","M","$","?","?","E","R","E","T","R","$","R","M","E","R","BOSS","M","$","?","M","?","E","M","M","T","E","M","?","?","M","R","BOSS","R","$","E","BOSS"],"items_purchased_type":["Card","Relic","Card","Relic","Relic"],"build_version":"2020-12-22","purchased_purges":5,"victory":true,"max_hp_per_floor":[66,66,66,66,66,66,66,66,66,66,66,66,66,66,66,66,71,71,71,71,71,71,71,71,71,71,71,71,71,71,71,71,71,71,71,71,71,71,71,71,71,71,71,71,71,71,71,71,71,71,71,71,71,71,71],"card_choices":[{"not_picked":["Prepared","Underhanded Strike"],"picked":"Concentrate","floor":1.0},{"not_picked":["Underhanded Strike","Sucker Punch"],"picked":"Reflex","floor":5.0},{"not_picked":["Dagger Throw","Quick Slash"],"picked":"Blade Dance","floor":7.0},{"not_picked":["Cloak And Dagger","Bane"],"picked":"Reflex","floor":11.0},{"not_picked":["Flying Knee","Deflect"],"picked":"Venomology","floor":13.0},{"not_picked":["Tactician","Reflex"],"picked":"Prepared","floor":14.0},{"not_picked":["Malaise","Burst"],"picked":"Grand Finale","floor":16.0},{"not_picked":["Flying Knee","Slice"],"picked":"Calculated Gamble","floor":17.0},{"not_picked":["Cloak And Dagger","Deadly Poison"],"picked":"Acrobatics","floor":18.0},{"not_picked":["PiercingWail","Bouncing Flask","Prepared"],"picked":"SKIP","floor":19.0},{"not_picked":["Dagger Spray","Flying Knee"],"picked":"Footwork+1","floor":23.0},{"not_picked":["Reflex","Dodge and Roll","Tactician"],"picked":"SKIP","floor":25.0},{"not_picked":["Reflex","Dodge and Roll","Tactician"],"picked":"SKIP","floor":25.0},{"not_picked":["Prepared","Concentrate+1","Quick Slash+1"],"picked":"SKIP","floor":30.0},{"not_picked":["Leg Sweep","Grand Finale","Dodge and Roll"],"picked":"SKIP","floor":31.0},{"not_picked":["Night Terror","Glass Knife"],"picked":"Storm of Steel","floor":33.0},{"not_picked":["Riddle With Holes+1","Prepared"],"picked":"Accuracy","floor":35.0},{"not_picked":["Bane","PiercingWail","Dodge and Roll"],"picked":"SKIP","floor":38.0},{"not_picked":["Bane","Glass Knife","Prepared"],"picked":"SKIP","floor":39.0},{"not_picked":["Outmaneuver+1","Noxious Fumes","Blade Dance"],"picked":"SKIP","floor":40.0},{"not_picked":["Underhanded Strike","PiercingWail","Dagger Spray"],"picked":"Accuracy+1","floor":41.0},{"not_picked":["Blade Dance+1","Masterful Stab","Footwork+1","Reflex"],"picked":"SKIP","floor":42.0},{"not_picked":["Underhanded Strike","Choke","Prepared","Backflip+1"],"picked":"SKIP","floor":44.0},{"not_picked":["Dodge and Roll+1","Caltrops+1","Distraction+1","Acrobatics"],"picked":"SKIP","floor":45.0},{"not_picked":["Metamorphosis","PanicButton","Finesse"],"picked":"Purity","floor":47.0},{"not_picked":["Enlightenment","Mayhem","Dark Shackles"],"picked":"Purity","floor":47.0},{"not_picked":["Bane+1","Outmaneuver","PiercingWail","Acrobatics+1"],"picked":"SKIP","floor":48.0},{"not_picked":["Backstab","Backflip","Underhanded Strike","Deflect"],"picked":"SKIP","floor":54.0}],"player_experience":863371,"relics_obtained":[{"floor":11.0,"key":"CeramicFish"},{"floor":14.0,"key":"Sundial"},{"floor":23.0,"key":"Pen Nib"},{"floor":26.0,"key":"WingedGreaves"},{"floor":31.0,"key":"MawBank"},{"floor":40.0,"key":"Question Card"},{"floor":40.0,"key":"Blood Vial"},{"floor":43.0,"key":"Oddly Smooth Stone"},{"floor":44.0,"key":"FossilizedHelix"},{"floor":44.0,"key":"Unceasing Top"},{"floor":46.0,"key":"Incense Burner"},{"floor":54.0,"key":"Bag of Marbles"},{"floor":54.0,"key":"Bag of Preparation"}],"event_choices":[{"cards_removed":["Defend_G"],"damage_healed":0.0,"max_hp_gain":0.0,"max_hp_loss":0.0,"gold_gain":0.0,"event_name":"Golden Wing","player_choice":"Card Removal","floor":3.0,"gold_loss":0.0,"damage_taken":7.0},{"damage_healed":0.0,"max_hp_gain":0.0,"max_hp_loss":0.0,"gold_gain":0.0,"event_name":"Liars Game","player_choice":"Ignored","floor":4.0,"gold_loss":0.0,"damage_taken":0.0},{"damage_healed":0.0,"max_hp_gain":0.0,"max_hp_loss":0.0,"gold_gain":0.0,"cards_transformed":["Strike_G","Strike_G"],"event_name":"Drug Dealer","player_choice":"Became Test Subject","floor":21.0,"gold_loss":0.0,"damage_taken":0.0,"cards_obtained":["Cloak And Dagger","Malaise"]},{"damage_healed":0.0,"max_hp_gain":0.0,"max_hp_loss":0.0,"gold_gain":0.0,"event_name":"Cursed Tome","player_choice":"Ignored","floor":22.0,"gold_loss":0.0,"damage_taken":0.0},{"damage_healed":0.0,"max_hp_gain":0.0,"max_hp_loss":0.0,"gold_gain":0.0,"cards_transformed":["Storm of Steel"],"event_name":"Transmorgrifier","player_choice":"Transformed","floor":37.0,"gold_loss":0.0,"damage_taken":0.0,"cards_obtained":["Phantasmal Killer"]},{"damage_healed":0.0,"max_hp_gain":0.0,"max_hp_loss":0.0,"gold_gain":0.0,"event_name":"Mysterious Sphere","player_choice":"Fight","floor":46.0,"gold_loss":0.0,"damage_taken":0.0},{"damage_healed":0.0,"max_hp_gain":0.0,"max_hp_loss":0.0,"gold_gain":0.0,"event_name":"SensoryStone","player_choice":"Memory 3","floor":47.0,"gold_loss":0.0,"damage_taken":10.0}],"is_beta":false,"boss_relics":[{"not_picked":["Cursed Key","Snecko Eye"],"picked":"Tiny House"},{"not_picked":["Fusion Hammer","Calling Bell"],"picked":"Black Star"}],"items_purged_floors":[2,20,28,36,53],"is_endless":false,"potions_floor_spawned":[5,14,16,19,25,31,35,38,39,40,44,54],"ascension_level":15}}