{"host":"byluu0wia6muw0p7","time":1613378082,"event":{"mods":["2.2 Compatiblity","AchievementEnabler","BaseMod","Colored Map","Colored Powertips","Minty Spire (QoL Compilation)","Quick Restart","Rare Cards Sparkle","StSLib","SuperFastMode"],"gold_per_floor":[111,125,138,63,63,63,78,105,105,105,116,133,150,150,150,227,227,213,213,213,223,239,239,239,239],"floor_reached":24,"language":"KOR","playtime":905,"items_purged":[],"score":350,"play_id":"e32bb4c4-8f61-415c-bf96-0f37381e2858","local_time":"20210215173442","is_ascension_mode":true,"campfire_choices":[{"data":"Zap","floor":6.0,"key":"SMITH"},{"floor":10,"key":"REST"},{"data":"Rainbow","floor":15,"key":"SMITH"},{"floor":23,"key":"REST"}],"circlet_count":0,"master_deck":["AscendersBane","Strike_B","Strike_B","Defend_B","Defend_B","Defend_B","Defend_B","Zap+1","Dualcast","Purity","Glacier","Conserve Battery","Ball Lightning","Beam Cell","BootSequence","Rainbow+1","Capacitor","Multi-Cast","CurseOfTheBell","Doom and Gloom+1","Necronomicurse","Chill","Hologram"],"relics":["Cracked Core","Tiny Chest","Bag of Preparation","Sundial","Calling Bell","Art of War","Mercury Hourglass","Du-Vu Doll","Necronomicon"],"acts_visited":["Exordium","TheCity"],"potions_floor_usage":[16,22,24],"damage_taken":[{"damage":4.0,"enemies":"2 Louse","floor":1.0,"turns":2.0},{"damage":12.0,"enemies":"Jaw Worm","floor":2.0,"turns":3.0},{"damage":1.0,"enemies":"Cultist","floor":3.0,"turns":4.0},{"damage":8.0,"enemies":"Exordium Wildlife","floor":7.0,"turns":4.0},{"damage":20.0,"enemies":"Lagavulin","floor":8.0,"turns":7.0},{"damage":0,"enemies":"2 Fungi Beasts","floor":11,"turns":3},{"damage":0,"enemies":"3 Louse","floor":12,"turns":3},{"damage":0,"enemies":"Blue Slaver","floor":13,"turns":4},{"damage":16,"enemies":"Slime Boss","floor":16,"turns":12},{"damage":9,"enemies":"2 Thieves","floor":18,"turns":4},{"damage":0,"enemies":"Chosen","floor":21,"turns":3},{"damage":3,"enemies":"3 Cultists","floor":22,"turns":4},{"damage":33,"enemies":"Book of Stabbing","floor":24,"turns":4}],"seed_played":"3611528648348266972","potions_obtained":[{"floor":3.0,"key":"Swift Potion"},{"floor":8,"key":"BlessingOfTheForge"},{"floor":22,"key":"FearPotion"}],"is_trial":false,"path_per_floor":["M","M","M","?","?","R","M","E","T","R","M","M","M","T","R","B",null,"M","?","?","M","M","R","E"],"character_chosen":"DEFECT","items_purchased":[],"campfire_rested":2,"item_purchase_floors":[],"current_hp_per_floor":[60,48,47,47,40,40,32,12,12,33,33,33,33,33,33,17,58,49,28,28,28,25,46,13,13],"gold":239,"neow_bonus":"RANDOM_COLORLESS","is_daily":false,"chose_seed":false,"campfire_upgraded":2,"win_rate":0.0,"timestamp":1613378082,"path_taken":["M","M","M","?","?","R","M","E","T","R","M","M","M","?","R","BOSS","M","?","?","M","M","R","E"],"items_purchased_type":[],"build_version":"2020-12-22","purchased_purges":0,"victory":false,"max_hp_per_floor":[71,71,71,71,71,71,71,71,71,71,71,71,71,71,71,71,71,71,71,71,71,71,71,71,71],"card_choices":[{"not_picked":["Blind","Flash of Steel"],"picked":"Purity","floor":0.0},{"not_picked":["Blizzard","Barrage"],"picked":"Glacier","floor":1.0},{"not_picked":["Barrage","Go for the Eyes"],"picked":"Conserve Battery","floor":2.0},{"not_picked":["Go for the Eyes","Steam Power"],"picked":"Ball Lightning","floor":3.0},{"not_picked":["Recycle","White Noise"],"picked":"Beam Cell","floor":7.0},{"not_picked":["Redo","Capacitor"],"picked":"BootSequence","floor":8},{"not_picked":["Melter","Beam Cell","Redo"],"picked":"SKIP","floor":11},{"not_picked":["Streamline","Reinforced Body"],"picked":"Rainbow","floor":12},{"not_picked":["Stack","Hologram"],"picked":"Capacitor","floor":13},{"not_picked":["Machine Learning","All For One"],"picked":"Multi-Cast","floor":16},{"not_picked":["Hologram","Leap"],"picked":"Doom and Gloom+1","floor":18},{"not_picked":["Go for the Eyes+1","Steam Power"],"picked":"Chill","floor":21},{"not_picked":["Rebound","Stack"],"picked":"Hologram","floor":22}],"player_experience":376743,"relics_obtained":[{"floor":8,"key":"Tiny Chest"},{"floor":9,"key":"Bag of Preparation"},{"floor":14,"key":"Sundial"},{"floor":17,"key":"Art of War"},{"floor":17,"key":"Mercury Hourglass"},{"floor":17,"key":"Du-Vu Doll"},{"floor":19,"key":"Necronomicon"}],"event_choices":[{"cards_removed":["Strike_B"],"damage_healed":0.0,"max_hp_gain":0.0,"max_hp_loss":0.0,"gold_gain":0.0,"event_name":"The Cleric","player_choice":"Card Removal","floor":4.0,"gold_loss":75.0,"damage_taken":0.0},{"cards_removed":["Strike_B"],"damage_healed":0.0,"max_hp_gain":0.0,"max_hp_loss":0.0,"gold_gain":0.0,"event_name":"Golden Wing","player_choice":"Card Removal","floor":5.0,"gold_loss":0.0,"damage_taken":7.0},{"damage_healed":0,"gold_gain":0,"player_choice":"Obtained Book","damage_taken":21,"max_hp_gain":0,"max_hp_loss":0,"event_name":"Cursed Tome","floor":19,"gold_loss":0},{"damage_healed":0,"gold_gain":0,"player_choice":"Ignored","damage_taken":0,"max_hp_gain":0,"max_hp_loss":0,"event_name":"The Mausoleum","floor":20,"gold_loss":0}],"is_beta":false,"boss_relics":[{"not_picked":["Busted Crown","Ectoplasm"],"picked":"Calling Bell"}],"items_purged_floors":[],"is_endless":false,"potions_floor_spawned":[3,8,11,13,22],"killed_by":"Book of Stabbing","ascension_level":15}}