{"host":"mu5qkq7030l6349q","time":1613424664,"event":{"mods":["AchievementEnabler","BaseMod","Colored Powertips","Downfall","Highlight Path","Minty Spire (QoL Compilation)","Permanent Neow","Rare Cards Sparkle","StSLib"],"gold_per_floor":[0,16,29,14,114,114,114,141,3,3,0,11,0,34,54,149,149,149,168,178,191,291,291,317,317,43,57,84,104,131,131,146,250,250,250,267,278,295,295,314,337,387,413,527,527,78,78,78,90,90],"floor_reached":51,"language":"ENG","playtime":8632,"items_purged":["Slimebound:Strike_Slimebound","Parasite","Slimebound:Strike_Slimebound"],"score":750,"play_id":"a8bdf098-e017-4b31-856b-d11c6c4ec376","local_time":"20210215223104","is_ascension_mode":false,"campfire_choices":[{"data":"Slimebound:Split","floor":1.0,"key":"SMITH"},{"data":"Slimebound:LevelUp","floor":10.0,"key":"SMITH"},{"data":"Slimebound:Equalize","floor":18.0,"key":"SMITH"},{"data":"Slimebound:LeechEnergy","floor":23.0,"key":"SMITH"},{"data":"Slimebound:GoopSpray","floor":25.0,"key":"SMITH"},{"data":"Slimebound:MassRepurpose","floor":35.0,"key":"SMITH"},{"data":"Slimebound:OneTwoCombo","floor":45.0,"key":"SMITH"},{"floor":47.0,"key":"RECALL"}],"circlet_count":0,"master_deck":["Slimebound:Strike_Slimebound","Slimebound:Tackle","Slimebound:Defend_Slimebound+1","Slimebound:Defend_Slimebound","Slimebound:Defend_Slimebound","Slimebound:Defend_Slimebound","Slimebound:Split+1","Slimebound:CorrosiveSpit","Slimebound:Teamwork","Slimebound:Equalize+1","Slimebound:SplitLeeching","Slimebound:GoopSpray+1","Slimebound:LevelUp+1","Slimebound:LeadByExample","Slimebound:LeadByExample","Slimebound:RainOfGoop+1","Slimebound:LeechingTouch","Slimebound:LeechingTouch","Slimebound:RallyTheTroops","Slimebound:LeechingTouch","Slimebound:RainOfGoop+1","Slimebound:SlimeTap","Slimebound:OneTwoCombo+1","Slimebound:ForwardTackle","J.A.X.","Slimebound:LeechEnergy+1","Slimebound:Equalize","expansioncontent:QuickStudy","Slimebound:SplitMire","Slimebound:SplitBruiser","Slimebound:Schlurp+1","Slimebound:Repurpose","Slimebound:MassRepurpose+1","Slimebound:Repurpose+1","Slimebound:Schlurp","expansioncontent:YouAreMine","Slimebound:GoopSpray","Slimebound:SplitBruiser+1","Slimebound:Repurpose","Slimebound:SamplingLick+1"],"relics":["Slimebound:AbsorbEndCombat","StoneCalendar","PreservedInsect","Question Card","Regal Pillow","Runic Pyramid","MutagenicStrength","Vajra","Bag of Marbles","downfall:RedIOU","Coffee Dripper","Thread and Needle","White Beast Statue","Chemical X","Bottled Lightning"],"acts_visited":["Exordium","TheCity","TheBeyond"],"potions_floor_usage":[],"damage_taken":[{"damage":1.0,"enemies":"Cultist","floor":2.0,"turns":4.0},{"damage":1.0,"enemies":"Jaw Worm","floor":3.0,"turns":4.0},{"damage":0.0,"enemies":"downfall:FleeingMerchant","floor":4.0,"turns":4.0},{"damage":26.0,"enemies":"3 Sentries","floor":8.0,"turns":7.0},{"damage":10.0,"enemies":"downfall:FleeingMerchant","floor":9.0,"turns":4.0},{"damage":1.0,"enemies":"downfall:FleeingMerchant","floor":11.0,"turns":4.0},{"damage":0.0,"enemies":"2 Louse","floor":12.0,"turns":2.0},{"damage":13.0,"enemies":"downfall:FleeingMerchant","floor":13.0,"turns":4.0},{"damage":16.0,"enemies":"Lagavulin","floor":14.0,"turns":6.0},{"damage":1.0,"enemies":"Blue Slaver","floor":15.0,"turns":4.0},{"damage":3.0,"enemies":"SI_SHIV_ARCHETYPE","floor":16.0,"turns":7.0},{"damage":12.0,"enemies":"Shell Parasite","floor":19.0,"turns":7.0},{"damage":22.0,"enemies":"downfall:LooterAlt2","floor":20.0,"turns":6.0},{"damage":6.0,"enemies":"Centurion and Healer","floor":21.0,"turns":8.0},{"damage":44.0,"enemies":"downfall:Augmenter","floor":22.0,"turns":6.0},{"damage":11.0,"enemies":"downfall:FleeingMerchant","floor":26.0,"turns":4.0},{"damage":0.0,"enemies":"Chosen and Byrds","floor":27.0,"turns":5.0},{"damage":24.0,"enemies":"Slavers","floor":28.0,"turns":5.0},{"damage":0.0,"enemies":"Snake Plant","floor":29.0,"turns":3.0},{"damage":3.0,"enemies":"Book of Stabbing","floor":30.0,"turns":3.0},{"damage":10.0,"enemies":"Shelled Parasite and Fungi","floor":32.0,"turns":4.0},{"damage":58.0,"enemies":"DF_ARCHETYPE_CLAW","floor":33.0,"turns":8.0},{"damage":20.0,"enemies":"3 Darklings","floor":36.0,"turns":4.0},{"damage":8.0,"enemies":"3 Shapes","floor":37.0,"turns":5.0},{"damage":3.0,"enemies":"Writhing Mass","floor":38.0,"turns":5.0},{"damage":15.0,"enemies":"Sphere and 2 Shapes","floor":40.0,"turns":4.0},{"damage":0.0,"enemies":"Sphere and 2 Shapes","floor":42.0,"turns":3.0},{"damage":0.0,"enemies":"Reptomancer","floor":43.0,"turns":4.0},{"damage":0.0,"enemies":"downfall:FleeingMerchant","floor":44.0,"turns":1.0},{"damage":0.0,"enemies":"Transient","floor":49.0,"turns":5.0},{"damage":13,"enemies":"IC_BLOCK_ARCHETYPE","floor":50,"turns":8}],"seed_played":"-9181828928968251884","potions_obtained":[{"floor":2.0,"key":"Swift Potion"},{"floor":12.0,"key":"SteroidPotion"},{"floor":14.0,"key":"LiquidBronze"},{"floor":15.0,"key":"Fire Potion"},{"floor":20.0,"key":"GamblersBrew"},{"floor":27.0,"key":"Slimebound:SlimedPotion"},{"floor":28.0,"key":"hexamod:SoulburnPotion"},{"floor":29.0,"key":"SteroidPotion"},{"floor":38.0,"key":"LiquidBronze"},{"floor":42.0,"key":"FairyPotion"},{"floor":44.0,"key":"BlessingOfTheForge"}],"is_trial":false,"path_per_floor":["R","M","M","$","?","?","T","E","$","R","$","M","$","E","M","B",null,"R","M","M","M","?","R","T","R","$","M","E","M","E","?","M","B",null,"R","M","M","M","?","M","T","?","E","$","R","$","R","?","M","B",null],"character_chosen":"SLIMEBOUND","items_purchased":["Slimebound:GoopSpray","Slimebound:LevelUp","expansioncontent:QuickStudy","Chemical X","Bottled Lightning","Slimebound:Repurpose"],"campfire_rested":0,"item_purchase_floors":[9,9,26,44,46,46],"current_hp_per_floor":[65,65,65,65,65,65,65,39,37,37,44,52,51,45,56,65,65,65,65,61,65,39,39,39,39,46,65,59,63,65,65,65,15,65,65,61,59,65,55,56,56,65,65,62,62,62,62,62,62,58],"gold":90,"neow_bonus":"THREE_RARE_CARDS","is_daily":false,"chose_seed":false,"campfire_upgraded":7,"win_rate":0.0,"timestamp":1613424664,"path_taken":["R","M","M","?","?","?","T","E","?","R","$","M","$","E","M","BOSS","R","M","M","M","?","R","T","R","$","M","E","M","E","?","M","BOSS","R","M","M","M","?","M","T","?","E","?","R","$","R","?","M","BOSS"],"items_purchased_type":["Card","Card","Card","Relic","Relic","Card"],"build_version":"2020-12-22","purchased_purges":3,"victory":true,"max_hp_per_floor":[65,65,65,65,65,65,65,65,65,65,65,65,65,65,65,65,65,65,65,65,65,65,65,65,65,65,65,65,65,65,65,65,65,65,65,65,65,65,65,65,65,65,65,62,62,62,62,62,62,62],"card_choices":[{"not_picked":["Slimebound:RallyTheTroops","Slimebound:OozeBath"],"picked":"Slimebound:Teamwork","floor":0.0},{"not_picked":["Slimebound:ForwardTackle","Slimebound:GoopTackle"],"picked":"Slimebound:AcidTongue","floor":2.0},{"not_picked":["Slimebound:ComboTackle","Slimebound:PressTheAttack"],"picked":"Slimebound:AcidTongue","floor":3.0},{"not_picked":["Slimebound:GoopTackle","Slimebound:TongueLash"],"picked":"Slimebound:Equalize","floor":4.0},{"not_picked":["Slimebound:Chomp","Slimebound:ViciousTackle","Slimebound:FormOfPuddle"],"picked":"SKIP","floor":8.0},{"not_picked":["Slimebound:SamplingLick","Slimebound:ViciousTackle","Slimebound:BestDefense"],"picked":"Slimebound:SplitLeeching","floor":9.0},{"not_picked":["Slimebound:PressTheAttack","Slimebound:SplitAcid","Slimebound:ComboTackle"],"picked":"Slimebound:LeadByExample","floor":11.0},{"not_picked":["Slimebound:ItLooksTasty","Slimebound:Prepare","Slimebound:Dissolve"],"picked":"Slimebound:LeadByExample","floor":12.0},{"not_picked":["Slimebound:SplitBruiser","Slimebound:DouseInSlime","Slimebound:SplitAcid"],"picked":"Slimebound:RainOfGoop","floor":13.0},{"not_picked":["Slimebound:LeadByExample","Slimebound:HauntingLick","Slimebound:Grow"],"picked":"Slimebound:LeechingTouch","floor":14.0},{"not_picked":["Slimebound:LeadByExample","Slimebound:GoopTackle","Slimebound:FormOfPuddle"],"picked":"Slimebound:LeechingTouch","floor":15.0},{"not_picked":["Slimebound:WasteNot","Slimebound:MassFeed","Slimebound:DouseInSlime"],"picked":"Slimebound:RallyTheTroops","floor":16.0},{"not_picked":["Slimebound:SplitAcid+1","Slimebound:SplitMire","Slimebound:DisruptingSlam"],"picked":"Slimebound:LeechingTouch","floor":19.0},{"not_picked":["Slimebound:SplitAcid+1","Slimebound:FormOfPuddle+1","Slimebound:SlimeBrawl"],"picked":"Slimebound:RainOfGoop","floor":20.0},{"not_picked":["Slimebound:SplitLeeching+1","Slimebound:LeechingTouch","Slimebound:AcidTongue"],"picked":"Slimebound:SlimeTap","floor":21.0},{"not_picked":[],"picked":"J.A.X.","floor":22.0},{"not_picked":["Slimebound:FinishingTackle+1","Slimebound:GoopTackle","Slimebound:SplitMire"],"picked":"Slimebound:LeechEnergy","floor":22.0},{"not_picked":["Slimebound:PressTheAttack","Slimebound:FormOfPuddle","Slimebound:Replication"],"picked":"Slimebound:Equalize","floor":26.0},{"not_picked":["Slimebound:GrowthPunch","Slimebound:SelfFormingGoo","Slimebound:Grow+1"],"picked":"Slimebound:SplitMire","floor":27.0},{"not_picked":["Slimebound:RollThrough+1","Slimebound:SlimeBrawl+1","Slimebound:FormOfPuddle+1"],"picked":"Slimebound:SplitBruiser","floor":28.0},{"not_picked":["Slimebound:ItLooksTasty+1","Slimebound:FinishingTackle","Slimebound:GoopTackle","Slimebound:ComboTackle+1"],"picked":"SKIP","floor":29.0},{"not_picked":["Slimebound:TongueLash","Slimebound:Equalize","Slimebound:SplitLeeching"],"picked":"Slimebound:Schlurp+1","floor":30.0},{"not_picked":["Slimebound:SlimeTap","Slimebound:FinishingTackle","Slimebound:SlimeSpikes+1"],"picked":"Slimebound:Repurpose","floor":32.0},{"not_picked":["Slimebound:Teamwork","Slimebound:Overexert","Slimebound:LeechLife"],"picked":"Slimebound:MassRepurpose","floor":33.0},{"not_picked":["Slimebound:Grow","Slimebound:SplitAcid","Slimebound:DisruptingSlam","Slimebound:GoopTackle"],"picked":"SKIP","floor":36.0},{"not_picked":["Slimebound:ComboTackle+1","Slimebound:FinishingTackle","Slimebound:SplitMire+1"],"picked":"Slimebound:Repurpose+1","floor":37.0},{"not_picked":["Slimebound:AcidTongue","Slimebound:PressTheAttack+1","Slimebound:RejuvenatingLick"],"picked":"Slimebound:Schlurp","floor":38.0},{"not_picked":["expansioncontent:PolyBeam","expansioncontent:AwakenDeath"],"picked":"expansioncontent:YouAreMine","floor":39.0},{"not_picked":["Slimebound:ComboTackle","Slimebound:RollThrough+1","Slimebound:GoopTackle"],"picked":"Slimebound:GoopSpray","floor":40.0},{"not_picked":["Slimebound:Dissolve+1","Slimebound:MegaLick","Slimebound:GoopTackle+1"],"picked":"Slimebound:SplitBruiser+1","floor":42.0},{"not_picked":["Slimebound:OozeBath","Slimebound:HauntingLick+1","Slimebound:ViciousTackle+1","Slimebound:FormOfPuddle"],"picked":"SKIP","floor":43.0},{"not_picked":["Slimebound:Chomp","Slimebound:LeechingTouch","Slimebound:HauntingLick","Slimebound:SplitBruiser"],"picked":"SKIP","floor":44.0},{"not_picked":["Slimebound:FinishingTackle+1","Slimebound:HauntingLick","Slimebound:Prepare"],"picked":"Slimebound:SamplingLick+1","floor":49.0}],"player_experience":23660,"relics_obtained":[{"floor":7.0,"key":"PreservedInsect"},{"floor":8.0,"key":"Question Card"},{"floor":14.0,"key":"Regal Pillow"},{"floor":22.0,"key":"MutagenicStrength"},{"floor":24.0,"key":"War Paint"},{"floor":28.0,"key":"Vajra"},{"floor":30.0,"key":"Bag of Marbles"},{"floor":42.0,"key":"Thread and Needle"},{"floor":43.0,"key":"White Beast Statue"}],"event_choices":[{"damage_healed":0.0,"max_hp_gain":0.0,"max_hp_loss":0.0,"gold_gain":0.0,"event_name":"Accursed Blacksmith","player_choice":"Forge","floor":48.0,"gold_loss":0.0,"damage_taken":0.0,"cards_upgraded":["Slimebound:RainOfGoop"]}],"is_beta":false,"boss_relics":[{"not_picked":["Cursed Key","Busted Crown"],"picked":"Runic Pyramid"},{"not_picked":["Runic Dome","SlaversCollar"],"picked":"Coffee Dripper"}],"items_purged_floors":[26,44,46],"is_endless":false,"potions_floor_spawned":[2,12,14,15,16,20,21,27,28,29,38,42,44,49],"ascension_level":0}}