{"host":"kmq7aw60w430zvtx","time":1613388936,"event":{"mods":["BaseMod","Downfall","GifTheSpireLib","Hermit","Hubris","Infinite Spire","Minty Spire (QoL Compilation)","Reliquary","Replay The Spire","Spire Arcade","StSLib","The Construct","The Cursed","The Hierophant","The Jungle","The Necromancer","The Runesmith"],"gold_per_floor":[117,135,135,148,160,195,195,228,252,265,265,9,29,29,29,134,134,148,132,132,145,145,145,145,145,145,171,198,249,259,275,275,373,373,393,72,72,72,82,82,97,97,97,117,136,136,192,207,207,207,207,207,0,30,30],"floor_reached":56,"language":"ENG","playtime":3109,"items_purged":["hermit:OverwhelmingPower","hubris:Sloth","Normality"],"score":1323,"play_id":"efdd1f8d-a0b9-4f80-9169-8447328cb5a8","local_time":"20210215123535","is_ascension_mode":true,"campfire_choices":[{"floor":7.0,"key":"RECALL"},{"floor":15.0,"key":"REST"},{"floor":23,"key":"REST"},{"floor":25,"key":"REST"},{"floor":32,"key":"DIG"},{"data":"hermit:Determination","floor":40,"key":"SMITH"},{"data":"hermit:Gestalt","floor":42,"key":"SMITH"},{"floor":46,"key":"REST"},{"data":"hermit:LoneWolf","floor":49,"key":"SMITH"},{"data":"hermit:Coalescence","floor":52,"key":"SMITH"}],"circlet_count":0,"master_deck":["hermit:Strike_Hermit","hermit:Strike_Hermit","hermit:Defend_Hermit","hermit:Defend_Hermit","hermit:Snapshot","hermit:Covet+1","hermit:SprayPray","hermit:LowProfile","Pain","hermit:TakeCover","hermit:LoneWolf+1","hermit:Gestalt+1","hermit:Determination+1","hermit:ShadowCloak+1","hermit:Coalescence+1","hermit:FinalCanter","hubris:Despair","ReplayTheSpireMod:IOU","hermit:WideOpen","hermit:Feint","hermit:SprayPray","Parasite","infinitespire:Punishment+1","downfall:Haunted","hermit:Deadeye","Injury","hermit:LowProfile+1","hermit:Grudge","hermit:FatalDesire+1","hermit:Deadeye+1","ReplayTheSpireMod:Brewmster+1","hermit:Grudge","Replay:Parry","hermit:Grudge","hermit:GhostlyPresence+1","hermit:Spite+1","hermit:SprayPray","hermit:CalledShot","hermit:Quickdraw+1","Parasite","hermit:LowProfile+1","hermit:Malice"],"relics":["hermit:Momento","WarpedTongs","Art of War","Smiling Mask","Letter Opener","Potion Belt","Kintsugi","Cursed Key","reliquary:Bookmark","Mirror","Frozen Egg 2","Replay:Wax Seal","reliquary:Buckler","Simple Rune","Blue Doll","hubris:ScarierMask","Omamori","reliquary:PorcupineQuills","Toolbox","Replay:Arrowhead"],"acts_visited":["Exordium","TheCity","TheBeyond","TheEnding"],"potions_floor_usage":[41,44,45,48,50,50,50,50,50,50,55,55,55,55,55,55,55,55],"damage_taken":[{"damage":1.0,"enemies":"Cultist","floor":1.0,"turns":4.0},{"damage":3.0,"enemies":"2 Louse","floor":2.0,"turns":3.0},{"damage":11.0,"enemies":"Jaw Worm","floor":4.0,"turns":2.0},{"damage":0.0,"enemies":"Exordium Wildlife","floor":5.0,"turns":2.0},{"damage":20.0,"enemies":"Replay:BlueRogue","floor":6.0,"turns":10.0},{"damage":12.0,"enemies":"Lagavulin","floor":8.0,"turns":10.0},{"damage":7.0,"enemies":"Blue Slaver","floor":10.0,"turns":4.0},{"damage":4.0,"enemies":"Looter","floor":13.0,"turns":4.0},{"damage":38.0,"enemies":"Hexaghost","floor":16.0,"turns":12.0},{"damage":23.0,"enemies":"3 Byrds","floor":18.0,"turns":6.0},{"damage":24.0,"enemies":"2 Thieves","floor":19.0,"turns":4.0},{"damage":18.0,"enemies":"3 Cultists","floor":21.0,"turns":7.0},{"damage":8,"enemies":"Replay:Snechameleon","floor":28,"turns":4},{"damage":8,"enemies":"Snecko","floor":30,"turns":3},{"damage":3,"enemies":"Snake Plant","floor":31,"turns":3},{"damage":26,"enemies":"Collector","floor":33,"turns":8},{"damage":7,"enemies":"3 Darklings","floor":35,"turns":3},{"damage":3,"enemies":"Orb Walker","floor":39,"turns":3},{"damage":0,"enemies":"4 Shapes","floor":41,"turns":4},{"damage":13,"enemies":"Jaw Worm Horde","floor":44,"turns":3},{"damage":1,"enemies":"Transient","floor":45,"turns":5},{"damage":9,"enemies":"Writhing Mass","floor":48,"turns":5},{"damage":44,"enemies":"Awakened One","floor":50,"turns":11},{"damage":3,"enemies":"Shield and Spear","floor":54,"turns":4},{"damage":97,"enemies":"The Heart","floor":55,"turns":9}],"seed_played":"2692208580188820730","potions_obtained":[{"floor":2.0,"key":"Doom Potion"},{"floor":5.0,"key":"PowerPotion"},{"floor":6.0,"key":"LifebloodPotion"},{"floor":13.0,"key":"Adrenaline Potion"},{"floor":18.0,"key":"SteroidPotion"},{"floor":21,"key":"LiquidBronze"},{"floor":28,"key":"BlessingOfTheForge"},{"floor":44,"key":"Strength Potion"},{"floor":47,"key":"FairyPotion"},{"floor":47,"key":"Adrenaline Potion"},{"floor":47,"key":"DistilledChaos"},{"floor":48,"key":"sneckomod:MuddlingPotion"},{"floor":54,"key":"Strength Potion"}],"is_trial":false,"path_per_floor":["M","M","?","M","M","E","R","E","T","M","?","$","M","T","R","B",null,"M","M","AVR","M","?","R","?","R","T","T","E","T","M","M","R","B",null,"M","$","?","?","M","R","M","R","T","M","M","R","?","M","R","B",null,"R","$","E","B",null],"character_chosen":"HERMIT","items_purchased":["Letter Opener","ReplayTheSpireMod:Brewmster+1","hermit:Grudge","Toolbox"],"campfire_rested":4,"item_purchase_floors":[12,36,36,53],"current_hp_per_floor":[74,71,71,60,60,40,40,28,28,21,21,21,17,17,39,1,75,52,28,28,10,10,32,32,54,54,54,46,46,38,35,35,9,75,68,68,68,68,65,65,65,65,65,52,51,73,73,64,64,29,75,75,75,72,17],"gold":30,"neow_bonus":"ONE_RANDOM_RARE_CARD","is_daily":false,"chose_seed":false,"campfire_upgraded":4,"win_rate":0.0,"timestamp":1613388935,"path_taken":["M","?","?","M","?","E","R","E","T","M","?","?","M","?","R","BOSS","M","M","AVR","M","?","R","?","R","T","?","E","?","M","M","R","BOSS","M","$","?","?","M","R","?","R","T","M","M","R","?","M","R","BOSS","R","$","E","BOSS"],"items_purchased_type":["Relic","Card","Card","Relic"],"build_version":"2020-12-22","purchased_purges":3,"victory":true,"max_hp_per_floor":[75,75,75,75,75,75,75,75,75,75,75,75,75,75,75,75,75,75,75,75,75,75,75,75,75,75,75,75,75,75,75,75,75,75,75,75,75,75,75,75,75,75,75,75,75,75,75,75,75,75,75,75,75,75,75],"card_choices":[{"not_picked":["hermit:Virtue","hermit:Combo"],"picked":"hermit:SprayPray","floor":1.0},{"not_picked":["hermit:ItchyTrigger","hermit:Deadeye"],"picked":"hermit:LowProfile","floor":2.0},{"not_picked":["hermit:ItchyTrigger","hermit:Dive"],"picked":"hermit:TakeCover","floor":4.0},{"not_picked":["hermit:Dive","hermit:DeadOrAlive"],"picked":"hermit:LoneWolf","floor":5.0},{"not_picked":["hermit:NoHoldsBarred","hermit:HighCaliber"],"picked":"hermit:Gestalt","floor":6.0},{"not_picked":["hermit:Misfire","hermit:Horror"],"picked":"hermit:Determination","floor":8.0},{"not_picked":["hermit:Manifest","hermit:Roulette"],"picked":"hermit:ShadowCloak","floor":10.0},{"not_picked":["hermit:Dive","hermit:CalledShot"],"picked":"hermit:Coalescence","floor":13.0},{"not_picked":["hermit:Purgatory","hermit:Gambit"],"picked":"hermit:FinalCanter","floor":16.0},{"not_picked":["hermit:Showdown","hermit:FullyLoaded"],"picked":"hermit:WideOpen","floor":18.0},{"not_picked":["hermit:Desperado+1","hermit:BodyArmor"],"picked":"hermit:Feint","floor":19.0},{"not_picked":["hermit:DeadMansHand+1","hermit:TrackingShot+1"],"picked":"hermit:SprayPray","floor":21},{"not_picked":["infinitespire:SevenWalls","infinitespire:Menacing"],"picked":"infinitespire:Punishment","floor":24},{"not_picked":["hermit:Shortfuse","hermit:Dive"],"picked":"hermit:Deadeye","floor":28},{"not_picked":["hermit:TakeCover","hermit:GhostlyPresence"],"picked":"hermit:LowProfile+1","floor":30},{"not_picked":["hermit:HighCaliber","hermit:GhostlyPresence"],"picked":"hermit:Grudge","floor":31},{"not_picked":["hermit:HeroicBravado","hermit:Reprieve"],"picked":"hermit:FatalDesire+1","floor":33},{"not_picked":["hermit:WideOpen","hermit:Dive+1"],"picked":"hermit:Deadeye+1","floor":35},{"not_picked":["hermit:Combo+1","hermit:HighCaliber"],"picked":"hermit:GhostlyPresence+1","floor":39},{"not_picked":["hermit:NoHoldsBarred+1","hermit:ItchyTrigger+1"],"picked":"hermit:Spite+1","floor":41},{"not_picked":["hermit:Roulette+1","hermit:EyeOfTheStorm+1"],"picked":"hermit:SprayPray","floor":44},{"not_picked":["hermit:BodyArmor","hermit:Desperado"],"picked":"hermit:CalledShot","floor":45},{"not_picked":["hermit:TakeAim+1","hermit:ItchyTrigger+1"],"picked":"hermit:Quickdraw+1","floor":47},{"not_picked":["hermit:ItchyTrigger","hermit:FullyLoaded+1"],"picked":"hermit:LowProfile+1","floor":48},{"not_picked":["hermit:Ricochet+1","hermit:HoleUp"],"picked":"hermit:Malice","floor":54}],"player_experience":369426,"relics_obtained":[{"floor":6.0,"key":"Art of War"},{"floor":8.0,"key":"Smiling Mask"},{"floor":14.0,"key":"Potion Belt"},{"floor":26,"key":"Frozen Egg 2"},{"floor":27,"key":"Replay:Wax Seal"},{"floor":28,"key":"reliquary:Buckler"},{"floor":29,"key":"Simple Rune"},{"floor":32,"key":"Blue Doll"},{"floor":43,"key":"reliquary:PorcupineQuills"},{"floor":54,"key":"Replay:Arrowhead"}],"event_choices":[{"damage_healed":0.0,"max_hp_gain":0.0,"max_hp_loss":0.0,"gold_gain":0.0,"event_name":"Accursed Blacksmith","player_choice":"Rummage","floor":3.0,"gold_loss":0.0,"damage_taken":0.0,"relics_obtained":["WarpedTongs"],"cards_obtained":["Pain"]},{"damage_healed":0,"gold_gain":0,"player_choice":"2 cards matched","damage_taken":0,"max_hp_gain":0,"max_hp_loss":0,"event_name":"Match and Keep!","floor":37,"gold_loss":0,"cards_obtained":["Replay:Parry","hermit:Grudge"]},{"damage_healed":0,"gold_gain":0,"player_choice":"Gave Potion","damage_taken":0,"relics_obtained":["Omamori"],"max_hp_gain":0,"max_hp_loss":0,"event_name":"WeMeetAgain","floor":38,"gold_loss":0}],"is_beta":false,"boss_relics":[{"not_picked":["hubris:Stopwatch","hubris:VirtuousBlindfold"],"picked":"Kintsugi"},{"not_picked":["Fusion Hammer","Velvet Choker"],"picked":"hubris:ScarierMask"}],"items_purged_floors":[20,36,53],"is_endless":false,"potions_floor_spawned":[2,5,6,13,18,21,28,44,48,54],"ascension_level":1}}