{"host":"3jpcvpprzj9sjffh","time":1613398427,"event":{"mods":["AchievementEnabler","BaseMod","Colored Map","Minty Spire (QoL Compilation)","Rare Cards Sparkle","SuperFastMode","everything is the same but u backflip on backflip"],"gold_per_floor":[112,35,47,47,57,57,85,95,95,106,106,78,90,101,101,101,101],"floor_reached":16,"language":"KOR","playtime":891,"items_purged":[],"score":106,"play_id":"4f075d53-0280-4340-8750-8f0334d6aed4","local_time":"20210215231347","is_ascension_mode":false,"campfire_choices":[{"floor":6,"key":"REST"},{"floor":11,"key":"REST"},{"data":"Barricade","floor":15,"key":"SMITH"}],"circlet_count":0,"master_deck":["Strike_R","Strike_R","Strike_R","Strike_R","Strike_R","Defend_R","Defend_R","Defend_R","Defend_R","Bash","Barricade+1","True Grit","Second Wind","Entrench","Bloodletting","Cleave","Shrug It Off","Shockwave"],"relics":["Burning Blood","Paper Frog","Meat on the Bone"],"acts_visited":["Exordium"],"potions_floor_usage":[7,8,16],"damage_taken":[{"damage":15,"enemies":"Jaw Worm","floor":1,"turns":4},{"damage":14,"enemies":"Cultist","floor":3,"turns":5},{"damage":11,"enemies":"2 Louse","floor":5,"turns":3},{"damage":51,"enemies":"3 Sentries","floor":7,"turns":14},{"damage":6,"enemies":"Large Slime","floor":8,"turns":21},{"damage":20,"enemies":"Looter","floor":10,"turns":5},{"damage":27,"enemies":"Exordium Thugs","floor":12,"turns":5},{"damage":18,"enemies":"Large Slime","floor":13,"turns":17},{"damage":13,"enemies":"Red Slaver","floor":14,"turns":11},{"damage":51,"enemies":"Hexaghost","floor":16,"turns":18}],"seed_played":"-8303328394727453735","potions_obtained":[{"floor":5,"key":"ColorlessPotion"},{"floor":7,"key":"Regen Potion"},{"floor":12,"key":"Energy Potion"}],"is_trial":false,"path_per_floor":["M","$","M","$","M","R","E","M","T","M","R","M","M","M","R","B"],"character_chosen":"IRONCLAD","items_purchased":["Second Wind"],"campfire_rested":2,"item_purchase_floors":[2],"current_hp_per_floor":[47,47,39,39,34,58,13,28,28,26,50,41,41,46,46,0,0],"gold":101,"neow_bonus":"THREE_RARE_CARDS","is_daily":false,"chose_seed":false,"campfire_upgraded":1,"win_rate":0.0,"timestamp":1613398427,"path_taken":["M","$","M","$","M","R","E","M","T","M","R","M","M","M","R","BOSS"],"items_purchased_type":["Card"],"build_version":"2020-12-22","purchased_purges":0,"victory":false,"max_hp_per_floor":[80,80,80,80,80,80,80,80,80,80,80,80,80,80,80,80,80],"card_choices":[{"not_picked":["Corruption","Fiend Fire"],"picked":"Barricade","floor":0},{"not_picked":["Clothesline","Anger"],"picked":"True Grit","floor":1},{"not_picked":["Blood for Blood","Thunderclap"],"picked":"Entrench","floor":3},{"not_picked":["Rage","Dark Embrace","Headbutt"],"picked":"SKIP","floor":5},{"not_picked":["Rupture","True Grit"],"picked":"Bloodletting","floor":7},{"not_picked":["Clash","Headbutt"],"picked":"Cleave","floor":8},{"not_picked":["Corruption","Thunderclap"],"picked":"Shrug It Off","floor":10},{"not_picked":["Shockwave","Cleave","Havoc"],"picked":"SKIP","floor":12},{"not_picked":["Cleave","Havoc"],"picked":"Shockwave","floor":12},{"not_picked":["Sword Boomerang","Shrug It Off","Anger"],"picked":"SKIP","floor":13},{"not_picked":["Limit Break","Warcry","Perfected Strike"],"picked":"SKIP","floor":14}],"player_experience":331895,"relics_obtained":[{"floor":7,"key":"Paper Frog"},{"floor":9,"key":"Meat on the Bone"}],"event_choices":[],"is_beta":false,"boss_relics":[],"items_purged_floors":[],"is_endless":false,"potions_floor_spawned":[5,7,12],"killed_by":"Hexaghost","ascension_level":0}}