{"host":"0rxdudjy6rylha1k","time":1613362629,"event":{"mods":["Aspiration","BaseMod","Colored Map","Colored Powertips","Downfall","Highlight Path","Hubris","Minty Spire (QoL Compilation)","StSLib"],"gold_per_floor":[0,15,33,63,63,63,63,76,76,95,115,215,15,77,96,200,200,200,212,224,240,303,372,446,513,538,556,590,640,710,710,710,710],"floor_reached":31,"language":"ENG","playtime":7105,"items_purged":[],"score":328,"play_id":"843d9888-f830-4041-976d-417169555dd4","local_time":"20210214211709","is_ascension_mode":true,"campfire_choices":[{"floor":1.0,"key":"RECALL"},{"data":"bronze:InfiniteLoop","floor":6.0,"key":"SMITH"},{"data":"bronze:Fortify","floor":9.0,"key":"SMITH"},{"floor":13.0,"key":"REST"},{"data":"bronze:Format","floor":18.0,"key":"SMITH"}],"circlet_count":0,"master_deck":["bronze:Strike","bronze:Strike","bronze:Strike","bronze:Strike","bronze:Defend","bronze:Defend","bronze:Defend","bronze:Defend","bronze:Replicate","bronze:Goto","bronze:InfiniteLoop+1","bronze:Fortify+1","bronze:Shield","bronze:InfiniteBeams+1","bronze:Format+1","bronze:CleanCode+1","bronze:OilSpill","bronze:FineTuning","bronze:DelayedSlice+1","bronze:FineTuning","bronze:ChildClass+1"],"relics":["bronze:BronzeCore","Frozen Egg 2","downfall:CloakOfManyFaces","CultistMask","FaceOfCleric","NlothsMask","GremlinMask","SsserpentHead","downfall:HeartBlessingRed","downfall:HeartBlessingBlue","aspiration:PoetsPen_weak","Ancient Tea Set","hubris:Potato"],"acts_visited":["Exordium","TheCity"],"potions_floor_usage":[30],"damage_taken":[{"damage":0.0,"enemies":"Cultist","floor":2.0,"turns":2.0},{"damage":7.0,"enemies":"2 Louse","floor":3.0,"turns":3.0},{"damage":1.0,"enemies":"Small Slimes","floor":8.0,"turns":3.0},{"damage":10.0,"enemies":"Exordium Thugs","floor":10.0,"turns":4.0},{"damage":10.0,"enemies":"Exordium Wildlife","floor":11.0,"turns":4.0},{"damage":33.0,"enemies":"downfall:FaceTrader","floor":12.0,"turns":10.0},{"damage":0.0,"enemies":"2 Fungi Beasts","floor":14.0,"turns":3.0},{"damage":6.0,"enemies":"Blue Slaver","floor":15.0,"turns":4.0},{"damage":34.0,"enemies":"SI_SHIV_ARCHETYPE","floor":16.0,"turns":8.0},{"damage":0.0,"enemies":"downfall:LooterAlt2","floor":19.0,"turns":5.0},{"damage":0.0,"enemies":"3 Byrds","floor":20.0,"turns":3.0},{"damage":9.0,"enemies":"Centurion and Healer","floor":21.0,"turns":4.0},{"damage":0.0,"enemies":"3 Cultists","floor":22.0,"turns":4.0},{"damage":8.0,"enemies":"Snecko","floor":23.0,"turns":4.0},{"damage":11.0,"enemies":"Cultist and Chosen","floor":25.0,"turns":5.0},{"damage":29.0,"enemies":"Slavers","floor":26.0,"turns":3.0},{"damage":8.0,"enemies":"3 Cultists","floor":27.0,"turns":4.0},{"damage":17.0,"enemies":"Gremlin Leader","floor":28.0,"turns":5.0},{"damage":0,"enemies":"Snecko","floor":30,"turns":3},{"damage":33,"enemies":"Slavers","floor":31,"turns":1}],"seed_played":"-4621295640252107076","potions_obtained":[{"floor":3.0,"key":"Explosive Potion"},{"floor":12.0,"key":"bronze:FreeFunctionsPotion"},{"floor":14.0,"key":"Swift Potion"},{"floor":15.0,"key":"bronze:BuildAFunctionPotion"},{"floor":20.0,"key":"BlessingOfTheForge"},{"floor":22.0,"key":"Energy Potion"},{"floor":25.0,"key":"Strength Potion"},{"floor":26.0,"key":"SkillPotion"},{"floor":28.0,"key":"Ancient Potion"}],"is_trial":false,"path_per_floor":["R","M","M","?","?","R","T","M","R","M","M","?","R","M","M","B",null,"R","M","M","M","M","M","T","M","E","M","E","?","M","E"],"character_chosen":"THE_AUTOMATON","items_purchased":[],"campfire_rested":1,"item_purchase_floors":[],"current_hp_per_floor":[70,70,63,63,63,63,63,62,62,52,42,9,43,44,39,6,83,83,84,85,77,78,71,71,61,33,26,10,19,20,0,0,0],"gold":710,"neow_bonus":"THREE_RARE_CARDS","is_daily":false,"chose_seed":false,"campfire_upgraded":3,"win_rate":0.0,"timestamp":1613362629,"path_taken":["R","M","M","?","?","R","T","M","R","M","?","?","R","?","M","BOSS","R","M","M","M","?","?","T","?","E","M","E","?","?","E"],"items_purchased_type":[],"build_version":"2020-12-22","purchased_purges":0,"victory":false,"max_hp_per_floor":[70,70,70,70,70,70,70,70,70,70,70,70,80,81,82,83,83,83,84,85,86,87,88,88,89,90,91,92,92,93,93,93,93],"card_choices":[{"not_picked":["bronze:BurnOut","bronze:RecursiveStrike"],"picked":"bronze:InfiniteLoop","floor":0.0},{"not_picked":["bronze:WildBeam","bronze:WhirlingStrike"],"picked":"bronze:BitShift","floor":2.0},{"not_picked":["bronze:Constructor","bronze:OilSpill"],"picked":"bronze:Fortify","floor":3.0},{"not_picked":["bronze:BitShift","bronze:Allocate"],"picked":"bronze:Shield","floor":8.0},{"not_picked":["bronze:Turbo","bronze:Invalidate"],"picked":"bronze:InfiniteBeams+1","floor":10.0},{"not_picked":["bronze:Invalidate","bronze:ForLoop","bronze:NullPointer"],"picked":"SKIP","floor":11.0},{"not_picked":["bronze:Iterate","bronze:Separator"],"picked":"bronze:Format","floor":14.0},{"not_picked":["bronze:Deprecate","bronze:Branch","bronze:Separator"],"picked":"SKIP","floor":15.0},{"not_picked":["bronze:ThunderWave","bronze:Hardcode+1"],"picked":"bronze:CleanCode+1","floor":16.0},{"not_picked":["bronze:Shell","bronze:Overheat"],"picked":"bronze:OilSpill","floor":19.0},{"not_picked":["bronze:DigitalCarnage","bronze:Separator"],"picked":"bronze:FineTuning","floor":20.0},{"not_picked":["bronze:Overheat","bronze:WhirlingStrike+1","bronze:Branch"],"picked":"SKIP","floor":21.0},{"not_picked":["bronze:ShipIt","bronze:Philosophize+1","bronze:WhirlingStrike"],"picked":"SKIP","floor":22.0},{"not_picked":["bronze:BitShift","bronze:WhirlingStrike"],"picked":"bronze:DelayedSlice+1","floor":23.0},{"not_picked":["bronze:CutThrough","bronze:Invalidate"],"picked":"bronze:FineTuning","floor":25.0},{"not_picked":["bronze:BuggyMess+1","bronze:DigitalCarnage"],"picked":"bronze:ChildClass+1","floor":26.0},{"not_picked":["bronze:Overheat","bronze:Safeguard","bronze:DelayedGuard"],"picked":"SKIP","floor":27.0},{"not_picked":["bronze:Iterate","bronze:Return","bronze:TinkerersToolbox"],"picked":"SKIP","floor":28.0},{"not_picked":["bronze:Separator","bronze:ChildClass+1","bronze:ForLoop"],"picked":"SKIP","floor":30}],"player_experience":2948226,"relics_obtained":[{"floor":12.0,"key":"downfall:CloakOfManyFaces"},{"floor":26.0,"key":"Ancient Tea Set"},{"floor":28.0,"key":"hubris:Potato"}],"event_choices":[],"is_beta":false,"boss_relics":[{"not_picked":["aspiration:FutureDiary","aspiration:DefectSkillbook"],"picked":"aspiration:PoetsPen_weak"}],"items_purged_floors":[],"is_endless":false,"potions_floor_spawned":[3,12,14,15,20,22,25,26,28],"killed_by":"Slavers","ascension_level":2}}