{"host":"r6lqs70fdfl5jnjl","time":1613380028,"event":{"mods":["Act Like it!","BaseMod","Minty Spire (QoL Compilation)","StSLib"],"gold_per_floor":[109,109,89,18,33,33,68,68,118,137,137,173,187,210,210,333,333,357,1,1,1,25,25,56,69,120,132,165,190,225,237,237],"floor_reached":31,"language":"ZHS","playtime":1476,"items_purged":[],"score":292,"play_id":"c833ee24-32f6-4a5b-b07e-a4e88a3d0354","local_time":"20210215170708","is_ascension_mode":false,"campfire_choices":[{"floor":6.0,"key":"RECALL"},{"data":"Noxious Fumes","floor":11.0,"key":"SMITH"},{"floor":15.0,"key":"REST"},{"data":"Night Terror","floor":23.0,"key":"SMITH"},{"floor":27.0,"key":"REST"}],"circlet_count":0,"master_deck":["Strike_G+1","Strike_G+1","Strike_G+1","Strike_G+1","Defend_G+1","Defend_G+1","Defend_G+1","Defend_G+1","Defend_G+1","Survivor","Neutralize","Bouncing Flask","Noxious Fumes+1","Bane","Deadly Poison","Deadly Poison","Night Terror+1","Storm of Steel","Outmaneuver+1","Apotheosis+1","Malaise+1","Infinite Blades+1","Noxious Fumes+1","Caltrops+1","Backflip+1"],"relics":["Ring of the Serpent","NeowsBlessing","Golden Idol","Nunchaku","Frozen Egg 2","Membership Card","Toxic Egg 2","Omamori","MawBank"],"acts_visited":["Exordium","TheCity"],"potions_floor_usage":[31],"damage_taken":[{"damage":0.0,"enemies":"Small Slimes","floor":1.0,"turns":1.0},{"damage":0.0,"enemies":"2 Louse","floor":5.0,"turns":1.0},{"damage":0.0,"enemies":"Lagavulin","floor":7.0,"turns":1.0},{"damage":6.0,"enemies":"Cultist","floor":10.0,"turns":3.0},{"damage":8.0,"enemies":"Gremlin Nob","floor":12.0,"turns":3.0},{"damage":10.0,"enemies":"Looter","floor":13.0,"turns":2.0},{"damage":6.0,"enemies":"Exordium Thugs","floor":14.0,"turns":4.0},{"damage":35.0,"enemies":"The Guardian","floor":16.0,"turns":8.0},{"damage":0.0,"enemies":"Chosen","floor":18.0,"turns":4.0},{"damage":2.0,"enemies":"Spheric Guardian","floor":22.0,"turns":4.0},{"damage":60.0,"enemies":"Slavers","floor":24.0,"turns":6.0},{"damage":3.0,"enemies":"Snecko","floor":25.0,"turns":5.0},{"damage":6.0,"enemies":"Snake Plant","floor":28.0,"turns":5.0},{"damage":1.0,"enemies":"Centurion and Healer","floor":29.0,"turns":6.0},{"damage":16.0,"enemies":"3 Cultists","floor":30.0,"turns":6.0},{"damage":5,"enemies":"Snake Plant","floor":31,"turns":1}],"seed_played":"6475392956538520438","potions_obtained":[{"floor":3.0,"key":"SkillPotion"},{"floor":10.0,"key":"Strength Potion"},{"floor":12.0,"key":"Weak Potion"},{"floor":13.0,"key":"AttackPotion"},{"floor":18.0,"key":"GamblersBrew"},{"floor":28.0,"key":"Strength Potion"}],"is_trial":false,"path_per_floor":["M","?","?","$","M","R","E","?","T","M","R","E","M","M","R","B",null,"M","$","?","?","M","R","E","M","T","R","M","M","M","M"],"character_chosen":"THE_SILENT","items_purchased":["Noxious Fumes","Membership Card","Toxic Egg 2","Apotheosis+1"],"campfire_rested":2,"item_purchase_floors":[4,19,19,19],"current_hp_per_floor":[70,53,53,53,53,53,53,53,53,47,47,39,29,23,44,9,70,70,70,70,70,68,68,8,5,5,26,20,19,3,0,0],"gold":237,"neow_bonus":"THREE_ENEMY_KILL","is_daily":false,"chose_seed":false,"campfire_upgraded":2,"win_rate":0.0,"timestamp":1613380028,"path_taken":["M","?","?","$","?","R","E","?","T","M","R","E","M","M","R","BOSS","M","$","?","?","M","R","E","?","T","R","M","M","?","?"],"items_purchased_type":["Card","Relic","Relic","Card"],"build_version":"2020-12-22","purchased_purges":0,"victory":false,"max_hp_per_floor":[70,70,70,70,70,70,70,70,70,70,70,70,70,70,70,70,70,70,70,70,70,70,70,70,70,70,70,70,70,70,70,70],"card_choices":[{"not_picked":["PiercingWail","Escape Plan"],"picked":"Bouncing Flask","floor":1.0},{"not_picked":["Crippling Poison","Masterful Stab"],"picked":"Bane","floor":5.0},{"not_picked":["Wraith Form v2","Masterful Stab","Deflect"],"picked":"SKIP","floor":7.0},{"not_picked":["Distraction","Flying Knee"],"picked":"Deadly Poison","floor":10.0},{"not_picked":["Sucker Punch","Slice","All Out Attack"],"picked":"SKIP","floor":12.0},{"not_picked":["Dash","Eviscerate"],"picked":"Deadly Poison","floor":13.0},{"not_picked":["Sucker Punch","Bane"],"picked":"Night Terror","floor":14.0},{"not_picked":["Night Terror","Die Die Die"],"picked":"Storm of Steel","floor":16.0},{"not_picked":["Slice","Tactician"],"picked":"Outmaneuver+1","floor":18.0},{"not_picked":["Poisoned Stab","Outmaneuver+1","Endless Agony"],"picked":"SKIP","floor":22.0},{"not_picked":["Prepared+1","Accuracy+1"],"picked":"Malaise+1","floor":24.0},{"not_picked":["Backflip+1","Terror+1"],"picked":"Infinite Blades+1","floor":25.0},{"not_picked":["Flying Knee","Blade Dance+1"],"picked":"Noxious Fumes+1","floor":28.0},{"not_picked":["Riddle With Holes","Predator"],"picked":"Caltrops+1","floor":29.0},{"not_picked":["Choke+1","Poisoned Stab"],"picked":"Backflip+1","floor":30.0}],"player_experience":37892,"relics_obtained":[{"floor":7.0,"key":"Nunchaku"},{"floor":12.0,"key":"Frozen Egg 2"},{"floor":24.0,"key":"Omamori"},{"floor":26.0,"key":"MawBank"}],"event_choices":[{"damage_healed":0.0,"max_hp_gain":0.0,"max_hp_loss":0.0,"gold_gain":0.0,"event_name":"Golden Idol","player_choice":"Take Damage","floor":2.0,"gold_loss":0.0,"damage_taken":17.0,"relics_obtained":["Golden Idol"]},{"damage_healed":0.0,"max_hp_gain":0.0,"max_hp_loss":0.0,"gold_gain":0.0,"event_name":"The Woman in Blue","player_choice":"Bought 1 Potion","floor":3.0,"gold_loss":0.0,"damage_taken":0.0},{"cards_removed":["Strike_G"],"damage_healed":0.0,"max_hp_gain":0.0,"max_hp_loss":0.0,"gold_gain":0.0,"event_name":"Living Wall","player_choice":"Forget","floor":8.0,"gold_loss":0.0,"damage_taken":0.0},{"damage_healed":0.0,"max_hp_gain":0.0,"max_hp_loss":0.0,"gold_gain":0.0,"event_name":"Ghosts","player_choice":"Ignored","floor":20.0,"gold_loss":0.0,"damage_taken":0.0},{"damage_healed":0.0,"max_hp_gain":0.0,"max_hp_loss":0.0,"gold_gain":0.0,"event_name":"Back to Basics","player_choice":"Simplicity","floor":21.0,"gold_loss":0.0,"damage_taken":0.0,"cards_upgraded":["Strike_G","Strike_G","Strike_G","Strike_G","Defend_G","Defend_G","Defend_G","Defend_G","Defend_G"]}],"is_beta":false,"boss_relics":[{"not_picked":["Busted Crown","Black Star"],"picked":"Ring of the Serpent"}],"items_purged_floors":[],"is_endless":false,"potions_floor_spawned":[10,12,13,18,28],"killed_by":"Snake Plant","ascension_level":0}}