{"host":"dqv8oo4v229c1o2l","time":1613432820,"event":{"mods":["AchievementEnabler","BaseMod","Colored Map","Colored Powertips","Minty Spire (QoL Compilation)","Quick Restart","Rare Cards Sparkle","StSLib","Synergy Search"],"gold_per_floor":[114,132,146,64,75,75,91,117,117,133,133,133,150,170,170,267,267,284,127,144,59,78,107,32,61,115,115,126,143,143,162,162,258,258,278,288,288,288,288],"floor_reached":38,"language":"ENG","playtime":2173,"items_purged":[],"score":510,"play_id":"d38213a5-f125-4ebd-bbf0-44bea07daa29","local_time":"20210215154700","is_ascension_mode":true,"campfire_choices":[{"floor":11.0,"key":"RECALL"},{"data":"Infinite Blades","floor":15.0,"key":"SMITH"},{"floor":27.0,"key":"REST"},{"floor":30.0,"key":"REST"},{"floor":32.0,"key":"REST"}],"circlet_count":0,"master_deck":["Strike_G","Strike_G","Defend_G","Defend_G","Defend_G","Defend_G","Survivor","Neutralize","Blade Dance","Backflip","Blur","Swift Strike","Underhanded Strike","Finisher","Finisher+1","Dagger Throw+1","Infinite Blades+1","Die Die Die+1","Dagger Throw+1","Acrobatics","Dagger Throw+1","Dagger Throw+1","Die Die Die+1","CurseOfTheBell","Quick Slash+1","Finisher+1"],"relics":["Ring of the Snake","MealTicket","Molten Egg 2","Fusion Hammer","HandDrill","Smiling Mask","Tough Bandages","Strawberry","Calling Bell","PreservedInsect","Letter Opener","Incense Burner"],"acts_visited":["TheCity","TheBeyond"],"potions_floor_usage":[38,38],"damage_taken":[{"damage":4.0,"enemies":"Small Slimes","floor":1.0,"turns":5.0},{"damage":0.0,"enemies":"Cultist","floor":2.0,"turns":3.0},{"damage":0.0,"enemies":"Jaw Worm","floor":3.0,"turns":3.0},{"damage":8.0,"enemies":"Exordium Thugs","floor":5.0,"turns":7.0},{"damage":0.0,"enemies":"Looter","floor":7.0,"turns":3.0},{"damage":6.0,"enemies":"Lagavulin","floor":8.0,"turns":6.0},{"damage":0.0,"enemies":"Exordium Wildlife","floor":10.0,"turns":2.0},{"damage":0.0,"enemies":"Large Slime","floor":13.0,"turns":1.0},{"damage":0.0,"enemies":"Blue Slaver","floor":14.0,"turns":1.0},{"damage":6.0,"enemies":"Hexaghost","floor":16.0,"turns":7.0},{"damage":17.0,"enemies":"Shell Parasite","floor":18.0,"turns":3.0},{"damage":0.0,"enemies":"3 Byrds","floor":20.0,"turns":2.0},{"damage":0.0,"enemies":"3 Cultists","floor":22.0,"turns":2.0},{"damage":37.0,"enemies":"Slavers","floor":23.0,"turns":4.0},{"damage":8.0,"enemies":"Gremlin Leader","floor":25.0,"turns":3.0},{"damage":0.0,"enemies":"Snecko","floor":28.0,"turns":4.0},{"damage":9.0,"enemies":"Shelled Parasite and Fungi","floor":29.0,"turns":3.0},{"damage":0.0,"enemies":"Cultist and Chosen","floor":31.0,"turns":3.0},{"damage":12.0,"enemies":"Collector","floor":33.0,"turns":6.0},{"damage":14,"enemies":"3 Darklings","floor":35,"turns":3},{"damage":0,"enemies":"Orb Walker","floor":36,"turns":3},{"damage":69,"enemies":"Time Eater","floor":38,"turns":7}],"seed_played":"68159522765099497","potions_obtained":[{"floor":2.0,"key":"AttackPotion"},{"floor":7.0,"key":"EntropicBrew"},{"floor":10.0,"key":"CunningPotion"},{"floor":14.0,"key":"LiquidBronze"},{"floor":16.0,"key":"LiquidBronze"},{"floor":18.0,"key":"BlessingOfTheForge"},{"floor":28.0,"key":"DuplicationPotion"},{"floor":29.0,"key":"Energy Potion"},{"floor":33.0,"key":"Poison Potion"}],"is_trial":false,"path_per_floor":["M","M","M","$","M","?","M","E","T","M","R","$","M","M","R","B",null,"M","$","M","?","M","E","?","E","T","R","M","M","R","M","R","B",null,"M","M","?","B"],"character_chosen":"THE_SILENT","items_purchased":["Swift Strike","HandDrill"],"campfire_rested":3,"item_purchase_floors":[4,19],"current_hp_per_floor":[45,45,45,45,37,37,37,31,31,31,31,46,46,46,46,40,70,53,68,68,68,68,31,31,30,30,53,53,44,67,67,77,65,77,63,63,63,0,0],"gold":288,"neow_bonus":"REMOVE_TWO","is_daily":false,"chose_seed":false,"campfire_upgraded":1,"win_rate":0.0,"timestamp":1613432820,"path_taken":["M","M","M","$","M","?","M","E","T","M","R","$","M","?","R","BOSS","M","$","M","?","M","E","?","E","T","R","M","M","R","M","R","BOSS","M","M","?","BOSS"],"items_purchased_type":["Card","Relic"],"build_version":"2020-12-22","purchased_purges":0,"victory":false,"max_hp_per_floor":[70,70,70,70,70,70,70,70,70,70,70,70,70,70,70,70,70,70,70,70,70,70,70,70,77,77,77,77,77,77,77,77,77,77,77,77,77,77,77],"card_choices":[{"not_picked":["Poisoned Stab","Quick Slash"],"picked":"Blade Dance","floor":1.0},{"not_picked":["Flying Knee","Outmaneuver"],"picked":"Backflip","floor":2.0},{"not_picked":["Poisoned Stab","Deflect"],"picked":"Blur","floor":3.0},{"not_picked":["Poisoned Stab","Concentrate"],"picked":"Underhanded Strike","floor":5.0},{"not_picked":["Terror","Deflect"],"picked":"Finisher","floor":7.0},{"not_picked":["Flying Knee","Sucker Punch","Expertise"],"picked":"SKIP","floor":8.0},{"not_picked":["Flechettes+1","Glass Knife+1"],"picked":"Finisher+1","floor":10.0},{"not_picked":["Bane+1","Dodge and Roll"],"picked":"Dagger Throw+1","floor":13.0},{"not_picked":["Flying Knee+1","Eviscerate+1"],"picked":"Infinite Blades","floor":14.0},{"not_picked":["Unload+1","Storm of Steel"],"picked":"Die Die Die+1","floor":16.0},{"not_picked":["Dodge and Roll+1","Underhanded Strike+1","Riddle With Holes+1"],"picked":"SKIP","floor":18.0},{"not_picked":["Sucker Punch+1","Bouncing Flask","Caltrops"],"picked":"SKIP","floor":20.0},{"not_picked":["Sucker Punch+1","Bane+1","PiercingWail"],"picked":"SKIP","floor":22.0},{"not_picked":["Leg Sweep","Bouncing Flask+1"],"picked":"Dagger Throw+1","floor":23.0},{"not_picked":["Dodge and Roll","Bane+1"],"picked":"Acrobatics","floor":25.0},{"not_picked":["Sucker Punch+1","Dodge and Roll"],"picked":"Dagger Throw+1","floor":28.0},{"not_picked":["Caltrops","Dodge and Roll","Dash+1"],"picked":"SKIP","floor":29.0},{"not_picked":["Acrobatics+1","Cloak And Dagger"],"picked":"Dagger Throw+1","floor":31.0},{"not_picked":["Phantasmal Killer","Tools of the Trade"],"picked":"Die Die Die+1","floor":33.0},{"not_picked":["Setup+1","All Out Attack+1"],"picked":"Quick Slash+1","floor":35},{"not_picked":["Dodge and Roll+1","Quick Slash+1"],"picked":"Finisher+1","floor":36}],"player_experience":320952,"relics_obtained":[{"floor":8.0,"key":"MealTicket"},{"floor":9.0,"key":"Molten Egg 2"},{"floor":23.0,"key":"Tough Bandages"},{"floor":25.0,"key":"Strawberry"},{"floor":34,"key":"PreservedInsect"},{"floor":34,"key":"Letter Opener"},{"floor":34,"key":"Incense Burner"}],"event_choices":[{"cards_removed":["Strike_G"],"damage_healed":0.0,"max_hp_gain":0.0,"max_hp_loss":0.0,"gold_gain":0.0,"event_name":"Purifier","player_choice":"Purged","floor":6.0,"gold_loss":0.0,"damage_taken":0.0},{"damage_healed":0.0,"max_hp_gain":0.0,"max_hp_loss":0.0,"gold_gain":0.0,"event_name":"Addict","player_choice":"Obtained Relic","floor":21.0,"gold_loss":85.0,"damage_taken":0.0,"relics_obtained":["Smiling Mask"]},{"cards_removed":["Strike_G"],"damage_healed":0.0,"max_hp_gain":0.0,"max_hp_loss":0.0,"gold_gain":0.0,"event_name":"Beggar","player_choice":"Gave Gold","floor":24.0,"gold_loss":75.0,"damage_taken":0.0},{"damage_healed":0,"gold_gain":0,"player_choice":"Took Portal","damage_taken":0,"max_hp_gain":0,"max_hp_loss":0,"event_name":"SecretPortal","floor":37,"gold_loss":0}],"is_beta":false,"boss_relics":[{"not_picked":["Cursed Key","Sozu"],"picked":"Fusion Hammer"},{"not_picked":["HoveringKite","Empty Cage"],"picked":"Calling Bell"}],"items_purged_floors":[],"is_endless":false,"potions_floor_spawned":[2,7,10,14,16,18,28,29,33],"killed_by":"Time Eater","ascension_level":3}}