{"host":"Cenci","time":1613420686,"event":{"mods":["BaseMod","Downfall","Highlight Path","Minty Spire (QoL Compilation)","StSLib"],"gold_per_floor":[99,117,21,31,46,71,116,55,74,74,74,249,249,34,45,141,141,41,55,67,77,77,77,77,77],"floor_reached":23,"language":"ENG","playtime":1214,"items_purged":["Doubt"],"score":270,"play_id":"3929aeef-d52b-42a0-8c0e-82f51ce7b875","local_time":"20210215212446","is_ascension_mode":true,"campfire_choices":[{"data":"hexamod:ForkedFlame","floor":1.0,"key":"SMITH"},{"data":"hexamod:ForkedFlame","floor":10,"key":"SMITH"},{"floor":13,"key":"RECALL"},{"data":"hexamod:RadiantFlame","floor":18,"key":"SMITH"}],"circlet_count":0,"master_deck":["hexamod:Strike","hexamod:Strike","hexamod:Strike","hexamod:Defend","hexamod:Defend","hexamod:Defend","hexamod:Defend","hexamod:Sear","hexamod:Float","hexamod:ForkedFlame+1","hexamod:PowerFromBeyond+1","hexamod:ForkedFlame+1","hexamod:PowerFromBeyond","hexamod:Hexaguard","hexamod:SpectralAdrenaline","hexamod:ChargedBarrage","hexamod:InspiringFlames","hexamod:EmpoweredFlame","hexamod:ExtraCrispy","hexamod:RadiantFlame+1","hexamod:ChargedBarrage"],"relics":["hexamod:SpiritBrand","Blood Vial","White Beast Statue","Lee\u0027s Waffle","Gremlin Horn","Philosopher\u0027s Stone","downfall:HeartBlessingRed"],"acts_visited":["Exordium","TheCity"],"potions_floor_usage":[14,19,23],"damage_taken":[{"damage":0.0,"enemies":"Cultist","floor":2.0,"turns":3.0},{"damage":0.0,"enemies":"downfall:FleeingMerchant","floor":3.0,"turns":4.0},{"damage":0.0,"enemies":"Small Slimes","floor":4.0,"turns":2.0},{"damage":2.0,"enemies":"Jaw Worm","floor":5.0,"turns":2.0},{"damage":6.0,"enemies":"Lagavulin","floor":6.0,"turns":4.0},{"damage":10.0,"enemies":"downfall:FleeingMerchant","floor":8.0,"turns":4.0},{"damage":0.0,"enemies":"Gremlin Gang","floor":9.0,"turns":4.0},{"damage":15,"enemies":"downfall:FleeingMerchant","floor":14,"turns":4},{"damage":0,"enemies":"Exordium Wildlife","floor":15,"turns":2},{"damage":6,"enemies":"SI_SHIV_ARCHETYPE","floor":16,"turns":4},{"damage":33,"enemies":"3 Byrds","floor":19,"turns":3},{"damage":10,"enemies":"Spheric Guardian","floor":20,"turns":4},{"damage":16,"enemies":"3 Cultists","floor":21,"turns":4},{"damage":21,"enemies":"Shelled Parasite and Fungi","floor":23,"turns":2}],"seed_played":"1289016709574053575","potions_obtained":[{"floor":4.0,"key":"DuplicationPotion"},{"floor":5.0,"key":"SpeedPotion"},{"floor":9.0,"key":"hexamod:EctoCoolerPotion"},{"floor":14,"key":"Strength Potion"},{"floor":16,"key":"Ancient Potion"},{"floor":19,"key":"hexamod:InfernoChargePotion"}],"is_trial":false,"path_per_floor":["R","M","$","M","M","E","T","$","M","R","T","?","R","$","M","B",null,"R","M","M","M","?","M"],"character_chosen":"THE_SPIRIT","items_purchased":["hexamod:PowerFromBeyond","hexamod:InspiringFlames","Lee\u0027s Waffle","Gremlin Horn","hexamod:ExtraCrispy"],"campfire_rested":0,"item_purchase_floors":[3,8,14,14,14],"current_hp_per_floor":[49,49,49,49,47,41,41,33,35,35,35,35,35,77,77,71,76,76,44,36,22,14,0,0,0],"gold":77,"neow_bonus":"THREE_RARE_CARDS","is_daily":false,"chose_seed":false,"campfire_upgraded":3,"win_rate":0.0,"timestamp":1613420686,"path_taken":["R","M","$","?","M","E","T","$","M","R","?","?","R","$","M","BOSS","R","M","M","M","?","?"],"items_purchased_type":["Card","Card","Relic","Relic","Card"],"build_version":"2020-11-17","purchased_purges":1,"victory":false,"max_hp_per_floor":[70,70,70,70,70,70,70,70,70,70,70,70,70,77,77,77,77,77,77,77,77,77,77,77,77],"card_choices":[{"not_picked":["hexamod:TimeOfNeed","hexamod:UnleashSpirits"],"picked":"hexamod:ForkedFlame","floor":0.0},{"not_picked":["hexamod:HeatMetal","hexamod:InspiringFlames"],"picked":"hexamod:PowerFromBeyond","floor":2.0},{"not_picked":["hexamod:SwordOfDarkness","hexamod:NightmareGuise"],"picked":"hexamod:ForkedFlame","floor":3.0},{"not_picked":["hexamod:AdvancingGuard","hexamod:NightmareStrike"],"picked":"hexamod:Hexaguard","floor":4.0},{"not_picked":["hexamod:HeatMetal","hexamod:InspiringFlames"],"picked":"hexamod:SpectralAdrenaline","floor":5.0},{"not_picked":["hexamod:HauntingEcho","hexamod:CatchUp","hexamod:RainOfEmbers"],"picked":"SKIP","floor":6.0},{"not_picked":["hexamod:HeatShield","hexamod:GhostflameBarrier"],"picked":"hexamod:ChargedBarrage","floor":8.0},{"not_picked":["hexamod:RetreatToShadows","hexamod:NightmareStrike","hexamod:ShieldOfDarkness"],"picked":"SKIP","floor":9.0},{"not_picked":["hexamod:ThirdSeal","hexamod:FlamesFromBeyond"],"picked":"hexamod:EmpoweredFlame","floor":14},{"not_picked":["hexamod:ThermalTransfer","hexamod:Toasty"],"picked":"hexamod:RadiantFlame","floor":15},{"not_picked":["hexamod:FastForward","hexamod:SecondSeal"],"picked":"hexamod:ChargedBarrage","floor":19},{"not_picked":["hexamod:SuperheatedStrike+1","hexamod:SwordOfDarkness","hexamod:GhostOfSpirePast"],"picked":"SKIP","floor":20},{"not_picked":["hexamod:SecondSeal","hexamod:NightmareStrike","hexamod:NightmareGuise"],"picked":"SKIP","floor":21}],"player_experience":334503,"relics_obtained":[{"floor":6.0,"key":"Blood Vial"},{"floor":11,"key":"White Beast Statue"}],"event_choices":[],"is_beta":true,"boss_relics":[{"not_picked":["Cursed Key","Astrolabe"],"picked":"Philosopher\u0027s Stone"}],"items_purged_floors":[14],"is_endless":false,"potions_floor_spawned":[4,5,9,14,15,16,19,20,21],"killed_by":"Shelled Parasite and Fungi","ascension_level":5}}