{"host":"cw5mrddkw4tq3s8v","time":1613420461,"event":{"mods":["BaseMod","Block Reminder","Colored Map","Colored Powertips","DeckTracker","Downfall","Highlight Path","Infinite Spire","Minty Spire (QoL Compilation)","Permanent Neow","Quick Restart","Random Character Button","Relic Sorter","Relic Stats","StSLib","SuperFastMode","The Jungle"],"gold_per_floor":[111,130,149,168,168,179,203,203,203,203],"floor_reached":8,"language":"ENG","playtime":1542,"items_purged":[],"score":50,"play_id":"15333c90-a0f8-4265-9082-b0fa215f799e","local_time":"20210215222101","is_ascension_mode":false,"campfire_choices":[],"circlet_count":0,"master_deck":["hexamod:Strike","hexamod:Strike","hexamod:Strike","hexamod:Defend","hexamod:Defend","hexamod:Defend","hexamod:Defend","hexamod:Sear","hexamod:Float","hexamod:ExtraCrispy","hexamod:SwordOfDarkness","hexamod:ForkedFlame","hexamod:BacktrackSmack","hexamod:NightmareStrike","hexamod:FirstSeal"],"relics":["hexamod:SpiritBrand","Vajra"],"acts_visited":["Exordium"],"potions_floor_usage":[],"damage_taken":[{"damage":6,"enemies":"Jaw Worm","floor":1,"turns":3},{"damage":0,"enemies":"2 Louse","floor":2,"turns":2},{"damage":0,"enemies":"Small Slimes","floor":3,"turns":3},{"damage":0,"enemies":"2 Fungi Beasts","floor":4,"turns":2},{"damage":7,"enemies":"Exordium Thugs","floor":6,"turns":5},{"damage":4,"enemies":"3 Sentries","floor":8,"turns":2}],"seed_played":"3411702461965900118","potions_obtained":[{"floor":3,"key":"Weak Potion"},{"floor":4,"key":"SpeedPotion"}],"is_trial":false,"path_per_floor":["M","M","M","M","?","M","T","E"],"character_chosen":"THE_SPIRIT","items_purchased":[],"campfire_rested":0,"item_purchase_floors":[],"current_hp_per_floor":[64,64,64,64,57,57,57,53,53,53],"gold":203,"neow_bonus":"TRANSFORM_CARD","is_daily":false,"chose_seed":false,"campfire_upgraded":0,"win_rate":0.0,"timestamp":1613420461,"path_taken":["M","M","M","M","?","M","T","E"],"items_purchased_type":[],"build_version":"2020-12-13","purchased_purges":0,"victory":false,"max_hp_per_floor":[70,70,70,70,70,70,70,70,70,70],"relic_stats":{"counters":[6,17],"obtain_stats":[{"Vajra":7,"hexamod:SpiritBrand":0},{"Vajra":5,"hexamod:SpiritBrand":0},{"Vajra":15,"hexamod:SpiritBrand":0}]},"card_choices":[{"not_picked":["hexamod:GhostShield","hexamod:GhostLash"],"picked":"hexamod:SwordOfDarkness","floor":1},{"not_picked":["hexamod:InspiringFlames","hexamod:NightmareStrike"],"picked":"hexamod:ForkedFlame","floor":2},{"not_picked":["hexamod:NightmareStrike","hexamod:AdvancingGuard"],"picked":"hexamod:BacktrackSmack","floor":3},{"not_picked":["hexamod:GhostLash","hexamod:PhantomFireball"],"picked":"hexamod:NightmareStrike","floor":4},{"not_picked":["hexamod:NecessarySacrifice","hexamod:Firestarter","hexamod:AdvancingGuard"],"picked":"SKIP","floor":6}],"player_experience":99380,"relics_obtained":[{"floor":7,"key":"Vajra"}],"event_choices":[],"is_beta":false,"boss_relics":[],"items_purged_floors":[],"is_endless":false,"potions_floor_spawned":[3,4],"killed_by":"3 Sentries","ascension_level":0}}