{"host":"ty9fb48q9oru32qm","time":1613423565,"event":{"mods":["2.2 Compatiblity","AchievementEnabler","Act Like it!","Astrologer","BaseMod","Beaked The Cultist","Better Synergies","Block Reminder","ChefMod","Colored Powertips","Conspire","DeckTracker","Downfall","Friendly Minions","GifTheSpireLib","Hermit","Hubris","Infinite Spire","Jorbs\u0027s Wanderer Trilogy","Marisa????????","Minty Spire (QoL Compilation)","Permanent Neow","Quick Restart","Random Character Button","Reliquary","Replay The Spire","Somnambulant","StSLib","Stuff the Spire","The Construct","The Cursed","The Marked","The Runesmith","The Servant 0.9.4","TheHeartMod"],"gold_per_floor":[119,119,68,81,98,133,152,152,152,152,152,165,19,45,45,142,142,154,154,79,99,137,137,151,131,131,131,241,376,394,394,394],"floor_reached":31,"language":"ENG","playtime":2231,"items_purged":["Decay"],"score":367,"play_id":"d2b7e354-a38d-4a16-9866-8de2d5ef7169","local_time":"20210215221245","is_ascension_mode":false,"campfire_choices":[{"data":"beaked:Insight","floor":8,"key":"SMITH"},{"data":"theMarked:ChannelForce","floor":10,"key":"SMITH"},{"data":"theMarked:Electrify","floor":15,"key":"SMITH"},{"data":"1","floor":23,"key":"LIFT"},{"floor":27,"key":"REST"}],"circlet_count":0,"master_deck":["theMarked:Strike","theMarked:Strike","theMarked:Strike","theMarked:Strike","theMarked:Strike","theMarked:Defend","theMarked:Defend","theMarked:Defend","theMarked:SoldierOfQuellstein","theMarked:ChannelForce+1","theMarked:RogueSparks+1","beaked:Insight+1","theMarked:Reabsorb","theMarked:TwofoldDefense","theMarked:SwordAndMagic","theMarked:Friction","theMarked:ResourceFulStrike","theMarked:Electrify+1","theMarked:EternalStudent","Clumsy","ReplayTheSpireMod:Faulty Equipment","beaked:TuckingFeathers","beaked:MachineSpirit","theMarked:Improvise+1"],"relics":["theMarked:ArtifactOfAir","Anchor","hubris:DisguiseKit","infinitespire:ShieldingShard","ReplayTheSpireMod:Shallot","theMarked:Winder","Pen Nib","Replay:Ancient Bell","Nunchaku","infinitespire:BottledMercury","Girya","hubris:Icosahedron","infinitespire:Lychee Nut"],"acts_visited":["Exordium","TheCity"],"potions_floor_usage":[6,22,29,29],"damage_taken":[{"damage":0,"enemies":"Small Slimes","floor":1,"turns":3},{"damage":0,"enemies":"2 Louse","floor":4,"turns":3},{"damage":1,"enemies":"Cultist","floor":5,"turns":3},{"damage":12,"enemies":"Gremlin Nob","floor":6,"turns":2},{"damage":9,"enemies":"Red Slaver","floor":7,"turns":4},{"damage":1,"enemies":"3 Louse","floor":12,"turns":4},{"damage":6,"enemies":"3 Sentries","floor":14,"turns":6},{"damage":0,"enemies":"Slime Boss","floor":16,"turns":5},{"damage":20,"enemies":"Spheric Guardian","floor":18,"turns":5},{"damage":0,"enemies":"Shell Parasite","floor":21,"turns":5},{"damage":44,"enemies":"3 Cultists","floor":22,"turns":6},{"damage":0,"enemies":"Snecko","floor":24,"turns":3},{"damage":19,"enemies":"Shelled Parasite and Fungi","floor":28,"turns":5},{"damage":15,"enemies":"Slavers","floor":29,"turns":6},{"damage":13,"enemies":"Snake Plant","floor":30,"turns":3},{"damage":17,"enemies":"Sentry and Sphere","floor":31,"turns":3}],"seed_played":"-4451420949909656974","potions_obtained":[{"floor":4,"key":"SteroidPotion"},{"floor":5,"key":"Death Potion"},{"floor":14,"key":"LiquidBronze"},{"floor":21,"key":"ColorlessPotion"},{"floor":24,"key":"Energy Potion"},{"floor":25,"key":"Flashbang"}],"is_trial":false,"path_per_floor":["M","?","$","M","M","E","M","R","T","R","?","M","$","E","R","B",null,"M","?","$","M","M","R","M","?","T","R","M","E","M","M"],"character_chosen":"THE_DEFAULT","items_purchased":["theMarked:RogueSparks+1","theMarked:Winder"],"campfire_rested":1,"item_purchase_floors":[3,13],"current_hp_per_floor":[70,70,70,70,69,57,48,48,48,48,48,47,47,41,41,41,70,50,50,50,70,26,26,26,26,26,47,31,16,8,0,0],"gold":394,"neow_bonus":"RANDOM_COMMON_RELIC","is_daily":false,"chose_seed":false,"campfire_upgraded":3,"win_rate":0.0,"timestamp":1613423565,"path_taken":["M","?","$","M","M","E","M","R","T","R","?","?","?","E","R","BOSS","M","?","$","M","M","R","M","?","T","R","M","E","M","?"],"items_purchased_type":["Card","Relic"],"build_version":"2020-12-22","purchased_purges":1,"victory":false,"max_hp_per_floor":[70,70,70,70,70,70,70,70,70,70,70,70,70,70,70,70,70,70,70,70,70,70,70,70,70,70,70,70,52,52,52,52],"card_choices":[{"not_picked":["theMarked:GodGivenPower","theMarked:Aftermath"],"picked":"theMarked:ChannelForce","floor":1},{"not_picked":["theMarked:RepellingDischarge","theMarked:EmpowerWeapon","theMarked:ResourceFulStrike"],"picked":"beaked:Insight","floor":4},{"not_picked":["theMarked:Frustration","theMarked:ChainLightning","beaked:Foresight"],"picked":"theMarked:Reabsorb","floor":5},{"not_picked":["theMarked:UnarmedFury","theMarked:Static","beaked:Mantra"],"picked":"theMarked:TwofoldDefense","floor":6},{"not_picked":["theMarked:BanishingStrike","theMarked:Electrify","beaked:Molting"],"picked":"theMarked:SwordAndMagic","floor":7},{"not_picked":["theMarked:Toughness","theMarked:HeightenedSenses","beaked:Daydream"],"picked":"theMarked:ResourceFulStrike","floor":12},{"not_picked":["theMarked:Memento","theMarked:WastefulAttack","beaked:DigDeep"],"picked":"theMarked:Electrify","floor":14},{"not_picked":["theMarked:Abjuration","theMarked:Vacuum","beaked:FakeOut"],"picked":"theMarked:EternalStudent","floor":16},{"not_picked":["infinitespire:Pacifist","Parasite","hubris:Wrath"],"picked":"Clumsy","floor":17},{"not_picked":["downfall:Bewildered","Replay:Hysterical Blindness","conspire:Blindness"],"picked":"Decay","floor":17},{"not_picked":["downfall:Haunted","Replay:Sluggish","Decay"],"picked":"ReplayTheSpireMod:Faulty Equipment","floor":17},{"not_picked":["theMarked:Memento","theMarked:Standoff","theMarked:GodGivenPower+1","beaked:StunningBlow"],"picked":"SKIP","floor":18},{"not_picked":["theMarked:WastefulAttack","theMarked:LightningStrikesTwice+1","theMarked:TwofoldDefense","beaked:Redirect"],"picked":"SKIP","floor":21},{"not_picked":["theMarked:ContemptForTheProud","theMarked:Electrify","theMarked:TwofoldDefense+1"],"picked":"beaked:TuckingFeathers","floor":22},{"not_picked":["theMarked:AttractMetal","theMarked:ComboAttacks","theMarked:StartUp"],"picked":"beaked:MachineSpirit","floor":24},{"not_picked":["theMarked:Electrify","theMarked:Memento","theMarked:Heritage","beaked:Cower"],"picked":"SKIP","floor":28},{"not_picked":["theMarked:MagusForm","theMarked:SwordAndMagic","theMarked:Parkour","beaked:WarriorEssence"],"picked":"SKIP","floor":29},{"not_picked":["theMarked:Indomitable+1","theMarked:ChannelForce","beaked:DigDeeper"],"picked":"theMarked:Improvise+1","floor":30}],"player_experience":294343,"relics_obtained":[{"floor":6,"key":"infinitespire:ShieldingShard"},{"floor":9,"key":"ReplayTheSpireMod:Shallot"},{"floor":14,"key":"Pen Nib"},{"floor":29,"key":"infinitespire:Lychee Nut"}],"event_choices":[{"damage_healed":0,"gold_gain":0,"cards_transformed":["theMarked:Defend"],"player_choice":"Transformed","damage_taken":0,"max_hp_gain":0,"max_hp_loss":0,"event_name":"Transmorgrifier","floor":11,"gold_loss":0,"cards_obtained":["theMarked:Friction"]},{"damage_healed":0,"gold_gain":0,"player_choice":"Bought 1 Potion","damage_taken":0,"max_hp_gain":0,"max_hp_loss":0,"event_name":"The Woman in Blue","floor":25,"gold_loss":0}],"is_beta":false,"boss_relics":[{"not_picked":["StuffTheSpire:RunicHypercube","Coffee Dripper"],"picked":"Replay:Ancient Bell"},{"not_picked":["Smiling Mask","Blue Doll"],"picked":"Nunchaku"},{"not_picked":["StuffTheSpire:SapphireSignet","reliquary:HotPoker"],"picked":"infinitespire:BottledMercury"},{"not_picked":["reliquary:OuijaBoard","Replay:Towering Pillar of Hats"],"picked":"Girya"}],"items_purged_floors":[20],"is_endless":false,"potions_floor_spawned":[4,5,14,21,24],"killed_by":"Sentry and Sphere","ascension_level":0}}