{"host":"wuernuywc9gl215o","time":1613393991,"event":{"mods":["2.2 Compatiblity","AchievementEnabler","BaseMod","Bestiary","Block Reminder","Displayed Cursed Tome","Highlight Path","Key Reminder","Minty Spire (QoL Compilation)","Permanent Neow","Potion Indicator Mod","Quick Restart","Rare Cards Sparkle","Relic Stats","ojb\u0027s Info Mod"],"gold_per_floor":[117,130,143,113,131,163,16,26,49,49,49,82,82,113,113,216,216,227,246,265,282,35,70,70,70,70],"floor_reached":25,"language":"ENG","playtime":2053,"items_purged":["Strike_B"],"score":389,"play_id":"09fb1213-aca4-4801-8ef8-50b8df18a006","local_time":"20210215125951","is_ascension_mode":true,"campfire_choices":[{"data":"Sunder","floor":10,"key":"SMITH"},{"data":"Beam Cell","floor":13,"key":"SMITH"},{"data":"Zap","floor":15,"key":"SMITH"}],"circlet_count":0,"master_deck":["Defend_B","Defend_B","Defend_B","Defend_B","Zap+1","Dualcast","Multi-Cast+1","Go for the Eyes+1","Streamline+1","Coolheaded","Sunder+1","Double Energy","Cold Snap","Rainbow","Self Repair","Conserve Battery","Loop","Beam Cell+1","Capacitor","Electrodynamics","Conserve Battery","Hologram+1","Barrage","Amplify"],"relics":["Astrolabe","Eternal Feather","Boot","Oddly Smooth Stone","Pen Nib","Philosopher\u0027s Stone","Frozen Egg 2","MealTicket"],"acts_visited":["Exordium","TheCity"],"potions_floor_usage":[5,8,12,20,25],"damage_taken":[{"damage":0,"enemies":"Cultist","floor":1,"turns":3},{"damage":5,"enemies":"2 Louse","floor":2,"turns":3},{"damage":0,"enemies":"Jaw Worm","floor":3,"turns":3},{"damage":0,"enemies":"Lots of Slimes","floor":5,"turns":2},{"damage":29,"enemies":"Lagavulin","floor":6,"turns":5},{"damage":0,"enemies":"Gremlin Gang","floor":8,"turns":4},{"damage":10,"enemies":"3 Sentries","floor":12,"turns":8},{"damage":0,"enemies":"Gremlin Nob","floor":14,"turns":2},{"damage":11,"enemies":"The Guardian","floor":16,"turns":11},{"damage":6,"enemies":"Shell Parasite","floor":18,"turns":5},{"damage":16,"enemies":"Spheric Guardian","floor":19,"turns":4},{"damage":19,"enemies":"Cultist and Chosen","floor":20,"turns":6},{"damage":0,"enemies":"Snake Plant","floor":21,"turns":2},{"damage":43,"enemies":"Book of Stabbing","floor":23,"turns":7},{"damage":43,"enemies":"Gremlin Leader","floor":25,"turns":3}],"seed_played":"6753733459517553350","potions_obtained":[{"floor":3,"key":"Regen Potion"},{"floor":4,"key":"Explosive Potion"},{"floor":4,"key":"AttackPotion"},{"floor":8,"key":"Dexterity Potion"},{"floor":16,"key":"Regen Potion"},{"floor":19,"key":"DuplicationPotion"},{"floor":20,"key":"GamblersBrew"},{"floor":21,"key":"LiquidMemories"}],"is_trial":false,"path_per_floor":["M","M","M","?","M","E","$","M","T","R","?","E","R","E","R","B",null,"M","M","M","M","$","E","$","E"],"character_chosen":"DEFECT","items_purchased":["Rainbow","Frozen Egg 2"],"campfire_rested":0,"item_purchase_floors":[7,22],"current_hp_per_floor":[68,63,63,63,63,34,34,34,34,43,43,55,64,64,73,69,74,68,59,62,62,62,26,41,0,0],"gold":70,"neow_bonus":"BOSS_RELIC","is_daily":false,"chose_seed":false,"campfire_upgraded":3,"win_rate":0.0,"timestamp":1613393991,"path_taken":["M","M","?","?","?","E","$","M","T","R","?","E","R","E","R","BOSS","M","?","M","?","?","E","$","E"],"items_purchased_type":["Card","Relic"],"build_version":"2020-12-22","purchased_purges":1,"victory":false,"max_hp_per_floor":[75,75,75,75,75,75,75,75,75,75,75,75,75,75,75,75,75,75,75,75,75,75,75,75,75,75],"relic_stats":{"counters":[15,68],"Astrolabe":["Multi-Cast","Go for the Eyes","Streamline"],"Eternal Feather":27,"MealTicket":15,"Pen Nib":[4],"Boot":[15],"obtain_stats":[{"Astrolabe":0,"Oddly Smooth Stone":12,"Eternal Feather":6,"Philosopher\u0027s Stone":17,"MealTicket":23,"Pen Nib":14,"Frozen Egg 2":22,"Cracked Core":0,"Boot":9},{"Astrolabe":0,"Oddly Smooth Stone":7,"Eternal Feather":5,"Philosopher\u0027s Stone":9,"MealTicket":14,"Pen Nib":8,"Frozen Egg 2":13,"Cracked Core":0,"Boot":6},{"Astrolabe":0,"Oddly Smooth Stone":28,"Eternal Feather":16,"Philosopher\u0027s Stone":41,"MealTicket":65,"Pen Nib":30,"Frozen Egg 2":58,"Cracked Core":0,"Boot":20}]},"card_choices":[{"not_picked":["Leap","Barrage"],"picked":"Coolheaded","floor":1},{"not_picked":["Blizzard","Go for the Eyes"],"picked":"Sunder","floor":2},{"not_picked":["Turbo","Streamline","Compile Driver"],"picked":"SKIP","floor":3},{"not_picked":["Redo","Steam"],"picked":"Double Energy","floor":5},{"not_picked":["Conserve Battery","Turbo"],"picked":"Cold Snap","floor":6},{"not_picked":["Streamline","Loop"],"picked":"Self Repair","floor":8},{"not_picked":["Go for the Eyes","Tempest"],"picked":"Beam Cell","floor":12},{"not_picked":["Reboot","Turbo"],"picked":"Capacitor","floor":14},{"not_picked":["Reboot","Multi-Cast"],"picked":"Electrodynamics","floor":16},{"not_picked":["Double Energy","Beam Cell"],"picked":"Conserve Battery","floor":18},{"not_picked":["Stack+1","Leap"],"picked":"Hologram+1","floor":19},{"not_picked":["Multi-Cast","Fusion"],"picked":"Barrage","floor":20},{"not_picked":["Steam+1","Barrage","Streamline"],"picked":"SKIP","floor":21},{"not_picked":["Meteor Strike","Reboot"],"picked":"Amplify","floor":23}],"player_experience":973584,"relics_obtained":[{"floor":6,"key":"Eternal Feather"},{"floor":9,"key":"Boot"},{"floor":12,"key":"Oddly Smooth Stone"},{"floor":14,"key":"Pen Nib"},{"floor":23,"key":"MealTicket"}],"event_choices":[{"damage_healed":0,"gold_gain":0,"player_choice":"Bought 2 Potions","damage_taken":0,"max_hp_gain":0,"max_hp_loss":0,"event_name":"The Woman in Blue","floor":4,"gold_loss":0},{"damage_healed":0,"gold_gain":0,"player_choice":"2 cards matched","damage_taken":0,"max_hp_gain":0,"max_hp_loss":0,"event_name":"Match and Keep!","floor":11,"gold_loss":0,"cards_obtained":["Conserve Battery","Loop"]}],"is_beta":false,"boss_relics":[{"not_picked":["Inserter","Tiny House"],"picked":"Philosopher\u0027s Stone"}],"items_purged_floors":[7],"is_endless":false,"potions_floor_spawned":[3,8,16,19,20,21],"killed_by":"Gremlin Leader","ascension_level":9}}