{"host":"q8ewzd1tf4mqkgtb","time":1613428595,"event":{"mods":["Ascension Unlocker","BaseMod","Colored Map","Faster Ascension Climbing","Hermit","Minty Spire (QoL Compilation)","Relic Stats","StSLib","UnlockEverythingMod"],"gold_per_floor":[111,111,122,1,13,13,13,13],"floor_reached":7,"language":"ENG","playtime":877,"items_purged":["Strike_G"],"score":82,"play_id":"77a389a1-dbdf-4480-b98e-6bcc3dbdd5a5","local_time":"20210215163635","is_ascension_mode":true,"campfire_choices":[{"data":"Predator","floor":6,"key":"SMITH"}],"circlet_count":0,"master_deck":["AscendersBane","Strike_G","Strike_G","Strike_G","Strike_G","Defend_G","Defend_G","Defend_G","Defend_G","Defend_G","Survivor","Neutralize","Dagger Spray","Predator+1","Leg Sweep","Bouncing Flask"],"relics":["Snecko Eye","The Courier"],"acts_visited":["Exordium"],"potions_floor_usage":[],"damage_taken":[{"damage":11,"enemies":"Jaw Worm","floor":1,"turns":5},{"damage":5,"enemies":"2 Louse","floor":3,"turns":4},{"damage":0,"enemies":"Cultist","floor":5,"turns":3},{"damage":34,"enemies":"Gremlin Nob","floor":7,"turns":4}],"seed_played":"-786678029119941562","potions_obtained":[{"floor":3,"key":"Energy Potion"}],"is_trial":false,"path_per_floor":["M","?","M","$","M","R","E"],"character_chosen":"THE_SILENT","items_purchased":["Leg Sweep"],"campfire_rested":0,"item_purchase_floors":[4],"current_hp_per_floor":[48,37,32,32,32,32,0,0],"gold":13,"neow_bonus":"BOSS_RELIC","is_daily":false,"chose_seed":false,"campfire_upgraded":1,"win_rate":0.0,"timestamp":1613428595,"path_taken":["M","?","M","$","M","R","E"],"items_purchased_type":["Card"],"build_version":"2020-12-22","purchased_purges":1,"victory":false,"max_hp_per_floor":[66,66,66,66,66,66,66,66],"relic_stats":{"counters":[4,16],"Snecko Eye":[28,28,27,29],"obtain_stats":[{"Snecko Eye":0,"The Courier":2,"Ring of the Snake":0},{"Snecko Eye":0,"The Courier":1,"Ring of the Snake":0},{"Snecko Eye":0,"The Courier":5,"Ring of the Snake":0}]},"card_choices":[{"not_picked":["Heel Hook","Slice"],"picked":"Dagger Spray","floor":1},{"not_picked":["Sucker Punch","Bane"],"picked":"Predator","floor":3},{"not_picked":["Flying Knee","Skewer"],"picked":"Bouncing Flask","floor":5}],"player_experience":591930,"relics_obtained":[],"event_choices":[{"damage_healed":0,"gold_gain":0,"player_choice":"Success","damage_taken":11,"relics_obtained":["The Courier"],"max_hp_gain":0,"max_hp_loss":0,"event_name":"Scrap Ooze","floor":2,"gold_loss":0}],"is_beta":false,"boss_relics":[],"items_purged_floors":[4],"is_endless":false,"potions_floor_spawned":[3],"killed_by":"Gremlin Nob","ascension_level":20}}