{"host":"blnmo1e2jbqugfxh","time":1613369192,"event":{"mods":["2.2 Compatiblity","Astrologer","Bard","BaseMod","Beaked The Cultist","Colored Powertips","Conspire","Downfall","Friendly Minions","Googly Eyes","Hermit","Highlight Path","Hubris","Infinite Spire","Lobotomy","Marisa????????","Mimic Mod","Minty Spire (QoL Compilation)","MostiFishMod","Prisma Mod","Quick Restart","Rare Cards Sparkle","Replay The Spire","Shop Mod","StSLib","The Construct","The Cursed","The Disciple","The Exalted","The Hierophant","The Mystic","The Servant 0.9.4"],"gold_per_floor":[112,112,65,76,95,124,141,141,167,183,200,210,210,238,238,335,335,345,362,377,99,128,154,154,173,210,220,235,266,278,278,278,378,478,495,515,515,262,262,295,295,330,330,330,205,223,223,237,237,237],"floor_reached":51,"language":"ENG","playtime":1360,"items_purged":["Survivor","Defend_G+1","Neutralize+1"],"score":936,"play_id":"1e5cdaa2-932c-4b9b-b5de-0542f48f7f1a","local_time":"20210215010632","is_ascension_mode":false,"campfire_choices":[{"data":"All Out Attack","floor":8.0,"key":"SMITH"},{"data":"Flying Knee","floor":15.0,"key":"SMITH"},{"data":"Strike_G+1","floor":24.0,"key":"SMITH"},{"data":"Phantasmal Killer","floor":32.0,"key":"SMITH"},{"floor":41,"key":"REST"},{"floor":49,"key":"REST"}],"circlet_count":0,"master_deck":["Strike_G","Strike_G+3","Strike_G+2","Strike_G+2","Strike_G+3","Defend_G+3","Defend_G+2","Defend_G+6","Defend_G+2","Dagger Spray+1","Dagger Spray+1","ReplayTheSpireMod:From All Sides+1","All Out Attack+1","Poisoned Stab+1","Flying Knee+1","Phantasmal Killer+1","Prepared","Backstab+1","infinitespire:TheBestDefense+1","Flying Knee+1","Flying Knee+1"],"relics":["DaveBox","ExusiaiGun","SynthV:TestCard","DaCapo","DSteel32","Bromod:ArcaneMomentum","hubris:Metronome","Ring of Chaos","Simple Rune","Red Mask","hubris:DisguiseKit","Bromod:ArcaneTempo","Replay:Wanted Poster","hubris:Icosahedron","Bromod:ArcaneConsequence","PreservedInsect","Replay:PocketPolymizer","Dream Catcher"],"acts_visited":["Exordium","TheCity","TheBeyond"],"potions_floor_usage":[],"damage_taken":[{"damage":0.0,"enemies":"Jaw Worm","floor":1.0,"turns":1.0},{"damage":0.0,"enemies":"Cultist","floor":4.0,"turns":1.0},{"damage":0.0,"enemies":"2 Louse","floor":5.0,"turns":1.0},{"damage":0.0,"enemies":"Replay:BlueRogue","floor":6.0,"turns":1.0},{"damage":0.0,"enemies":"Blue Slaver","floor":7.0,"turns":1.0},{"damage":0.0,"enemies":"Red Slaver","floor":10.0,"turns":1.0},{"damage":0.0,"enemies":"Large Slime","floor":11.0,"turns":1.0},{"damage":0.0,"enemies":"Looter","floor":12.0,"turns":1.0},{"damage":0.0,"enemies":"Lagavulin","floor":14.0,"turns":2.0},{"damage":19.0,"enemies":"Fading Forest","floor":16.0,"turns":11.0},{"damage":0.0,"enemies":"conspire:FuzzyDice","floor":18.0,"turns":1.0},{"damage":0.0,"enemies":"2 Thieves","floor":19.0,"turns":1.0},{"damage":0.0,"enemies":"3 Cultists","floor":20.0,"turns":2.0},{"damage":0.0,"enemies":"Masked Bandits","floor":22.0,"turns":2.0},{"damage":0.0,"enemies":"Replay:Snechameleon","floor":23.0,"turns":1.0},{"damage":0.0,"enemies":"Shelled Parasite and Fungi","floor":25.0,"turns":1.0},{"damage":6.0,"enemies":"Snecko","floor":26.0,"turns":3.0},{"damage":0.0,"enemies":"Snecko","floor":27.0,"turns":2.0},{"damage":0.0,"enemies":"Sentry and Sphere","floor":28.0,"turns":1.0},{"damage":0.0,"enemies":"Slavers","floor":29.0,"turns":1.0},{"damage":0.0,"enemies":"Snake Plant","floor":30.0,"turns":1.0},{"damage":0.0,"enemies":"Automaton","floor":33.0,"turns":1.0},{"damage":12.0,"enemies":"3 Shapes","floor":35.0,"turns":1.0},{"damage":0.0,"enemies":"3 Darklings","floor":36.0,"turns":2.0},{"damage":1,"enemies":"Giant Head","floor":40,"turns":2},{"damage":3,"enemies":"Reptomancer","floor":42,"turns":1},{"damage":0,"enemies":"Sphere and 2 Shapes","floor":46,"turns":2},{"damage":0,"enemies":"Maw","floor":48,"turns":2},{"damage":24,"enemies":"hubris:GrandSnecko","floor":50,"turns":3}],"seed_played":"-8920449042105060267","potions_obtained":[{"floor":5.0,"key":"Swift Potion"},{"floor":7.0,"key":"SteroidPotion"},{"floor":14.0,"key":"Languid Potion"}],"is_trial":false,"path_per_floor":["M","?","$","M","M","E","M","R","T","M","M","M","?","E","R","B",null,"M","M","M","$","?","E","R","M","MIM","M","M","E","M","?","R","B",null,"M","M","?","$","?","E","R","E","T","?","$","M","?","M","R","B",null],"character_chosen":"THE_SILENT","items_purchased":["Dagger Spray","Backstab+1","Simple Rune","Bromod:ArcaneConsequence"],"campfire_rested":2,"item_purchase_floors":[3,21,21,38],"current_hp_per_floor":[70,70,70,70,70,70,70,70,70,70,70,70,70,70,70,55,70,70,70,70,70,70,70,70,70,64,64,64,64,64,64,64,64,70,58,58,58,58,42,41,62,59,59,59,59,59,59,59,66,42],"gold":237,"neow_bonus":"BOSS_RELIC","is_daily":false,"chose_seed":false,"campfire_upgraded":4,"win_rate":0.0,"timestamp":1613369192,"path_taken":["M","?","$","M","?","E","M","R","T","M","M","M","?","E","R","BOSS","M","M","M","$","?","E","R","M","MIM","M","?","E","M","?","R","BOSS","M","M","?","$","?","E","R","E","T","?","$","M","?","M","R","BOSS"],"items_purchased_type":["Card","Card","Relic","Relic"],"build_version":"2020-12-22","purchased_purges":3,"victory":true,"max_hp_per_floor":[70,70,70,70,70,70,70,70,70,70,70,70,70,70,70,70,70,70,70,70,70,70,70,70,70,70,70,70,70,70,70,70,70,70,70,70,70,70,70,70,70,70,70,66,66,66,66,66,66,66],"card_choices":[{"not_picked":["Dodge and Roll","Slice","hubris:SlightOfHand"],"picked":"SKIP","floor":1.0},{"not_picked":["Deadly Poison","MostiFishMod:InvigoratingSolution","Dodge and Roll","Deflect"],"picked":"Dagger Spray","floor":4.0},{"not_picked":["Reflex","Acrobatics","hubris:TrickCloak","Deadly Poison","ReplayTheSpireMod:The Works"],"picked":"SKIP","floor":5.0},{"not_picked":["Bouncing Flask","Outmaneuver","MostiFishMod:PoisonShield","Crippling Poison"],"picked":"ReplayTheSpireMod:From All Sides","floor":6.0},{"not_picked":["Deadly Poison","Leg Sweep","Hidden Blade","Slice"],"picked":"All Out Attack","floor":7.0},{"not_picked":["Infinite Blades","Draining Mist","ReplayTheSpireMod:Tripwire","Crippling Poison"],"picked":"Backflip","floor":10.0},{"not_picked":["Deflect","MostiFishMod:PerfectParry","MostiFishMod:AdrenalineArouse","Sucker Punch"],"picked":"Poisoned Stab","floor":11.0},{"not_picked":["conspire:DoublingDagger","MostiFishMod:PreservedThorns","All Out Attack","Dodge and Roll","Blade Dance"],"picked":"SKIP","floor":12.0},{"not_picked":["Dagger Spray","Eviscerate","Underhanded Strike","Leg Sweep"],"picked":"Flying Knee","floor":14.0},{"not_picked":["MostiFishMod:Listen","ReplayTheSpireMod:Necrosis","MostiFishMod:Confrontation","MostiFishMod:LethalBlade"],"picked":"Phantasmal Killer","floor":16.0},{"not_picked":["Backflip","Sucker Punch+1","PiercingWail","hubris:SlightOfHand"],"picked":"Prepared","floor":18.0},{"not_picked":["Dagger Throw","Hidden Blade","Footwork","Prepared+1","Slice"],"picked":"SKIP","floor":19.0},{"not_picked":["hubris:SlightOfHand","Unload","Dagger Spray","Flechettes+1","Underhanded Strike"],"picked":"SKIP","floor":20.0},{"not_picked":["Deflect+1","Infinite Blades","Heel Hook+1","Leg Sweep","Blur+1"],"picked":"SKIP","floor":23.0},{"not_picked":["Deflect","Dagger Spray","Dodge and Roll+1","Backflip","Predator","champ:TornadoPunch"],"picked":"SKIP","floor":25.0},{"not_picked":["ReplayTheSpireMod:The Works","Sucker Punch","Quick Slash","Dodge and Roll+1","Expertise","champ:StrikeOfGenius"],"picked":"SKIP","floor":27.0},{"not_picked":["Heel Hook","Prepared","Deflect","ReplayTheSpireMod:Speed Training+1","Bullet Time","champ:GutPunch"],"picked":"SKIP","floor":28.0},{"not_picked":["Dagger Spray","Prepared","Outmaneuver+1","Dagger Throw","Replay:Poison Smokescreen","champ:FanOfKnives"],"picked":"SKIP","floor":29.0},{"not_picked":["hubris:SlightOfHand+1","Distraction+1","Dodge and Roll","Acrobatics+1","Underhanded Strike","champ:BringItOn"],"picked":"SKIP","floor":30.0},{"not_picked":["Dagger Throw","Hidden Blade","Finisher+1","Flying Knee","Dagger Spray","champ:HeartStrike"],"picked":"SKIP","floor":35.0},{"not_picked":["Reflex+1","Prepared","MostiFishMod:InvigoratingSolution","Deadly Poison+1","MostiFishMod:FrostNova+1","champ:TornadoPunch"],"picked":"SKIP","floor":36.0},{"not_picked":["infinitespire:Menacing","infinitespire:Fortify"],"picked":"infinitespire:TheBestDefense","floor":39.0},{"not_picked":["Fluid Movement","Quick Slash","Crippling Poison","Doppelganger","Skewer+1","champ:PreciseThrust"],"picked":"SKIP","floor":40},{"not_picked":["Eviscerate","Deadly Poison+1","Noxious Fumes","Heel Hook+1","champ:Duel"],"picked":"Flying Knee+1","floor":42},{"not_picked":["Masterful Stab","Dodge and Roll","Dagger Throw+1","Hidden Blade","Poisoned Stab","champ:CrookedStrike"],"picked":"SKIP","floor":46},{"not_picked":["Dodge and Roll+1","Quick Slash","Poisoned Stab","hubris:SlightOfHand+1","ReplayTheSpireMod:The Works+1","champ:PerfectedStrike"],"picked":"SKIP","floor":48},{"not_picked":["Heel Hook","MostiFishMod:SpreadingSpore","Outmaneuver","Prepared","champ:FlashCut"],"picked":"Flying Knee+1","floor":49}],"player_experience":34734,"relics_obtained":[{"floor":1.0,"key":"SynthV:TestCard"},{"floor":6.0,"key":"DaCapo"},{"floor":9.0,"key":"Bromod:ArcaneMomentum"},{"floor":14.0,"key":"hubris:Metronome"},{"floor":22.0,"key":"Red Mask"},{"floor":23.0,"key":"hubris:DisguiseKit"},{"floor":29.0,"key":"Bromod:ArcaneTempo"},{"floor":40,"key":"PreservedInsect"},{"floor":42,"key":"Replay:PocketPolymizer"},{"floor":43,"key":"Dream Catcher"}],"event_choices":[{"damage_healed":0.0,"max_hp_gain":0.0,"max_hp_loss":0.0,"gold_gain":0.0,"event_name":"Accursed Blacksmith","player_choice":"Forge","floor":2.0,"gold_loss":0.0,"damage_taken":0.0,"cards_upgraded":["Strike_G"]},{"damage_healed":0.0,"max_hp_gain":0.0,"max_hp_loss":0.0,"gold_gain":0.0,"event_name":"Masked Bandits","player_choice":"Fought Bandits","floor":22.0,"gold_loss":0.0,"damage_taken":0.0},{"damage_healed":0.0,"max_hp_gain":0.0,"max_hp_loss":0.0,"gold_gain":0.0,"event_name":"conspire:Investor","player_choice":"Leave","floor":31.0,"gold_loss":0.0,"damage_taken":0.0},{"damage_healed":0,"gold_gain":0,"player_choice":"Max HP","damage_taken":0,"max_hp_gain":0,"max_hp_loss":4,"event_name":"Winding Halls","floor":44,"gold_loss":0},{"cards_removed":["Backflip"],"damage_healed":0,"gold_gain":0,"player_choice":"Removed Skill","damage_taken":0,"max_hp_gain":0,"max_hp_loss":0,"event_name":"Falling","floor":47,"gold_loss":0}],"is_beta":false,"boss_relics":[{"not_picked":["EE1DDrone","FeatherPendant"],"picked":"Ring of Chaos"},{"not_picked":["SlaversCollar","RhineSuit"],"picked":"Replay:Wanted Poster"}],"items_purged_floors":[21,38,45],"is_endless":false,"potions_floor_spawned":[5,7,14,20,23,25,27,28,30,35,46,48],"ascension_level":0}}