{"host":"8czslf765hghnpcx","time":1613390833,"event":{"mods":["BaseMod","BetterRewards","Colored Map","Downfall","GifTheSpireLib","Minty Spire (QoL Compilation)","Quick Restart","StSLib","noobMod"],"gold_per_floor":[99,110,124,61,116,116,188,217,217,235,64,64,75,102,113,218,218,118,130,146,165,72,72,72,89,116,130,230,249,282,293,312,407,407,307,318,593,0,11,60,83,98,126,146,173,183,83,83,94,94,94,94],"floor_reached":50,"language":"ZHS","playtime":6612,"items_purged":["champ:Defend","champ:Defend","champ:Strike"],"score":673,"play_id":"f64321e5-bbc3-4314-b8ef-8ba7b743a7ac","local_time":"20210215200713","is_ascension_mode":false,"campfire_choices":[{"data":"champ:Taunt","floor":1,"key":"SMITH"},{"floor":12,"key":"REST"},{"data":"champ:LastStand","floor":18,"key":"SMITH"},{"floor":35,"key":"RECALL"},{"data":"champ:StrikeOfGenius","floor":47,"key":"SMITH"}],"circlet_count":0,"master_deck":["champ:Strike","champ:Defend","champ:Defend","champ:Execute","champ:Taunt+1","champ:DeathBlow","champ:FocusedBerserking","champ:EnGarde","champ:BerserkersShout","champ:Backstep+1","champ:ShieldWall","champ:IronFortress","champ:FancyFootwork","champ:StanceDance","champ:FanOfKnives","champ:LastStand+1","champ:FancyFootwork","champ:Duel","champ:IronFortress","champ:IronFortress","Necronomicurse","champ:FancyFootwork+1","champ:CheapShot","champ:EnragedBash+1","champ:Encircle","champ:SkillfulDodge","J.A.X.","champ:IronFortress","champ:VampiricStrike","champ:GutPunch","champ:StrikeOfGenius+1","champ:GutPunch","Regret","champ:TornadoPunch+1","champ:LastStand","champ:MurderStrike+1","champ:CalledShot+1","champ:FanOfKnives+1","expansioncontent:DashGenerateEvil","champ:FocusedBerserking+1","champ:Endure+1","champ:AdrenalArmor+1","champ:CalledShot+1"],"relics":["champ:ChampionCrownUpgraded","ice","Tiny Chest","White Beast Statue","Matryoshka","Sundial","downfall:HeartBlessingBlue","Necronomicon","Anchor","Regal Pillow","Nunchaku","MutagenicStrength","Pantograph","Philosopher\u0027s Stone","downfall:HeartBlessingGreen","Blue Candle","Whetstone","Art of War","Oddly Smooth Stone","downfall:HeartBlessingRed","Boot"],"acts_visited":["Exordium","TheCity","TheBeyond"],"potions_floor_usage":[21,22,22,28,31,33,33,36,44,50,50],"damage_taken":[{"damage":15,"enemies":"Small Slimes","floor":2,"turns":3},{"damage":13,"enemies":"Jaw Worm","floor":3,"turns":4},{"damage":20,"enemies":"downfall:FleeingMerchant","floor":4,"turns":4},{"damage":117,"enemies":"Lagavulin Event","floor":5,"turns":9},{"damage":73,"enemies":"Lagavulin","floor":8,"turns":7},{"damage":36,"enemies":"Cultist","floor":10,"turns":5},{"damage":29,"enemies":"downfall:FleeingMerchant","floor":11,"turns":4},{"damage":34,"enemies":"Exordium Wildlife","floor":13,"turns":4},{"damage":34,"enemies":"Large Slime","floor":15,"turns":7},{"damage":57,"enemies":"IC_STATUS_ARCHETYPE","floor":16,"turns":8},{"damage":53,"enemies":"Spheric Guardian","floor":19,"turns":6},{"damage":39,"enemies":"Chosen","floor":20,"turns":5},{"damage":46,"enemies":"3 Cultists","floor":21,"turns":4},{"damage":32,"enemies":"downfall:FleeingMerchant","floor":22,"turns":4},{"damage":40,"enemies":"Snake Plant","floor":25,"turns":4},{"damage":46,"enemies":"Book of Stabbing","floor":26,"turns":5},{"damage":36,"enemies":"Chosen and Byrds","floor":27,"turns":5},{"damage":20,"enemies":"downfall:Augmenter","floor":28,"turns":6},{"damage":23,"enemies":"Centurion and Healer","floor":29,"turns":4},{"damage":48,"enemies":"Slavers","floor":30,"turns":4},{"damage":8,"enemies":"Snake Plant","floor":31,"turns":2},{"damage":36,"enemies":"3 Cultists","floor":32,"turns":5},{"damage":78,"enemies":"DF_ARCHETYPE_CLAW","floor":33,"turns":7},{"damage":82,"enemies":"3 Darklings","floor":36,"turns":4},{"damage":53,"enemies":"downfall:FleeingMerchant","floor":38,"turns":6},{"damage":0,"enemies":"3 Shapes","floor":39,"turns":1},{"damage":5,"enemies":"downfall:FleeingMerchant","floor":40,"turns":1},{"damage":27,"enemies":"Writhing Mass","floor":42,"turns":4},{"damage":39,"enemies":"Reptomancer","floor":43,"turns":3},{"damage":0,"enemies":"4 Shapes","floor":44,"turns":2},{"damage":27,"enemies":"Giant Head","floor":45,"turns":5},{"damage":35,"enemies":"Sphere and 2 Shapes","floor":46,"turns":3},{"damage":47,"enemies":"Maw","floor":49,"turns":7},{"damage":45,"enemies":"WA_ARCHETYPE_DIVINITY","floor":50,"turns":5}],"seed_played":"-6553652447239764298","potions_obtained":[{"floor":2,"key":"SmokeBomb"},{"floor":8,"key":"FearPotion"},{"floor":10,"key":"champ:TechniquePotion"},{"floor":11,"key":"BlessingOfTheForge"},{"floor":13,"key":"champ:TechniquePotion"},{"floor":19,"key":"Energy Potion"},{"floor":21,"key":"champ:OpenerPotion"},{"floor":22,"key":"EssenceOfSteel"},{"floor":25,"key":"champ:CounterPotion"},{"floor":27,"key":"Energy Potion"},{"floor":28,"key":"EssenceOfSteel"},{"floor":31,"key":"ColorlessPotion"},{"floor":33,"key":"Fire Potion"},{"floor":36,"key":"Guardian:BlockOnCardUsePotion"},{"floor":38,"key":"DuplicationPotion"},{"floor":40,"key":"Energy Potion"},{"floor":43,"key":"Fruit Juice"},{"floor":44,"key":"champ:OpenerPotion"},{"floor":45,"key":"DistilledChaos"}],"is_trial":false,"path_per_floor":["R","M","M","$","?","?","T","E","?","M","$","R","M","T","M","B",null,"R","M","M","M","$","?","T","M","E","M","?","M","E","M","M","B",null,"R","M","?","$","M","$","T","M","E","M","E","M","R","T","M","B"],"character_chosen":"THE_CHAMP","items_purchased":["champ:EnGarde","champ:FancyFootwork","champ:IronFortress","Blue Candle","champ:LastStand","champ:MurderStrike","expansioncontent:DashGenerateEvil"],"campfire_rested":1,"item_purchase_floors":[4,11,22,38,38,38,40],"current_hp_per_floor":[99,94,91,91,44,49,49,31,31,30,25,56,42,42,33,17,104,114,96,82,76,74,58,58,43,42,41,41,38,20,17,111,83,128,128,91,91,68,68,68,68,66,47,52,35,35,35,35,20,0,0,0],"gold":94,"neow_bonus":"TEN_PERCENT_HP_BONUS","is_daily":false,"chose_seed":false,"campfire_upgraded":3,"win_rate":0.0,"timestamp":1613390833,"path_taken":["R","M","M","$","?","?","T","E","?","M","$","R","?","?","M","BOSS","R","M","M","M","$","?","T","M","E","M","?","M","E","M","M","BOSS","R","M","?","$","M","$","T","M","E","M","E","M","R","?","M","BOSS"],"items_purchased_type":["Card","Card","Card","Relic","Card","Card","Card"],"build_version":"2020-12-22","purchased_purges":3,"victory":false,"max_hp_per_floor":[99,99,99,99,99,104,104,104,104,104,104,104,104,104,104,104,104,114,114,114,114,114,114,114,114,114,114,114,114,114,114,116,128,128,128,135,135,140,144,144,144,146,150,155,157,159,159,159,161,163,163,163],"card_choices":[{"not_picked":["champ:Haymaker","champ:ShieldSlam"],"picked":"champ:DeathBlow","floor":2},{"not_picked":["champ:PreemptiveStrike","champ:Haymaker","champ:CrownThrow"],"picked":"SKIP","floor":3},{"not_picked":["champ:Shatter","champ:AdrenalArmor"],"picked":"champ:FocusedBerserking","floor":4},{"not_picked":["champ:AdrenalArmor","champ:Shatter"],"picked":"champ:BerserkersShout","floor":5},{"not_picked":["champ:TornadoPunch","champ:Parry"],"picked":"champ:Backstep","floor":8},{"not_picked":["champ:ArenaPreparation","champ:Haymaker"],"picked":"champ:ShieldWall","floor":10},{"not_picked":["champ:TornadoPunch","champ:DefensiveShout"],"picked":"champ:IronFortress","floor":11},{"not_picked":["champ:BladeFlurry","champ:Endure"],"picked":"champ:StanceDance","floor":13},{"not_picked":["champ:Duel","champ:CrownThrow"],"picked":"champ:FanOfKnives","floor":15},{"not_picked":["champ:VampiricStrike","champ:UltimateStance"],"picked":"champ:LastStand","floor":16},{"not_picked":["champ:CrownThrow","champ:Circumvent"],"picked":"champ:FancyFootwork","floor":19},{"not_picked":["champ:EnGarde","champ:Haymaker","champ:Circumvent+1"],"picked":"SKIP","floor":20},{"not_picked":["champ:PerfectedStrike+1","champ:BladeFlurry"],"picked":"champ:Duel","floor":21},{"not_picked":["champ:HeavySlash","champ:Shatter"],"picked":"champ:IronFortress","floor":22},{"not_picked":["champ:EnGarde","champ:StanceDance"],"picked":"champ:FancyFootwork+1","floor":25},{"not_picked":["champ:StanceDance+1","champ:HeartStrike+1"],"picked":"champ:CheapShot","floor":26},{"not_picked":["champ:BladeFlurry","champ:DefensiveShout"],"picked":"champ:EnragedBash","floor":27},{"not_picked":[],"picked":"J.A.X.","floor":28},{"not_picked":["champ:RapidStrikes","champ:BladeFlurry+1"],"picked":"champ:IronFortress","floor":28},{"not_picked":["champ:FanOfKnives+1","champ:RisingSlash"],"picked":"champ:VampiricStrike","floor":29},{"not_picked":["champ:Lariat","champ:DefensiveShout+1","champ:PreemptiveStrike"],"picked":"SKIP","floor":30},{"not_picked":["champ:Haymaker","champ:StanceDance+1","champ:FlashCut"],"picked":"SKIP","floor":31},{"not_picked":["champ:PreciseThrust+1","champ:FlashCut"],"picked":"champ:GutPunch","floor":32},{"not_picked":["champ:CheapShot","champ:HoldFirm"],"picked":"champ:StrikeOfGenius","floor":33},{"not_picked":["champ:FanOfKnives","champ:PreciseThrust+1"],"picked":"champ:GutPunch","floor":36},{"not_picked":["champ:EnGarde","champ:EnragedBash"],"picked":"champ:TornadoPunch+1","floor":38},{"not_picked":["champ:Haymaker","champ:AdrenalArmor"],"picked":"champ:CalledShot+1","floor":39},{"not_picked":["champ:Duel+1","champ:TornadoPunch+1"],"picked":"champ:FanOfKnives+1","floor":40},{"not_picked":["champ:SwordThrow","champ:Circumvent+1"],"picked":"champ:FocusedBerserking+1","floor":42},{"not_picked":["champ:Encircle","champ:PreciseThrust"],"picked":"champ:Endure+1","floor":43},{"not_picked":["champ:Parry","champ:RapidStrikes+1","champ:PreemptiveStrike+1"],"picked":"SKIP","floor":44},{"not_picked":["champ:ShieldSlam","champ:PerfectedStrike","champ:SetATrap"],"picked":"SKIP","floor":45},{"not_picked":["champ:BladeFlurry+1","champ:Haymaker+1"],"picked":"champ:AdrenalArmor+1","floor":46},{"not_picked":["champ:EnGarde+1","champ:BerserkersShout"],"picked":"champ:CalledShot+1","floor":49}],"player_experience":136835,"relics_obtained":[{"floor":7,"key":"White Beast Statue"},{"floor":8,"key":"Matryoshka"},{"floor":14,"key":"Sundial"},{"floor":23,"key":"Necronomicon"},{"floor":24,"key":"Anchor"},{"floor":24,"key":"Regal Pillow"},{"floor":26,"key":"Nunchaku"},{"floor":28,"key":"MutagenicStrength"},{"floor":30,"key":"Pantograph"},{"floor":41,"key":"Whetstone"},{"floor":43,"key":"Art of War"},{"floor":45,"key":"Oddly Smooth Stone"},{"floor":48,"key":"Boot"}],"event_choices":[{"damage_healed":0,"gold_gain":0,"player_choice":"Donut","damage_taken":0,"max_hp_gain":5,"max_hp_loss":0,"event_name":"Big Fish","floor":6,"gold_loss":0},{"damage_healed":0,"gold_gain":0,"player_choice":"Forge","damage_taken":0,"max_hp_gain":0,"max_hp_loss":0,"event_name":"Accursed Blacksmith","floor":9,"gold_loss":0,"cards_upgraded":["champ:Backstep"]}],"is_beta":false,"boss_relics":[{"not_picked":["Snecko Eye","Runic Dome"],"picked":"champ:ChampionCrownUpgraded"},{"not_picked":["Astrolabe","Tiny House"],"picked":"Philosopher\u0027s Stone"}],"items_purged_floors":[11,38,40],"is_endless":false,"potions_floor_spawned":[2,8,10,11,13,15,16,19,20,21,22,25,26,27,28,29,30,31,32,33,36,38,39,40,42,43,44,45,46,49],"killed_by":"WA_ARCHETYPE_DIVINITY","ascension_level":0}}