{"host":"qp7xs8nuzfsyommi","time":1613400820,"event":{"mods":["2.2 Compatiblity","BaseMod","Colored Powertips","DeckTracker","Highlight Path","Minty Spire (QoL Compilation)","Permanent Neow","Quick Restart","StSLib"],"gold_per_floor":[363,197,197,209,48,48,65,65,65,91,101,115,115,115],"floor_reached":13,"language":"ENG","playtime":479,"items_purged":[],"score":170,"play_id":"24e8b3d5-df43-4e65-929b-7808397a1a6d","local_time":"20210215095340","is_ascension_mode":true,"campfire_choices":[{"data":"Genetic Algorithm","floor":6,"key":"SMITH"},{"data":"Hologram","floor":8,"key":"SMITH"}],"circlet_count":0,"master_deck":["AscendersBane","Strike_B","Strike_B","Strike_B","Strike_B","Defend_B","Defend_B","Defend_B","Defend_B","Zap","Dualcast","Turbo","Genetic Algorithm+1","Hologram+1","Buffer","Coolheaded","Ball Lightning"],"relics":["Cracked Core","OrangePellets","FaceOfCleric","Medical Kit","Letter Opener","Cables"],"acts_visited":["Exordium"],"potions_floor_usage":[13,13],"damage_taken":[{"damage":1,"enemies":"2 Louse","floor":1,"turns":3},{"damage":1,"enemies":"Cultist","floor":4,"turns":3},{"damage":4,"enemies":"Small Slimes","floor":7,"turns":3},{"damage":41,"enemies":"3 Sentries","floor":10,"turns":7},{"damage":0,"enemies":"2 Fungi Beasts","floor":11,"turns":4},{"damage":9,"enemies":"Red Slaver","floor":12,"turns":3},{"damage":21,"enemies":"Gremlin Nob","floor":13,"turns":4}],"seed_played":"1764499439465728474","potions_obtained":[{"floor":4,"key":"SteroidPotion"},{"floor":10,"key":"Strength Potion"}],"is_trial":false,"path_per_floor":["M","$","?","M","$","R","M","R","T","E","M","M","E"],"character_chosen":"DEFECT","items_purchased":["OrangePellets","Medical Kit"],"campfire_rested":0,"item_purchase_floors":[2,5],"current_hp_per_floor":[63,63,63,63,63,63,60,60,60,20,21,13,0,0],"gold":115,"neow_bonus":"TWO_FIFTY_GOLD","is_daily":false,"chose_seed":false,"campfire_upgraded":2,"win_rate":0.0,"timestamp":1613400820,"path_taken":["M","$","?","M","$","R","?","R","T","E","M","M","E"],"items_purchased_type":["Relic","Relic"],"build_version":"2020-12-22","purchased_purges":0,"victory":false,"max_hp_per_floor":[64,64,64,65,65,65,66,66,66,67,68,69,69,69],"card_choices":[{"not_picked":["Sweeping Beam","Sunder"],"picked":"Turbo","floor":1},{"not_picked":["Redo","Defragment"],"picked":"Genetic Algorithm","floor":4},{"not_picked":["Leap","Stack"],"picked":"Hologram","floor":7},{"not_picked":["Blizzard","Redo"],"picked":"Buffer","floor":10},{"not_picked":["Gash","Conserve Battery"],"picked":"Coolheaded","floor":11},{"not_picked":["Auto Shields","Steam"],"picked":"Ball Lightning","floor":12}],"player_experience":1907744,"relics_obtained":[{"floor":9,"key":"Letter Opener"},{"floor":10,"key":"Cables"}],"event_choices":[{"damage_healed":0,"gold_gain":0,"player_choice":"Trade","damage_taken":0,"relics_obtained":["FaceOfCleric"],"max_hp_gain":0,"max_hp_loss":0,"event_name":"FaceTrader","floor":3,"gold_loss":0}],"is_beta":false,"boss_relics":[],"items_purged_floors":[],"is_endless":false,"potions_floor_spawned":[4,10],"killed_by":"Gremlin Nob","ascension_level":20}}