{"host":"0ueeacaatm8t6jyh","time":1613407391,"event":{"mods":["AchievementEnabler","BaseMod","Colored Powertips","Minty Spire (QoL Compilation)","Quick Restart","Rare Cards Sparkle","Shop Mod","StSLib"],"gold_per_floor":[118,134,134,309,309,309,61,102,127,151,176,176,190,211,211,306,306,320,320,69,104,104,142,17,17,17,17,17,17,17,50,50,50,50],"floor_reached":33,"language":"ZHS","playtime":1327,"items_purged":["Doubt","Strike_G","Writhe"],"score":517,"play_id":"3366cae9-2921-424b-a01e-212a5b658ef5","local_time":"20210216004311","is_ascension_mode":true,"campfire_choices":[{"data":"Venomology","floor":6.0,"key":"SMITH"},{"data":"Accuracy","floor":12.0,"key":"SMITH"},{"floor":15.0,"key":"REST"},{"floor":25.0,"key":"REST"},{"data":"Strike_G","floor":27.0,"key":"PURGE"},{"data":"Defend_G","floor":28.0,"key":"PURGE"},{"data":"Strike_G","floor":29.0,"key":"PURGE"},{"floor":32.0,"key":"REST"}],"circlet_count":0,"master_deck":["AscendersBane","Strike_G+1","Strike_G","Defend_G","Defend_G+1","Defend_G","Neutralize","Venomology+1","Blade Dance","Accuracy+1","Backflip","Adrenaline","Blade Dance","Doppelganger","Prepared","Choke"],"relics":["Ring of the Serpent","NeowsBlessing","Golden Idol","OrangePellets","Oddly Smooth Stone","Ancient Tea Set","Medical Kit","Red Mask","WingedGreaves","Peace Pipe","CaptainsWheel","Letter Opener"],"acts_visited":["Exordium","TheCity"],"potions_floor_usage":[33,33],"damage_taken":[{"damage":0.0,"enemies":"2 Louse","floor":1.0,"turns":1.0},{"damage":0.0,"enemies":"Small Slimes","floor":2.0,"turns":1.0},{"damage":0.0,"enemies":"Gremlin Nob","floor":8.0,"turns":1.0},{"damage":12.0,"enemies":"Jaw Worm","floor":10.0,"turns":4.0},{"damage":0.0,"enemies":"Red Slaver","floor":11.0,"turns":2.0},{"damage":0.0,"enemies":"Blue Slaver","floor":13.0,"turns":2.0},{"damage":0.0,"enemies":"Looter","floor":14.0,"turns":1.0},{"damage":19.0,"enemies":"Slime Boss","floor":16.0,"turns":10.0},{"damage":12.0,"enemies":"Shell Parasite","floor":18.0,"turns":6.0},{"damage":34.0,"enemies":"Masked Bandits","floor":21.0,"turns":6.0},{"damage":5.0,"enemies":"Gremlin Leader","floor":23.0,"turns":11.0},{"damage":6.0,"enemies":"Book of Stabbing","floor":31.0,"turns":3.0},{"damage":53,"enemies":"Collector","floor":33,"turns":5}],"seed_played":"-182547057890624388","potions_obtained":[{"floor":8.0,"key":"Dexterity Potion"},{"floor":10.0,"key":"Strength Potion"},{"floor":11.0,"key":"AttackPotion"},{"floor":14.0,"key":"SteroidPotion"},{"floor":21.0,"key":"BlessingOfTheForge"},{"floor":23.0,"key":"SteroidPotion"}],"is_trial":false,"path_per_floor":["M","M","?","?","?","R","$","E","T","M","M","R","M","M","R","B",null,"M","?","$","?","?","E","$","R","T","R","R","R","?","E","R","B"],"character_chosen":"THE_SILENT","items_purchased":["Blade Dance","OrangePellets","Medical Kit"],"campfire_rested":3,"item_purchase_floors":[7,7,20],"current_hp_per_floor":[59,59,43,43,30,30,30,30,30,18,18,18,18,18,37,18,54,42,42,42,8,8,3,3,22,22,22,22,22,22,16,35,0,0],"gold":50,"neow_bonus":"THREE_ENEMY_KILL","is_daily":false,"chose_seed":false,"campfire_upgraded":2,"win_rate":0.0,"timestamp":1613407391,"path_taken":["M","M","?","?","?","R","?","E","T","?","M","R","M","M","R","BOSS","M","?","$","?","?","E","$","R","T","R","R","R","?","E","R","BOSS"],"items_purchased_type":["Card","Relic","Relic"],"build_version":"2020-12-22","purchased_purges":3,"victory":false,"max_hp_per_floor":[66,66,66,66,66,66,66,66,66,66,66,66,66,66,66,66,66,66,66,66,66,66,66,66,66,66,66,66,66,66,66,66,66,66],"card_choices":[{"not_picked":["Dagger Spray","Cloak And Dagger","Dodge and Roll"],"picked":"SKIP","floor":1.0},{"not_picked":["Leg Sweep","Sucker Punch"],"picked":"Venomology","floor":2.0},{"not_picked":["Deadly Poison","Distraction"],"picked":"Accuracy","floor":8.0},{"not_picked":["Setup","Acrobatics"],"picked":"Backflip","floor":10.0},{"not_picked":["Caltrops","Outmaneuver","Acrobatics"],"picked":"SKIP","floor":11.0},{"not_picked":["Acrobatics","Masterful Stab","Dagger Spray"],"picked":"SKIP","floor":13.0},{"not_picked":["Endless Agony","Skewer","Heel Hook"],"picked":"SKIP","floor":14.0},{"not_picked":["Storm of Steel","Night Terror"],"picked":"Adrenaline","floor":16.0},{"not_picked":["Riddle With Holes","Acrobatics","Slice"],"picked":"SKIP","floor":18.0},{"not_picked":["Underhanded Strike","Expertise+1"],"picked":"Doppelganger","floor":23.0},{"not_picked":["Dagger Throw","Predator","Blade Dance"],"picked":"SKIP","floor":31.0}],"player_experience":541135,"relics_obtained":[{"floor":8.0,"key":"Oddly Smooth Stone"},{"floor":9.0,"key":"Ancient Tea Set"},{"floor":21.0,"key":"Red Mask"},{"floor":23.0,"key":"Peace Pipe"},{"floor":26.0,"key":"CaptainsWheel"},{"floor":31.0,"key":"Letter Opener"}],"event_choices":[{"damage_healed":0.0,"max_hp_gain":0.0,"max_hp_loss":0.0,"gold_gain":0.0,"event_name":"Golden Idol","player_choice":"Take Damage","floor":3.0,"gold_loss":0.0,"damage_taken":16.0,"relics_obtained":["Golden Idol"]},{"damage_healed":0.0,"max_hp_gain":0.0,"max_hp_loss":0.0,"gold_gain":175.0,"event_name":"Liars Game","player_choice":"AGREE","floor":4.0,"gold_loss":0.0,"damage_taken":0.0,"cards_obtained":["Doubt"]},{"damage_healed":0.0,"max_hp_gain":0.0,"max_hp_loss":0.0,"gold_gain":0.0,"event_name":"Shining Light","player_choice":"Entered Light","floor":5.0,"gold_loss":0.0,"damage_taken":13.0,"cards_upgraded":["Strike_G","Defend_G"]},{"damage_healed":0.0,"max_hp_gain":0.0,"max_hp_loss":0.0,"gold_gain":0.0,"event_name":"The Library","player_choice":"Read","floor":19.0,"gold_loss":0.0,"damage_taken":0.0,"cards_obtained":["Blade Dance"]},{"damage_healed":0.0,"max_hp_gain":0.0,"max_hp_loss":0.0,"gold_gain":0.0,"event_name":"Masked Bandits","player_choice":"Fought Bandits","floor":21.0,"gold_loss":0.0,"damage_taken":0.0},{"damage_healed":0.0,"max_hp_gain":0.0,"max_hp_loss":0.0,"gold_gain":0.0,"event_name":"The Mausoleum","player_choice":"Opened","floor":22.0,"gold_loss":0.0,"damage_taken":0.0,"relics_obtained":["WingedGreaves"],"cards_obtained":["Writhe"]},{"damage_healed":0.0,"max_hp_gain":0.0,"max_hp_loss":0.0,"gold_gain":0.0,"cards_transformed":["Survivor","Defend_G"],"event_name":"Drug Dealer","player_choice":"Became Test Subject","floor":30.0,"gold_loss":0.0,"damage_taken":0.0,"cards_obtained":["Prepared","Choke"]}],"is_beta":false,"boss_relics":[{"not_picked":["Tiny House","Busted Crown"],"picked":"Ring of the Serpent"}],"items_purged_floors":[7,20,24],"is_endless":false,"potions_floor_spawned":[8,10,11,14,21,23],"killed_by":"Collector","ascension_level":14}}