{"host":"l3h7vlt0ggqh50f5","time":1613414058,"event":{"mods":["BaseMod","Colored Map","Colored Powertips","Minty Spire (QoL Compilation)","Relic Stats","ojb\u0027s Info Mod"],"gold_per_floor":[118,118,135,60,60,60,87,101,101,142,142,178,178,178,178,285,285,305,320,334,350,350,350,98,137,164,121,156,156,191,217,217,326,326,362,362,362,391,391,422,451,480,503,76,92,101,101,101,101,101,101,101,37,72,72],"floor_reached":56,"language":"ENG","playtime":4117,"items_purged":["Defend_G","Strike_G","Defend_G"],"score":2004,"play_id":"05fdf1b2-15c8-45b8-bac4-ccbf6a826c5a","local_time":"20210215193418","is_ascension_mode":true,"campfire_choices":[{"data":"Neutralize","floor":6.0,"key":"SMITH"},{"data":"Adrenaline","floor":11.0,"key":"SMITH"},{"data":"Tactician","floor":13.0,"key":"SMITH"},{"data":"Tools of the Trade","floor":15.0,"key":"SMITH"},{"data":"A Thousand Cuts","floor":23.0,"key":"SMITH"},{"data":"Terror","floor":32.0,"key":"SMITH"},{"data":"Calculated Gamble","floor":47.0,"key":"SMITH"},{"floor":49.0,"key":"RECALL"},{"data":"After Image","floor":52.0,"key":"SMITH"}],"circlet_count":0,"master_deck":["AscendersBane","Strike_G+1","Strike_G","Defend_G","Defend_G+1","Defend_G+1","Survivor","Neutralize+1","Tools of the Trade+1","Dagger Throw+1","Adrenaline+1","Backflip+1","Tactician+1","A Thousand Cuts+1","Prepared+1","Terror+1","Dagger Throw","Underhanded Strike+1","Endless Agony+1","Dagger Throw","After Image+1","Underhanded Strike+1","Escape Plan","Eviscerate","Dagger Throw+1","Calculated Gamble+1","Flash of Steel","Backflip","Acrobatics+1"],"relics":["Ring of the Snake","White Beast Statue","Pear","CeramicFish","Tiny Chest","Tough Bandages","Coffee Dripper","Vajra","TungstenRod","War Paint","Meat on the Bone","Prayer Wheel","Runic Pyramid","StrikeDummy","Strawberry","Blood Vial","Whetstone","Sundial","Blue Candle","FossilizedHelix"],"acts_visited":["Exordium","TheCity","TheBeyond","TheEnding"],"potions_floor_usage":[55,55,55],"damage_taken":[{"damage":9.0,"enemies":"Small Slimes","floor":1.0,"turns":6.0},{"damage":0.0,"enemies":"Jaw Worm","floor":3.0,"turns":4.0},{"damage":19.0,"enemies":"3 Sentries","floor":7.0,"turns":10.0},{"damage":0.0,"enemies":"2 Louse","floor":8.0,"turns":2.0},{"damage":12.0,"enemies":"Lagavulin","floor":10.0,"turns":8.0},{"damage":0.0,"enemies":"Gremlin Nob","floor":12.0,"turns":4.0},{"damage":0.0,"enemies":"Hexaghost","floor":16.0,"turns":13.0},{"damage":9.0,"enemies":"2 Thieves","floor":18.0,"turns":4.0},{"damage":0.0,"enemies":"Spheric Guardian","floor":19.0,"turns":4.0},{"damage":0.0,"enemies":"3 Cultists","floor":20.0,"turns":5.0},{"damage":0.0,"enemies":"Centurion and Healer","floor":21.0,"turns":6.0},{"damage":1.0,"enemies":"Gremlin Leader","floor":25.0,"turns":5.0},{"damage":0.0,"enemies":"Slavers","floor":28.0,"turns":5.0},{"damage":0.0,"enemies":"Chosen and Byrds","floor":30.0,"turns":3.0},{"damage":0.0,"enemies":"Snake Plant","floor":31.0,"turns":3.0},{"damage":1.0,"enemies":"Automaton","floor":33.0,"turns":7.0},{"damage":0.0,"enemies":"Orb Walker","floor":35.0,"turns":2.0},{"damage":3.0,"enemies":"3 Shapes","floor":38.0,"turns":2.0},{"damage":0.0,"enemies":"Giant Head","floor":40.0,"turns":5.0},{"damage":0.0,"enemies":"Jaw Worm Horde","floor":41.0,"turns":3.0},{"damage":0.0,"enemies":"Reptomancer","floor":42.0,"turns":3.0},{"damage":1.0,"enemies":"4 Shapes","floor":45.0,"turns":4.0},{"damage":64.0,"enemies":"Time Eater","floor":50.0,"turns":9.0},{"damage":27.0,"enemies":"Shield and Spear","floor":54.0,"turns":8.0},{"damage":0,"enemies":"The Heart","floor":55,"turns":7}],"seed_played":"-2781119236589926129","potions_obtained":[{"floor":1.0,"key":"SteroidPotion"},{"floor":8.0,"key":"DuplicationPotion"},{"floor":10.0,"key":"BlessingOfTheForge"},{"floor":12.0,"key":"PowerPotion"},{"floor":16.0,"key":"SteroidPotion"},{"floor":18.0,"key":"DuplicationPotion"},{"floor":19.0,"key":"Poison Potion"},{"floor":20.0,"key":"FearPotion"},{"floor":21.0,"key":"Regen Potion"},{"floor":25.0,"key":"DuplicationPotion"},{"floor":28.0,"key":"GhostInAJar"},{"floor":30.0,"key":"Block Potion"},{"floor":31.0,"key":"Fruit Juice"},{"floor":33.0,"key":"Swift Potion"},{"floor":35.0,"key":"LiquidBronze"},{"floor":38.0,"key":"Strength Potion"},{"floor":40.0,"key":"SkillPotion"},{"floor":41.0,"key":"Energy Potion"},{"floor":45.0,"key":"DistilledChaos"},{"floor":54.0,"key":"Fire Potion"}],"is_trial":false,"path_per_floor":["M","?","M","$","?","R","E","M","T","E","R","E","R","T","R","B",null,"M","M","M","M","T","R","$","E","T","$","E","T","M","M","R","B",null,"M","?","?","M","T","E","M","E","T","$","M","?","R","T","R","B",null,"R","$","E","B",null],"character_chosen":"THE_SILENT","items_purchased":["Vajra","Dagger Throw","Calculated Gamble","Sundial","SteroidPotion","Backflip"],"campfire_rested":0,"item_purchase_floors":[24,27,44,44,53,53],"current_hp_per_floor":[54,54,54,54,40,40,21,21,31,19,19,19,19,19,19,19,65,56,56,56,56,56,56,56,55,55,55,69,69,69,69,69,68,77,77,77,76,73,73,80,85,85,85,85,86,77,77,77,77,27,73,73,73,48,50],"gold":72,"neow_bonus":"TRANSFORM_CARD","is_daily":false,"chose_seed":false,"campfire_upgraded":8,"win_rate":0.0,"timestamp":1613414058,"path_taken":["M","?","M","?","?","R","E","M","T","E","R","E","R","?","R","BOSS","M","?","M","?","?","R","$","E","T","$","E","?","M","M","R","BOSS","M","?","?","M","?","E","M","E","T","$","M","?","R","?","R","BOSS","R","$","E","BOSS"],"items_purchased_type":["Relic","Card","Card","Relic","Potion","Card"],"build_version":"2020-12-22","purchased_purges":3,"victory":true,"max_hp_per_floor":[70,70,70,70,70,70,70,70,80,80,80,80,80,80,80,80,80,80,80,80,80,80,80,80,80,80,80,80,80,80,80,80,80,80,80,80,76,76,76,83,88,88,88,88,88,88,88,88,88,88,88,88,88,88,88],"relic_stats":{"counters":[25,132],"CeramicFish":162,"Blue Candle":[0],"Whetstone":["Strike_G","Endless Agony"],"War Paint":["Defend_G","Backflip"],"Blood Vial":8,"Tough Bandages":[840],"Sundial":[8],"Tiny Chest":2,"Prayer Wheel":6,"obtain_stats":[{"Pear":9,"CeramicFish":10,"Blue Candle":48,"Vajra":24,"Whetstone":43,"War Paint":26,"White Beast Statue":7,"Blood Vial":42,"Tough Bandages":14,"Sundial":44,"Strawberry":40,"Tiny Chest":12,"Prayer Wheel":29,"Coffee Dripper":17,"StrikeDummy":39,"TungstenRod":25,"FossilizedHelix":54,"Ring of the Snake":0,"Meat on the Bone":28,"Runic Pyramid":34},{"Pear":4,"CeramicFish":5,"Blue Candle":22,"Vajra":11,"Whetstone":21,"War Paint":12,"White Beast Statue":3,"Blood Vial":21,"Tough Bandages":6,"Sundial":21,"Strawberry":19,"Tiny Chest":6,"Prayer Wheel":13,"Coffee Dripper":7,"StrikeDummy":18,"TungstenRod":12,"FossilizedHelix":24,"Ring of the Snake":0,"Meat on the Bone":13,"Runic Pyramid":16},{"Pear":22,"CeramicFish":30,"Blue Candle":108,"Vajra":66,"Whetstone":104,"War Paint":71,"White Beast Statue":20,"Blood Vial":104,"Tough Bandages":34,"Sundial":104,"Strawberry":98,"Tiny Chest":34,"Prayer Wheel":76,"Coffee Dripper":47,"StrikeDummy":93,"TungstenRod":71,"FossilizedHelix":125,"Ring of the Snake":0,"Meat on the Bone":76,"Runic Pyramid":89}],"TungstenRod":15,"Ring of the Snake":[51],"Meat on the Bone":12},"card_choices":[{"not_picked":["Noxious Fumes","Flechettes"],"picked":"Dagger Throw","floor":1.0},{"not_picked":["Sucker Punch","Flechettes","Poisoned Stab"],"picked":"SKIP","floor":3.0},{"not_picked":["Sucker Punch","Unload","Flying Knee"],"picked":"SKIP","floor":7.0},{"not_picked":["Crippling Poison","Slice","Accuracy"],"picked":"SKIP","floor":8.0},{"not_picked":["Cloak And Dagger","Distraction"],"picked":"Backflip","floor":10.0},{"not_picked":["Dagger Spray","Flying Knee"],"picked":"Tactician","floor":12.0},{"not_picked":["Envenom","Venomology"],"picked":"A Thousand Cuts","floor":16.0},{"not_picked":["Dagger Throw","Crippling Poison"],"picked":"Prepared+1","floor":18.0},{"not_picked":["Quick Slash+1","Cloak And Dagger","Bane"],"picked":"SKIP","floor":19.0},{"not_picked":["Die Die Die","Deflect","Backstab"],"picked":"SKIP","floor":20.0},{"not_picked":["Flying Knee","Cloak And Dagger+1","Slice"],"picked":"SKIP","floor":21.0},{"not_picked":["Sucker Punch","Cloak And Dagger"],"picked":"Terror","floor":25.0},{"not_picked":["Catalyst","Slice","Expertise"],"picked":"SKIP","floor":28.0},{"not_picked":["Noxious Fumes","Leg Sweep"],"picked":"Underhanded Strike+1","floor":30.0},{"not_picked":["Prepared","Die Die Die"],"picked":"Endless Agony","floor":30.0},{"not_picked":["Setup","Prepared"],"picked":"Dagger Throw","floor":31.0},{"not_picked":["Dagger Spray+1","Bouncing Flask","Underhanded Strike"],"picked":"SKIP","floor":31.0},{"not_picked":["A Thousand Cuts","Envenom"],"picked":"After Image","floor":33.0},{"not_picked":["Distraction+1","Quick Slash+1"],"picked":"Underhanded Strike+1","floor":35.0},{"not_picked":["Cloak And Dagger+1","Bane+1"],"picked":"Escape Plan","floor":35.0},{"not_picked":["Setup","Masterful Stab"],"picked":"Eviscerate","floor":38.0},{"not_picked":["Dagger Throw","Deadly Poison+1","Quick Slash"],"picked":"SKIP","floor":38.0},{"not_picked":["Poisoned Stab+1","Bouncing Flask+1","Blade Dance+1"],"picked":"SKIP","floor":40.0},{"not_picked":["Slice+1","Poisoned Stab+1"],"picked":"Dagger Throw+1","floor":41.0},{"not_picked":["Infinite Blades","Well Laid Plans","Flying Knee+1"],"picked":"SKIP","floor":41.0},{"not_picked":["Doppelganger","Backflip","Dagger Throw+1"],"picked":"SKIP","floor":42.0},{"not_picked":["Doppelganger","Backflip","Dagger Throw+1"],"picked":"SKIP","floor":42.0},{"not_picked":["Catalyst","Distraction+1","Crippling Poison+1"],"picked":"SKIP","floor":45.0},{"not_picked":["Flying Knee","Deadly Poison+1","Bane+1"],"picked":"SKIP","floor":45.0},{"not_picked":["Dramatic Entrance","Purity"],"picked":"Flash of Steel","floor":46.0},{"not_picked":["Cloak And Dagger","Noxious Fumes+1"],"picked":"Acrobatics+1","floor":54.0}],"player_experience":305281,"relics_obtained":[{"floor":7.0,"key":"White Beast Statue"},{"floor":9.0,"key":"Pear"},{"floor":10.0,"key":"CeramicFish"},{"floor":12.0,"key":"Tiny Chest"},{"floor":14.0,"key":"Tough Bandages"},{"floor":25.0,"key":"TungstenRod"},{"floor":26.0,"key":"War Paint"},{"floor":28.0,"key":"Meat on the Bone"},{"floor":29.0,"key":"Prayer Wheel"},{"floor":39.0,"key":"StrikeDummy"},{"floor":40.0,"key":"Strawberry"},{"floor":42.0,"key":"Blood Vial"},{"floor":43.0,"key":"Whetstone"},{"floor":48.0,"key":"Blue Candle"},{"floor":54.0,"key":"FossilizedHelix"}],"event_choices":[{"damage_healed":0.0,"max_hp_gain":0.0,"max_hp_loss":0.0,"gold_gain":0.0,"cards_transformed":["Strike_G"],"event_name":"Living Wall","player_choice":"Change","floor":2.0,"gold_loss":0.0,"damage_taken":0.0,"cards_obtained":["Adrenaline"]},{"damage_healed":0.0,"max_hp_gain":0.0,"max_hp_loss":0.0,"gold_gain":0.0,"event_name":"Shining Light","player_choice":"Entered Light","floor":5.0,"gold_loss":0.0,"damage_taken":14.0,"cards_upgraded":["Dagger Throw","Defend_G"]},{"damage_healed":0.0,"max_hp_gain":0.0,"max_hp_loss":0.0,"gold_gain":0.0,"event_name":"Tomb of Lord Red Mask","player_choice":"Ignored","floor":36.0,"gold_loss":0.0,"damage_taken":0.0},{"damage_healed":0.0,"max_hp_gain":0.0,"max_hp_loss":4.0,"gold_gain":0.0,"event_name":"Winding Halls","player_choice":"Max HP","floor":37.0,"gold_loss":0.0,"damage_taken":0.0},{"damage_healed":0.0,"max_hp_gain":0.0,"max_hp_loss":0.0,"gold_gain":0.0,"event_name":"SensoryStone","player_choice":"Memory 3","floor":46.0,"gold_loss":0.0,"damage_taken":10.0}],"is_beta":false,"boss_relics":[{"not_picked":["Velvet Choker","SlaversCollar"],"picked":"Coffee Dripper"},{"not_picked":["Cursed Key","Busted Crown"],"picked":"Runic Pyramid"}],"items_purged_floors":[4,24,44],"is_endless":false,"potions_floor_spawned":[1,8,10,12,16,18,19,20,21,25,28,30,31,33,35,38,40,41,42,45,54],"ascension_level":10}}