{"host":"bp73yv6vym73vckj","time":1613425931,"event":{"mods":["BaseMod","Colored Powertips","Conspire","Hermit","Highlight Path","Hubris","Infinite Spire","Ironclad Rager","Minty Spire (QoL Compilation)","Quick Restart","Replay The Spire","StSLib","The Hierophant"],"gold_per_floor":[117,117,4,4,354,354,388,407,430,430,441,473,473,483,483,584,584,602,617,617,633,650,650,661,661,661,661,681,703,718,109,109,215,215,125,144,45,66,66,66,80,119,119,166,236,251,251,251,273,321,321,344,344],"floor_reached":52,"language":"ENG","playtime":4733,"items_purged":["hubris:Disease","Replay:Hysterical Blindness"],"score":856,"play_id":"22acb787-15f6-4aab-b7e0-7ae6f9bb6983","local_time":"20210215165211","is_ascension_mode":false,"campfire_choices":[{"data":"hermit:Combo","floor":6,"key":"SMITH"},{"data":"hermit:BlackWind","floor":10,"key":"SMITH"},{"data":"hermit:Maintenance","floor":13,"key":"SMITH"},{"data":"Delirium","floor":15,"key":"PURGE"},{"floor":25,"key":"REST"},{"floor":27,"key":"REST"},{"floor":32,"key":"REST"},{"data":"hermit:LoneWolf","floor":43,"key":"SMITH"},{"floor":51,"key":"REST"}],"circlet_count":0,"master_deck":["hermit:Strike_Hermit","hermit:Strike_Hermit","hermit:Strike_Hermit","hermit:Strike_Hermit","hermit:Defend_Hermit","hermit:Defend_Hermit","hermit:Defend_Hermit","hermit:Defend_Hermit","hermit:Snapshot","hermit:Covet","hermit:DeadMansHand","hermit:Grudge","hermit:Combo+1","hubris:Sloth","hermit:BlackWind+1","hermit:ShadowCloak","hermit:TakeCover","ReplayTheSpireMod:Restless Dread","hermit:Maintenance+1","hermit:HoleUp","hermit:Magnum","hermit:TrackingShot+1","Shame","hermit:TrackingShot","hermit:GhostlyPresence","hermit:LowProfile","hermit:TakeCover+1","hermit:Scavenge","hermit:FlashPowder","hermit:Quickdraw+1","Replay:Parry","hermit:TrackingShot","hubris:EnhanceAbility","hermit:Snipe","hermit:BigShot","hermit:FatalDesire","Decay","hubris:Sloth","hermit:RoundhouseKick","hermit:ShadowCloak+1","hermit:Dive","hermit:CalledShot","hermit:LoneWolf+1","ReplayTheSpireMod:Faulty Equipment","hermit:TrackingShot","hermit:Cheat+1","Discovery","hermit:TakeAim","hubris:Greed","hermit:Combo+1","hubris:Greed","hermit:BodyArmor+1","hubris:Greed","hubris:Greed"],"relics":["hermit:Momento","NeowsBlessing","hubris:Icosahedron","Vajra","Ring of Greed","Ring of Peace","Old Coin","Smiling Mask","Mirror","Pen Nib","Replay:Baseball","Philosopher\u0027s Stone","FaceOfCleric","infinitespire:Beetle Shell","hubris:TinFlute","Bag of Preparation","Replay:Ancient Bell","Oddly Smooth Stone","hermit:Horseshoe","FossilizedHelix","infinitespire:Midas Blood","Regal Pillow","Iron Hammer","conspire:TopHat"],"acts_visited":["Exordium","TheCity","TheBeyond"],"potions_floor_usage":[16,22,30,33,33,33,38,44,44,46],"damage_taken":[{"damage":0,"enemies":"Cultist","floor":1,"turns":1},{"damage":0,"enemies":"Lagavulin","floor":7,"turns":1},{"damage":0,"enemies":"Jaw Worm","floor":8,"turns":1},{"damage":0,"enemies":"Small Slimes","floor":11,"turns":2},{"damage":25,"enemies":"3 Sentries","floor":12,"turns":8},{"damage":7,"enemies":"Exordium Wildlife","floor":14,"turns":5},{"damage":9,"enemies":"The Guardian","floor":16,"turns":9},{"damage":40,"enemies":"3 Byrds","floor":18,"turns":8},{"damage":19,"enemies":"Shell Parasite","floor":19,"turns":8},{"damage":7,"enemies":"Centurion and Healer","floor":21,"turns":7},{"damage":0,"enemies":"Snecko","floor":22,"turns":5},{"damage":35,"enemies":"Sentry and Sphere","floor":24,"turns":7},{"damage":15,"enemies":"Snake Plant","floor":28,"turns":7},{"damage":6,"enemies":"Cultist and Chosen","floor":29,"turns":7},{"damage":9,"enemies":"Centurion and Healer","floor":30,"turns":8},{"damage":59,"enemies":"Automaton","floor":33,"turns":10},{"damage":0,"enemies":"3 Darklings","floor":35,"turns":7},{"damage":0,"enemies":"Orb Walker","floor":36,"turns":4},{"damage":19,"enemies":"Maw","floor":38,"turns":14},{"damage":0,"enemies":"Spire Growth","floor":41,"turns":8},{"damage":0,"enemies":"R_Hoarder","floor":42,"turns":13},{"damage":39,"enemies":"Nightmare","floor":44,"turns":10},{"damage":11,"enemies":"3 Darklings","floor":46,"turns":7},{"damage":0,"enemies":"4 Shapes","floor":49,"turns":9},{"damage":4,"enemies":"Reptomancer","floor":50,"turns":10},{"damage":72,"enemies":"Awakened One","floor":52,"turns":7}],"seed_played":"1245345527935211792","potions_obtained":[{"floor":1,"key":"Explosive Potion"},{"floor":12,"key":"FairyPotion"},{"floor":14,"key":"Adrenaline Potion"},{"floor":19,"key":"SteroidPotion"},{"floor":22,"key":"Strength Potion"},{"floor":28,"key":"SpeedPotion"},{"floor":30,"key":"SneckoOil"},{"floor":33,"key":"Explosive Potion"},{"floor":36,"key":"Energy Potion"},{"floor":38,"key":"PowerPotion"},{"floor":41,"key":"LiquidMemories"}],"is_trial":false,"path_per_floor":["M","?","$","?","?","R","E","M","T","R","M","E","R","M","R","B",null,"M","M","?","M","M","T","M","R","T","R","M","M","M","$","R","B",null,"M","M","$","M","PTL","PTL","M","E","R","NM","T","M","?","?","M","E","R","B"],"character_chosen":"HERMIT","items_purchased":["hermit:Grudge","hermit:Combo","Replay:Parry","hermit:TrackingShot","hubris:EnhanceAbility","hermit:Snipe","hermit:BigShot","Bag of Preparation","hermit:Dive"],"campfire_rested":4,"item_purchase_floors":[3,3,31,31,31,31,31,31,37],"current_hp_per_floor":[75,75,75,75,75,75,75,75,75,75,75,50,50,43,43,34,75,35,16,16,10,11,11,19,42,42,65,51,46,38,38,62,4,82,83,84,84,66,66,66,67,69,69,31,31,21,21,21,22,19,61,0,0],"gold":344,"neow_bonus":"THREE_ENEMY_KILL","is_daily":false,"chose_seed":false,"campfire_upgraded":4,"win_rate":0.0,"timestamp":1613425931,"path_taken":["M","?","$","?","?","R","E","?","T","R","M","E","R","M","R","BOSS","M","M","?","?","M","?","M","R","T","R","M","M","M","$","R","BOSS","M","M","$","M","PTL","PTL","M","E","R","NM","T","M","?","?","M","E","R","BOSS"],"items_purchased_type":["Card","Card","Card","Card","Card","Card","Card","Relic","Card"],"build_version":"2020-12-22","purchased_purges":2,"victory":false,"max_hp_per_floor":[75,75,75,75,75,75,75,75,75,75,75,75,75,75,75,75,75,75,75,75,76,77,77,78,78,78,78,79,80,81,81,81,82,82,83,84,84,85,85,85,86,88,88,89,89,90,90,90,91,92,92,92,92],"card_choices":[{"not_picked":["hermit:HighCaliber","hermit:Manifest"],"picked":"hermit:DeadMansHand","floor":1},{"not_picked":["hermit:Ricochet","hermit:Showdown"],"picked":"hermit:BlackWind","floor":7},{"not_picked":["hermit:EyeOfTheStorm","hermit:Desperado"],"picked":"hermit:ShadowCloak","floor":8},{"not_picked":["hermit:Coalescence","hermit:DeadMansHand"],"picked":"hermit:TakeCover","floor":11},{"not_picked":["hermit:FullyLoaded","hermit:Snipe"],"picked":"hermit:Maintenance","floor":12},{"not_picked":["hermit:Headshot","hermit:Coalescence"],"picked":"hermit:HoleUp","floor":14},{"not_picked":["hermit:EternalForm","hermit:BlackWind"],"picked":"hermit:Magnum","floor":16},{"not_picked":["hermit:Headshot+1","hermit:Virtue"],"picked":"hermit:TrackingShot+1","floor":18},{"not_picked":["hermit:HighCaliber","hermit:LoneWolf"],"picked":"hermit:TrackingShot","floor":19},{"not_picked":["hermit:Desperado","hermit:SprayPray"],"picked":"hermit:GhostlyPresence","floor":21},{"not_picked":["hermit:Spite","hermit:FlashPowder"],"picked":"hermit:LowProfile","floor":22},{"not_picked":["hermit:TrackingShot+1","hermit:SprayPray"],"picked":"hermit:TakeCover+1","floor":24},{"not_picked":["hermit:FullyLoaded","hermit:Maintenance"],"picked":"hermit:Scavenge","floor":28},{"not_picked":["hermit:Manifest+1","hermit:Shortfuse+1"],"picked":"hermit:FlashPowder","floor":29},{"not_picked":["hermit:BigShot","hermit:RoundhouseKick"],"picked":"hermit:Quickdraw+1","floor":30},{"not_picked":["hermit:Roughhouse","hermit:EternalForm"],"picked":"hermit:FatalDesire","floor":33},{"not_picked":["Sickly","Writhe"],"picked":"Decay","floor":34},{"not_picked":["Spreading Infection","hubris:Despair"],"picked":"ReplayTheSpireMod:IOU","floor":34},{"not_picked":["Shame","hubris:Despair"],"picked":"hubris:Sloth","floor":34},{"not_picked":["hermit:Roulette","hermit:Maintenance+1"],"picked":"hermit:RoundhouseKick","floor":35},{"not_picked":["hermit:Spite+1","hermit:Virtue+1"],"picked":"hermit:ShadowCloak+1","floor":36},{"not_picked":["hermit:Misfire+1","hermit:Spite+1"],"picked":"hermit:CalledShot","floor":38},{"not_picked":["hermit:Cheat","hermit:Misfire"],"picked":"hermit:LoneWolf","floor":41},{"not_picked":["hermit:DeadMansHand","hermit:TakeCover"],"picked":"hermit:TrackingShot","floor":42},{"not_picked":["hermit:LowProfile+1","hermit:SprayPray+1","hermit:DeadOrAlive"],"picked":"SKIP","floor":44},{"not_picked":["hermit:Spite","hermit:Headshot+1"],"picked":"hermit:Cheat+1","floor":46},{"not_picked":["Replay:Sssssssssshield","hubris:Insight"],"picked":"Discovery","floor":47},{"not_picked":["hermit:FlashPowder","hermit:Manifest+1"],"picked":"hermit:Combo+1","floor":49},{"not_picked":["hermit:Coalescence+1","hermit:Quickdraw+1"],"picked":"hermit:BodyArmor+1","floor":50}],"player_experience":363772,"relics_obtained":[{"floor":4,"key":"Vajra"},{"floor":5,"key":"Ring of Greed"},{"floor":5,"key":"Ring of Peace"},{"floor":5,"key":"Old Coin"},{"floor":5,"key":"Smiling Mask"},{"floor":7,"key":"Mirror"},{"floor":9,"key":"Pen Nib"},{"floor":12,"key":"Replay:Baseball"},{"floor":23,"key":"infinitespire:Beetle Shell"},{"floor":26,"key":"hubris:TinFlute"},{"floor":42,"key":"infinitespire:Midas Blood"},{"floor":44,"key":"Regal Pillow"},{"floor":45,"key":"Iron Hammer"},{"floor":50,"key":"conspire:TopHat"}],"event_choices":[{"damage_healed":0,"gold_gain":0,"player_choice":"Trade","damage_taken":0,"relics_obtained":["FaceOfCleric"],"max_hp_gain":0,"max_hp_loss":0,"event_name":"FaceTrader","floor":20,"gold_loss":0},{"damage_healed":0,"gold_gain":0,"player_choice":"Memory 1","damage_taken":0,"max_hp_gain":0,"max_hp_loss":0,"event_name":"SensoryStone","floor":47,"gold_loss":0}],"is_beta":false,"boss_relics":[{"not_picked":["Velvet Choker","Empty Cage"],"picked":"Philosopher\u0027s Stone"},{"not_picked":["Busted Crown","Sozu"],"picked":"Replay:Ancient Bell"},{"not_picked":["Potion Belt","Omamori"],"picked":"Oddly Smooth Stone"},{"not_picked":["hubris:BottledRain","InkBottle"],"picked":"hermit:Horseshoe"},{"not_picked":["Torii","Pondfish Scales"],"picked":"FossilizedHelix"}],"items_purged_floors":[31,37],"is_endless":true,"potions_floor_spawned":[1,12,14,19,22,28,30,33,36,38,41],"killed_by":"Awakened One","ascension_level":0}}