{"host":"se54kqb5s2qquozl","time":1613349965,"event":{"mods":["BaseMod","Colored Powertips","Downfall","Hermit","Minty Spire (QoL Compilation)","Replay The Spire","StSLib"],"gold_per_floor":[99,117,133,150,167,167,236,248,248,281,292,392,408,435,451,546,546,546,556,406,424,63,63,63,81,109,9,38,38,38,23,38,139,139,39,49,66,13,131,131,157,432,451,485,503,514,564,319,337,337],"floor_reached":51,"language":"ENG","playtime":3725,"items_purged":["bronze:Strike","bronze:Strike","Regret"],"score":806,"play_id":"cd491475-70a8-48a0-99e8-db6efb4bf751","local_time":"20210214184605","is_ascension_mode":false,"campfire_choices":[{"data":"bronze:ForceShield","floor":1.0,"key":"SMITH"},{"data":"bronze:FollowUp","floor":6.0,"key":"SMITH"},{"data":"bronze:Assembly","floor":9.0,"key":"SMITH"},{"data":"bronze:Format","floor":18.0,"key":"SMITH"},{"data":"bronze:Optimize","floor":23.0,"key":"SMITH"},{"data":"bronze:WhirlingStrike","floor":27.0,"key":"SMITH"},{"data":"bronze:Frontload","floor":35.0,"key":"SMITH"},{"data":"bronze:Frontload","floor":40.0,"key":"SMITH"}],"circlet_count":0,"master_deck":["bronze:Strike","bronze:Defend","bronze:Defend","bronze:Defend","bronze:Defend","bronze:Replicate","bronze:Goto","bronze:ForceShield+1","bronze:DelayedGuard","bronze:FollowUp+1","bronze:Assembly+1","bronze:Iterate","bronze:Frontload+1","bronze:SpaghettiCode","bronze:Frontload+1","bronze:Repair","bronze:Optimize+1","bronze:Format+1","bronze:Fortify+1","bronze:DelayedGuard","bronze:SpaghettiCode","bronze:Shell+1","bronze:WhirlingStrike+1","bronze:Turbo+1","bronze:SpaghettiCode","bronze:AlphaBuild","bronze:Verify","bronze:Optimize+1","bronze:SpaghettiCode","bronze:Shell+1"],"relics":["bronze:BronzeCore","Bag of Marbles","Painkiller Herb","Membership Card","Replay:WaspNest","Replay:Accelerometer","Centennial Puzzle","downfall:HeartBlessingGreen","Meat on the Bone","Toy Ornithopter","ChewingGum","downfall:HeartBlessingBlue","Chemical X","Nunchaku","Regal Pillow","Anchor","CaptainsWheel","BargainBundle","Oddly Smooth Stone"],"acts_visited":["Exordium","TheCity","TheBeyond"],"potions_floor_usage":[],"damage_taken":[{"damage":0.0,"enemies":"Cultist","floor":2.0,"turns":4.0},{"damage":0.0,"enemies":"Small Slimes","floor":3.0,"turns":4.0},{"damage":0.0,"enemies":"Jaw Worm","floor":4.0,"turns":3.0},{"damage":0.0,"enemies":"Lots of Slimes","floor":5.0,"turns":6.0},{"damage":0.0,"enemies":"2 Fungi Beasts","floor":8.0,"turns":4.0},{"damage":0.0,"enemies":"Replay:BlueRogue","floor":10.0,"turns":6.0},{"damage":0.0,"enemies":"Blue Slaver","floor":11.0,"turns":4.0},{"damage":0.0,"enemies":"Lots of Slimes","floor":13.0,"turns":5.0},{"damage":3.0,"enemies":"Gremlin Nob","floor":14.0,"turns":7.0},{"damage":0.0,"enemies":"Exordium Wildlife","floor":15.0,"turns":2.0},{"damage":64.0,"enemies":"DF_ARCHETYPE_STREAMLINE","floor":16.0,"turns":15.0},{"damage":0.0,"enemies":"Chosen","floor":19.0,"turns":5.0},{"damage":0.0,"enemies":"downfall:LooterAlt2","floor":21.0,"turns":2.0},{"damage":0.0,"enemies":"downfall:FleeingMerchant","floor":22.0,"turns":4.0},{"damage":0.0,"enemies":"Centurion and Healer","floor":25.0,"turns":7.0},{"damage":0.0,"enemies":"Gremlin Leader","floor":26.0,"turns":10.0},{"damage":23.0,"enemies":"Book of Stabbing","floor":28.0,"turns":7.0},{"damage":0.0,"enemies":"downfall:FleeingMerchant","floor":31.0,"turns":4.0},{"damage":0.0,"enemies":"Snake Plant","floor":32.0,"turns":4.0},{"damage":16.0,"enemies":"IC_MUSHROOM_ARCHETYPE","floor":33.0,"turns":7.0},{"damage":0.0,"enemies":"Orb Walker","floor":36.0,"turns":1.0},{"damage":9.0,"enemies":"3 Shapes","floor":37.0,"turns":5.0},{"damage":0.0,"enemies":"downfall:FleeingMerchant","floor":38.0,"turns":4.0},{"damage":0.0,"enemies":"downfall:FleeingMerchant","floor":39.0,"turns":4.0},{"damage":8.0,"enemies":"Writhing Mass","floor":43.0,"turns":8.0},{"damage":38.0,"enemies":"Giant Head","floor":44.0,"turns":11.0},{"damage":37.0,"enemies":"Transient","floor":45.0,"turns":5.0},{"damage":1.0,"enemies":"Jaw Worm Horde","floor":46.0,"turns":4.0},{"damage":2.0,"enemies":"Jaw Worm Horde","floor":47.0,"turns":6.0},{"damage":3.0,"enemies":"Sphere and 2 Shapes","floor":49.0,"turns":4.0},{"damage":29,"enemies":"SI_POISON_ARCHETYPE","floor":50,"turns":25}],"seed_played":"2548864103902984713","potions_obtained":[{"floor":3.0,"key":"Weak Potion"},{"floor":5.0,"key":"ColorlessPotion"},{"floor":8.0,"key":"DistilledChaos"},{"floor":21.0,"key":"CultistPotion"},{"floor":28.0,"key":"ColorlessPotion"},{"floor":33.0,"key":"SpeedPotion"},{"floor":37.0,"key":"bronze:FreeFunctionsPotion"},{"floor":46.0,"key":"bronze:CleanCodePotion"},{"floor":47.0,"key":"bronze:CleanCodePotion"}],"is_trial":false,"path_per_floor":["R","M","M","M","M","R","T","M","R","E","M","?","M","E","M","B",null,"T","?","?","?","T","T","T","?","E","T","E","?","T","T","?","B",null,"T","?","?","T","T","T","T","?","?","E","?","?","?","T","?","B",null],"character_chosen":"THE_AUTOMATON","items_purchased":["Membership Card","Replay:WaspNest","bronze:SpaghettiCode","Chemical X","Nunchaku","bronze:Shell+1","BargainBundle","Oddly Smooth Stone","Adrenaline Potion","DuplicationPotion"],"campfire_rested":0,"item_purchase_floors":[22,22,22,39,39,39,48,48,48,48],"current_hp_per_floor":[70,70,70,70,70,70,70,70,70,70,70,70,70,67,67,10,70,70,70,80,80,80,80,80,80,80,80,67,67,67,74,80,64,80,90,90,81,81,86,86,86,86,85,47,29,47,50,50,54,47],"gold":337,"neow_bonus":"TRANSFORM_CARD","is_daily":false,"chose_seed":false,"campfire_upgraded":8,"win_rate":0.0,"timestamp":1613349965,"path_taken":["R","M","M","M","M","R","T","M","R","E","M","?","M","E","M","BOSS","T","?","?","?","T","T","T","?","E","T","E","?","?","T","?","BOSS","T","?","?","?","T","T","T","?","?","E","?","?","?","T","?","BOSS"],"items_purchased_type":["Relic","Relic","Card","Relic","Relic","Card","Relic","Relic","Potion","Potion"],"build_version":"2020-12-22","purchased_purges":3,"victory":true,"max_hp_per_floor":[70,70,70,70,70,70,70,70,70,70,70,70,70,70,70,70,70,70,70,80,80,80,80,80,80,80,80,80,80,80,80,80,80,80,90,90,90,90,90,90,90,90,90,90,90,90,90,90,90,90],"card_choices":[{"not_picked":["bronze:BuggyMess","bronze:WildBeam"],"picked":"bronze:DelayedGuard","floor":2.0},{"not_picked":["bronze:Allocate","bronze:BuggyMess"],"picked":"bronze:FollowUp","floor":3.0},{"not_picked":["bronze:FineTuning","bronze:BitShift"],"picked":"bronze:Assembly","floor":4.0},{"not_picked":["bronze:Philosophize","bronze:Turbo"],"picked":"bronze:Iterate","floor":5.0},{"not_picked":["bronze:DelayedGuard","bronze:Shell"],"picked":"bronze:Frontload","floor":8.0},{"not_picked":["bronze:FollowUp","bronze:Iterate"],"picked":"bronze:SpaghettiCode","floor":10.0},{"not_picked":["bronze:Invalidate","bronze:Overheat"],"picked":"bronze:Frontload","floor":11.0},{"not_picked":["bronze:Overheat","bronze:DigitalCarnage"],"picked":"bronze:Repair","floor":13.0},{"not_picked":["bronze:Iterate","bronze:Turbo","bronze:Backtrace"],"picked":"SKIP","floor":14.0},{"not_picked":["bronze:Branch","bronze:FineTuning"],"picked":"bronze:Optimize","floor":15.0},{"not_picked":["bronze:SpaghettiCode","bronze:ThunderWave"],"picked":"bronze:Format","floor":16.0},{"not_picked":["bronze:DelayedGuard","bronze:OilSpill+1"],"picked":"bronze:Fortify+1","floor":19.0},{"not_picked":["bronze:Invalidate","bronze:DelayedSlice"],"picked":"bronze:DelayedGuard","floor":21.0},{"not_picked":["bronze:BuggyMess+1","bronze:WildBeam","bronze:Optimize"],"picked":"SKIP","floor":22.0},{"not_picked":["bronze:BugBarrage","bronze:FineTuning+1"],"picked":"bronze:Shell+1","floor":25.0},{"not_picked":["bronze:Overheat","bronze:Allocate"],"picked":"bronze:WhirlingStrike","floor":26.0},{"not_picked":["bronze:ClassDefault","bronze:OilSpill"],"picked":"bronze:Turbo+1","floor":28.0},{"not_picked":["bronze:Assembly","bronze:Overheat"],"picked":"bronze:AlphaBuild","floor":31.0},{"not_picked":["bronze:BuggyMess","bronze:CloningBeam","bronze:ItsAFeature"],"picked":"SKIP","floor":32.0},{"not_picked":["bronze:HardenedForm","bronze:SpaghettiCode"],"picked":"bronze:Verify","floor":33.0},{"not_picked":["bronze:GetLatest","bronze:WildBeam","bronze:BitShift"],"picked":"SKIP","floor":36.0},{"not_picked":["bronze:Backtrace","bronze:Overload+1"],"picked":"bronze:Optimize+1","floor":37.0},{"not_picked":["bronze:BuggyMess","bronze:Philosophize","bronze:Overheat+1"],"picked":"SKIP","floor":38.0},{"not_picked":["bronze:Deprecate+1","bronze:BronzeArmor"],"picked":"bronze:SpaghettiCode","floor":39.0},{"not_picked":["bronze:BugBarrage+1","bronze:BuggyMess","bronze:Overheat"],"picked":"SKIP","floor":43.0},{"not_picked":["bronze:BronzeArmor+1","bronze:Allocate","bronze:Iterate+1"],"picked":"SKIP","floor":44.0},{"not_picked":["bronze:BuggyMess","bronze:Backtrace+1","bronze:Invalidate"],"picked":"SKIP","floor":45.0},{"not_picked":["bronze:WildBeam+1","bronze:Branch","bronze:OilSpill+1"],"picked":"SKIP","floor":46.0},{"not_picked":["bronze:OilSpill","bronze:CutThrough","bronze:Shield+1"],"picked":"SKIP","floor":49.0}],"player_experience":58719,"relics_obtained":[{"floor":10.0,"key":"Bag of Marbles"},{"floor":14.0,"key":"Juzu Bracelet"},{"floor":24.0,"key":"Replay:Accelerometer"},{"floor":26.0,"key":"Centennial Puzzle"},{"floor":28.0,"key":"Meat on the Bone"},{"floor":30.0,"key":"Toy Ornithopter"},{"floor":41.0,"key":"Regal Pillow"},{"floor":44.0,"key":"Anchor"},{"floor":47.0,"key":"CaptainsWheel"}],"event_choices":[],"is_beta":false,"boss_relics":[{"not_picked":["Runic Dome","bronze:MakeshiftBattery"],"picked":"Painkiller Herb"},{"not_picked":["Black Star","Replay:Drink Me"],"picked":"ChewingGum"}],"items_purged_floors":[38,39,48],"is_endless":false,"potions_floor_spawned":[3,5,8,11,14,21,28,32,33,37,46,47,49],"ascension_level":0}}