{"host":"uv5ws9rdk87e8i5k","time":1613426884,"event":{"mods":["AchievementEnabler","BaseMod","Colored Map","Minty Spire (QoL Compilation)","Permanent Neow","Quick Restart","StSLib","SuperFastMode","The Necromancer"],"gold_per_floor":[118,118,129,143,24,50,50,83,106,123,123,123],"floor_reached":11,"language":"ENG","playtime":190,"items_purged":[],"score":87,"play_id":"0a9e75a9-0ac0-4c79-900a-be8150a679ef","local_time":"20210215160804","is_ascension_mode":true,"campfire_choices":[{"data":"Eruption","floor":7,"key":"SMITH"}],"circlet_count":0,"master_deck":["Strike_P","Strike_P","Strike_P","Defend_P","Defend_P","Defend_P","Defend_P","Eruption+1","Vigilance","BattleHymn","FlurryOfBlows","BowlingBash","Evaluate","Tantrum","FollowUp","FollowUp","SandsOfTime","Scrawl"],"relics":["PureWater","Bag of Marbles","Tiny Chest","Happy Flower"],"acts_visited":["Exordium"],"potions_floor_usage":[6],"damage_taken":[{"damage":3,"enemies":"Jaw Worm","floor":1,"turns":2},{"damage":0,"enemies":"Cultist","floor":3,"turns":2},{"damage":0,"enemies":"2 Louse","floor":4,"turns":2},{"damage":25,"enemies":"Gremlin Nob","floor":6,"turns":3},{"damage":7,"enemies":"Lagavulin","floor":8,"turns":5},{"damage":11,"enemies":"Red Slaver","floor":10,"turns":3},{"damage":27,"enemies":"Gremlin Nob","floor":11,"turns":2}],"seed_played":"451008121406826961","potions_obtained":[{"floor":4,"key":"Strength Potion"}],"is_trial":false,"path_per_floor":["M","?","M","M","$","E","R","E","T","M","E"],"character_chosen":"WATCHER","items_purchased":["Tantrum","FollowUp"],"campfire_rested":0,"item_purchase_floors":[5,5],"current_hp_per_floor":[69,69,69,69,69,44,44,37,37,26,0,0],"gold":123,"neow_bonus":"THREE_CARDS","is_daily":false,"chose_seed":false,"campfire_upgraded":1,"win_rate":0.0,"timestamp":1613426884,"path_taken":["M","?","M","M","?","E","R","E","T","M","E"],"items_purchased_type":["Card","Card"],"build_version":"2020-12-22","purchased_purges":0,"victory":false,"max_hp_per_floor":[72,72,72,72,72,72,72,72,72,72,72,72],"card_choices":[{"not_picked":["Vengeance","MentalFortress"],"picked":"BattleHymn","floor":0},{"not_picked":["Consecrate","TalkToTheHand"],"picked":"FlurryOfBlows","floor":1},{"not_picked":["MentalFortress","Crescendo"],"picked":"BowlingBash","floor":3},{"not_picked":["Pray","ThirdEye"],"picked":"Evaluate","floor":4},{"not_picked":["PathToVictory","EmptyBody"],"picked":"FollowUp","floor":6},{"not_picked":["Vengeance","Wallop"],"picked":"SandsOfTime","floor":8},{"not_picked":["FlurryOfBlows","FollowUp"],"picked":"Scrawl","floor":10}],"player_experience":195190,"relics_obtained":[{"floor":6,"key":"Bag of Marbles"},{"floor":8,"key":"Tiny Chest"},{"floor":9,"key":"Happy Flower"}],"event_choices":[{"cards_removed":["Strike_P"],"damage_healed":0,"gold_gain":0,"player_choice":"Card Removal","damage_taken":0,"max_hp_gain":0,"max_hp_loss":0,"event_name":"Wheel of Change","floor":2,"gold_loss":0}],"is_beta":false,"boss_relics":[],"items_purged_floors":[],"is_endless":false,"potions_floor_spawned":[4],"killed_by":"Gremlin Nob","ascension_level":1}}