{"host":"or8fr2mp0k3eluj8","time":1613367698,"event":{"mods":["AchievementEnabler","BaseMod","Colored Map","DeckTracker","Minty Spire (QoL Compilation)","SuperFastMode"],"gold_per_floor":[109,126,51,51,68,94,94,109,109,209,227,246,257,227,227,227,227],"floor_reached":16,"language":"KOR","playtime":313,"items_purged":["Defend_P"],"score":104,"play_id":"f5f62cc0-1109-48df-a015-6c57e2f0421b","local_time":"20210215144138","is_ascension_mode":false,"campfire_choices":[{"data":"Eruption","floor":7,"key":"SMITH"},{"floor":15,"key":"REST"}],"circlet_count":0,"master_deck":["Strike_P","Strike_P","Strike_P","Defend_P","Defend_P","Defend_P","Eruption+1","Vigilance","FlurryOfBlows","Halt","CrushJoints","Vengeance","Adaptation","WheelKick"],"relics":["PureWater","NeowsBlessing","InkBottle"],"acts_visited":["Exordium"],"potions_floor_usage":[6,16],"damage_taken":[{"damage":0,"enemies":"Cultist","floor":1,"turns":1},{"damage":0,"enemies":"2 Louse","floor":2,"turns":1},{"damage":0,"enemies":"Small Slimes","floor":5,"turns":1},{"damage":24,"enemies":"Lagavulin","floor":6,"turns":4},{"damage":4,"enemies":"3 Louse","floor":8,"turns":4},{"damage":0,"enemies":"Blue Slaver","floor":11,"turns":2},{"damage":8,"enemies":"Large Slime","floor":12,"turns":4},{"damage":0,"enemies":"2 Fungi Beasts","floor":13,"turns":1},{"damage":62,"enemies":"Hexaghost","floor":16,"turns":7}],"seed_played":"3534074783707969454","potions_obtained":[{"floor":2,"key":"SteroidPotion"},{"floor":6,"key":"Swift Potion"}],"is_trial":false,"path_per_floor":["M","M","$","?","M","E","R","M","T","?","M","M","M","?","R","B"],"character_chosen":"WATCHER","items_purchased":[],"campfire_rested":1,"item_purchase_floors":[],"current_hp_per_floor":[72,72,72,65,65,41,41,37,37,37,37,29,29,29,50,0,0],"gold":227,"neow_bonus":"THREE_ENEMY_KILL","is_daily":false,"chose_seed":false,"campfire_upgraded":1,"win_rate":0.0,"timestamp":1613367698,"path_taken":["M","M","$","?","M","E","R","M","T","?","M","M","?","?","R","BOSS"],"items_purchased_type":[],"build_version":"2020-12-22","purchased_purges":1,"victory":false,"max_hp_per_floor":[72,72,72,72,72,72,72,72,72,72,72,72,72,72,72,72,72],"card_choices":[{"not_picked":["BowlingBash","WaveOfTheHand"],"picked":"FlurryOfBlows","floor":1},{"not_picked":["CarveReality","Collect"],"picked":"Halt","floor":2},{"not_picked":["FlyingSleeves","SashWhip"],"picked":"CrushJoints","floor":5},{"not_picked":["CutThroughFate","SandsOfTime","Prostrate"],"picked":"SKIP","floor":6},{"not_picked":["SignatureMove","ClearTheMind","BowlingBash"],"picked":"SKIP","floor":8},{"not_picked":["CarveReality","BowlingBash"],"picked":"Vengeance","floor":11},{"not_picked":["Crescendo","Pray"],"picked":"Adaptation","floor":12},{"not_picked":["Conclude","SashWhip"],"picked":"WheelKick","floor":13}],"player_experience":316213,"relics_obtained":[{"floor":6,"key":"InkBottle"}],"event_choices":[{"cards_removed":["Strike_P"],"damage_healed":0,"gold_gain":0,"player_choice":"Card Removal","damage_taken":7,"max_hp_gain":0,"max_hp_loss":0,"event_name":"Golden Wing","floor":4,"gold_loss":0},{"damage_healed":0,"gold_gain":100,"player_choice":"Pray","damage_taken":0,"max_hp_gain":0,"max_hp_loss":0,"event_name":"Golden Shrine","floor":10,"gold_loss":0},{"damage_healed":0,"gold_gain":0,"player_choice":"Left Gold","damage_taken":0,"max_hp_gain":0,"max_hp_loss":0,"event_name":"World of Goop","floor":14,"gold_loss":30}],"is_beta":false,"boss_relics":[],"items_purged_floors":[3],"is_endless":false,"potions_floor_spawned":[2,6],"killed_by":"Hexaghost","ascension_level":0}}