{"host":"e8062yfkmywf26f0","time":1613425375,"event":{"mods":["AchievementEnabler","BaseMod","Colored Map","Minty Spire (QoL Compilation)","Quick Restart","Shop Mod","StSLib"],"gold_per_floor":[113,123,123,142,217,217,187,187,212,232,267,288,288,288,288,418,418,436,346,126,126,151,192,192,217,296,10,10,10,30,54,54,175,238,261,317,317,380,30,30,68,83,110,10,10,53,53,53,53,53],"floor_reached":51,"language":"ENG","playtime":2556,"items_purged":["Injury","Defend_G","Strike_G"],"score":821,"play_id":"93afaa86-9038-4a2f-a126-1fc5cd4572c3","local_time":"20210215214255","is_ascension_mode":false,"campfire_choices":[{"data":"Skewer","floor":6,"key":"SMITH"},{"data":"Survivor","floor":8,"key":"SMITH"},{"floor":15,"key":"REST"},{"data":"Infinite Blades","floor":24,"key":"SMITH"},{"floor":29,"key":"REST"},{"floor":32,"key":"REST"},{"floor":40,"key":"REST"},{"floor":47,"key":"REST"},{"floor":49,"key":"REST"}],"circlet_count":0,"master_deck":["Strike_G+1","Strike_G+1","Strike_G","Strike_G","Defend_G","Defend_G","Defend_G","Defend_G","Survivor+1","Neutralize","Skewer+1","Dagger Throw","Blade Dance","Accuracy","Infinite Blades+1","Blade Dance","Adrenaline+1","Cloak And Dagger+1","Infinite Blades+1","Accuracy+1","Finisher+1","Blade Dance+1","Well Laid Plans","Terror"],"relics":["Ring of the Snake","Orichalcum","Golden Idol","Snake Skull","Vajra","WristBlade","Lantern","PreservedInsect","The Courier","DollysMirror","Tiny House","Tingsha","CaptainsWheel","Art of War","Bottled Tornado","Happy Flower","Boot","War Paint"],"acts_visited":["Exordium","TheCity","TheBeyond"],"potions_floor_usage":[4,4,23,27,36,38,48],"damage_taken":[{"damage":0,"enemies":"2 Louse","floor":1,"turns":2},{"damage":0,"enemies":"Small Slimes","floor":2,"turns":2},{"damage":0,"enemies":"Jaw Worm","floor":4,"turns":3},{"damage":2,"enemies":"Looter","floor":7,"turns":4},{"damage":0,"enemies":"Large Slime","floor":10,"turns":6},{"damage":34,"enemies":"Lagavulin","floor":11,"turns":6},{"damage":4,"enemies":"Exordium Thugs","floor":12,"turns":3},{"damage":33,"enemies":"Hexaghost","floor":16,"turns":8},{"damage":7,"enemies":"3 Byrds","floor":18,"turns":4},{"damage":5,"enemies":"Shell Parasite","floor":22,"turns":4},{"damage":20,"enemies":"Book of Stabbing","floor":23,"turns":5},{"damage":23,"enemies":"Shelled Parasite and Fungi","floor":25,"turns":3},{"damage":10,"enemies":"Centurion and Healer","floor":30,"turns":3},{"damage":14,"enemies":"Snake Plant","floor":31,"turns":3},{"damage":11,"enemies":"Champ","floor":33,"turns":6},{"damage":33,"enemies":"3 Darklings","floor":35,"turns":3},{"damage":27,"enemies":"2 Orb Walkers","floor":36,"turns":3},{"damage":7,"enemies":"Mind Bloom Boss Battle","floor":38,"turns":3},{"damage":29,"enemies":"Nemesis","floor":41,"turns":3},{"damage":5,"enemies":"Orb Walker","floor":42,"turns":2},{"damage":0,"enemies":"Giant Head","floor":46,"turns":4},{"damage":0,"enemies":"4 Shapes","floor":48,"turns":1},{"damage":43,"enemies":"Donu and Deca","floor":50,"turns":6}],"seed_played":"-4756851807029689107","potions_obtained":[{"floor":2,"key":"DistilledChaos"},{"floor":4,"key":"EntropicBrew"},{"floor":12,"key":"FearPotion"},{"floor":23,"key":"EntropicBrew"},{"floor":28,"key":"BlessingOfTheForge"},{"floor":34,"key":"SmokeBomb"},{"floor":36,"key":"DistilledChaos"}],"is_trial":false,"path_per_floor":["M","M","?","M","?","R","M","R","T","M","E","M","?","?","R","B",null,"M","?","$","$","M","E","R","M","T","$","?","R","M","M","R","B",null,"M","?","?","?","$","R","E","M","T","$","$","E","R","M","R","B",null],"character_chosen":"THE_SILENT","items_purchased":["Lantern","Fruit Juice","DollysMirror","Well Laid Plans","Art of War","Bottled Tornado"],"campfire_rested":6,"item_purchase_floors":[20,27,27,39,39,39],"current_hp_per_floor":[70,70,70,75,64,64,62,62,62,62,28,24,29,49,73,40,80,73,73,73,73,68,48,48,25,25,30,30,54,44,30,54,43,87,54,27,27,20,20,46,17,12,12,12,12,12,38,38,64,21],"gold":53,"neow_bonus":"RANDOM_COMMON_RELIC","is_daily":false,"chose_seed":false,"campfire_upgraded":3,"win_rate":0.0,"timestamp":1613425375,"path_taken":["M","M","?","M","?","R","M","R","T","?","E","M","?","?","R","BOSS","M","?","?","$","M","E","R","?","T","$","?","R","M","?","R","BOSS","M","?","?","?","$","R","E","M","T","?","$","E","R","?","R","BOSS"],"items_purchased_type":["Relic","Potion","Relic","Card","Relic","Relic"],"build_version":"2020-12-22","purchased_purges":3,"victory":true,"max_hp_per_floor":[70,70,70,75,75,75,75,75,75,75,75,75,80,80,80,80,80,80,77,77,77,77,77,77,77,77,82,82,82,82,82,82,82,87,87,87,87,87,87,87,87,87,87,87,87,87,87,87,87,87],"card_choices":[{"not_picked":["Sucker Punch","Slice"],"picked":"Skewer","floor":1},{"not_picked":["Underhanded Strike","Deflect"],"picked":"Dagger Throw","floor":2},{"not_picked":["Deflect","Dodge and Roll","Slice"],"picked":"SKIP","floor":4},{"not_picked":["Sucker Punch","Dash"],"picked":"Blade Dance","floor":7},{"not_picked":["Skewer","Backflip"],"picked":"Accuracy","floor":10},{"not_picked":["Bouncing Flask","Riddle With Holes"],"picked":"Infinite Blades","floor":11},{"not_picked":["Prepared","Doppelganger"],"picked":"Blade Dance","floor":12},{"not_picked":["Bullet Time","Venomology"],"picked":"Adrenaline","floor":16},{"not_picked":["Heel Hook","Reflex"],"picked":"Cloak And Dagger+1","floor":18},{"not_picked":["Underhanded Strike+1","Blade Dance","Backflip+1"],"picked":"SKIP","floor":22},{"not_picked":["Expertise+1","Flechettes","Backflip+1"],"picked":"SKIP","floor":23},{"not_picked":["Flechettes","Calculated Gamble","Deflect"],"picked":"SKIP","floor":25},{"not_picked":["Slice","Underhanded Strike","Caltrops"],"picked":"SKIP","floor":30},{"not_picked":["Phantasmal Killer","Poisoned Stab"],"picked":"Accuracy+1","floor":31},{"not_picked":["Flechettes+1","Eviscerate"],"picked":"Finisher+1","floor":34},{"not_picked":["Predator+1","Backflip","Poisoned Stab"],"picked":"SKIP","floor":35},{"not_picked":["Dagger Spray","All Out Attack+1"],"picked":"Blade Dance","floor":36},{"not_picked":["Catalyst+1","Masterful Stab"],"picked":"Terror","floor":41},{"not_picked":["Terror","Well Laid Plans+1","Glass Knife"],"picked":"SKIP","floor":42},{"not_picked":["PiercingWail","Deadly Poison+1","Tactician"],"picked":"SKIP","floor":46}],"player_experience":107742,"relics_obtained":[{"floor":9,"key":"Snake Skull"},{"floor":11,"key":"Vajra"},{"floor":23,"key":"PreservedInsect"},{"floor":26,"key":"The Courier"},{"floor":36,"key":"Tingsha"},{"floor":38,"key":"CaptainsWheel"},{"floor":41,"key":"Happy Flower"},{"floor":43,"key":"Boot"},{"floor":46,"key":"War Paint"}],"event_choices":[{"damage_healed":0,"gold_gain":0,"player_choice":"Take Wound","damage_taken":0,"relics_obtained":["Golden Idol"],"max_hp_gain":0,"max_hp_loss":0,"event_name":"Golden Idol","floor":3,"gold_loss":0,"cards_obtained":["Injury"]},{"damage_healed":0,"gold_gain":75,"player_choice":"Gather Gold","damage_taken":11,"max_hp_gain":0,"max_hp_loss":0,"event_name":"World of Goop","floor":5,"gold_loss":0},{"damage_healed":0,"gold_gain":0,"player_choice":"Donut","damage_taken":0,"max_hp_gain":5,"max_hp_loss":0,"event_name":"Big Fish","floor":13,"gold_loss":0},{"damage_healed":20,"gold_gain":0,"player_choice":"Healed and dodged fight","damage_taken":0,"max_hp_gain":0,"max_hp_loss":0,"event_name":"Mushrooms","floor":14,"gold_loss":0,"cards_obtained":["Parasite"]},{"cards_removed":["Parasite"],"damage_healed":0,"gold_gain":0,"player_choice":"Upgrade and Remove","damage_taken":0,"max_hp_gain":0,"max_hp_loss":0,"event_name":"Designer","floor":19,"gold_loss":90,"cards_upgraded":["Strike_G"]},{"damage_healed":0,"gold_gain":0,"player_choice":"Got Potions","damage_taken":0,"max_hp_gain":0,"max_hp_loss":0,"event_name":"Lab","floor":28,"gold_loss":0},{"damage_healed":0,"gold_gain":0,"player_choice":"Fight","damage_taken":0,"max_hp_gain":0,"max_hp_loss":0,"event_name":"Mysterious Sphere","floor":36,"gold_loss":0},{"damage_healed":0,"gold_gain":0,"player_choice":"Ignored","damage_taken":0,"max_hp_gain":0,"max_hp_loss":0,"event_name":"The Moai Head","floor":37,"gold_loss":0},{"damage_healed":0,"gold_gain":0,"player_choice":"Fight","damage_taken":0,"max_hp_gain":0,"max_hp_loss":0,"event_name":"MindBloom","floor":38,"gold_loss":0}],"is_beta":false,"boss_relics":[{"not_picked":["Pandora\u0027s Box","Ring of the Serpent"],"picked":"WristBlade"},{"not_picked":["Coffee Dripper","Velvet Choker"],"picked":"Tiny House"}],"items_purged_floors":[20,27,44],"is_endless":false,"potions_floor_spawned":[2,4,12,16,18,23,25,31,35,36],"ascension_level":0}}