{"host":"k5fgrtcqzqosfxt0","time":1613403441,"event":{"mods":["Act Like it!","Aspiration","BaseMod","Downfall","Gensokyo","Minty Spire (QoL Compilation)","StSLib","TestMod","UnlockEverythingMod"],"gold_per_floor":[114,127,127,527,547,547,574,584,608,608,638,652,652,681,681,681,681],"floor_reached":16,"language":"ZHS","playtime":480,"items_purged":[],"score":240,"play_id":"62a13b83-da5a-4d6e-9178-d78398a69e96","local_time":"20210215233721","is_ascension_mode":true,"campfire_choices":[{"data":"Body Slam","floor":6.0,"key":"SMITH"},{"data":"Armaments","floor":10.0,"key":"SMITH"},{"data":"Feel No Pain","floor":15.0,"key":"SMITH"}],"circlet_count":0,"master_deck":["AscendersBane","Strike_R","Strike_R","Strike_R","Strike_R","Defend_R","Defend_R","Defend_R","Defend_R","Bash","Armaments+1","Anger","Body Slam+1","Sword Boomerang","Offering","Feel No Pain+1","Shrug It Off"],"relics":["Burning Blood","testmod-SaigiyounoYou","aspiration:Nostalgia","bronze:BronzeCore","Darkstone Periapt","Strawberry","Smiling Mask","Omamori","Kunai"],"acts_visited":["Exordium"],"potions_floor_usage":[],"damage_taken":[{"damage":6.0,"enemies":"2 Louse","floor":1.0,"turns":3.0},{"damage":11.0,"enemies":"Jaw Worm","floor":2.0,"turns":5.0},{"damage":6.0,"enemies":"Cultist","floor":5.0,"turns":3.0},{"damage":53.0,"enemies":"Lagavulin","floor":7.0,"turns":6.0},{"damage":28.0,"enemies":"Exordium Wildlife","floor":8.0,"turns":6.0},{"damage":33.0,"enemies":"3 Sentries","floor":11.0,"turns":8.0},{"damage":6.0,"enemies":"2 Fungi Beasts","floor":12.0,"turns":2.0},{"damage":20.0,"enemies":"Lagavulin","floor":14.0,"turns":5.0},{"damage":69,"enemies":"Hexaghost","floor":16,"turns":9}],"seed_played":"-5959827909581150858","potions_obtained":[{"floor":2.0,"key":"Fire Potion"},{"floor":7.0,"key":"SteroidPotion"},{"floor":12.0,"key":"SteroidPotion"}],"is_trial":false,"path_per_floor":["M","M","?","?","M","R","E","M","T","R","E","M","T","E","R","B"],"character_chosen":"IRONCLAD","items_purchased":[],"campfire_rested":0,"item_purchase_floors":[],"current_hp_per_floor":[73,75,68,68,74,74,40,33,40,40,38,45,45,43,43,0,0],"gold":681,"neow_bonus":"NOSTALGIA","is_daily":false,"chose_seed":false,"campfire_upgraded":3,"win_rate":0.0,"timestamp":1613403441,"path_taken":["M","M","?","?","M","R","E","M","T","R","E","M","?","E","R","BOSS"],"items_purchased_type":[],"build_version":"2020-12-22","purchased_purges":0,"victory":false,"max_hp_per_floor":[75,75,75,75,75,75,75,75,82,82,82,82,82,82,82,82,82],"card_choices":[{"not_picked":["Thunderclap","Clothesline"],"picked":"Armaments","floor":1.0},{"not_picked":["Clash","Clothesline"],"picked":"Anger","floor":2.0},{"not_picked":["Pummel","Anger"],"picked":"Body Slam","floor":5.0},{"not_picked":["Hemokinesis","Flex"],"picked":"Sword Boomerang","floor":7.0},{"not_picked":["Spot Weakness","True Grit"],"picked":"Offering","floor":8.0},{"not_picked":["Carnage","Perfected Strike","Anger"],"picked":"SKIP","floor":11.0},{"not_picked":["Flex","Sword Boomerang"],"picked":"Feel No Pain","floor":12.0},{"not_picked":["Perfected Strike","Headbutt"],"picked":"Shrug It Off","floor":14.0}],"player_experience":661767,"relics_obtained":[{"floor":7.0,"key":"Darkstone Periapt"},{"floor":9.0,"key":"Strawberry"},{"floor":11.0,"key":"Smiling Mask"},{"floor":13.0,"key":"Omamori"},{"floor":14.0,"key":"Kunai"}],"event_choices":[{"cards_removed":["Strike_R"],"damage_healed":0.0,"max_hp_gain":0.0,"max_hp_loss":0.0,"gold_gain":0.0,"event_name":"Golden Wing","player_choice":"Card Removal","floor":3.0,"gold_loss":0.0,"damage_taken":7.0},{"damage_healed":0.0,"max_hp_gain":0.0,"max_hp_loss":0.0,"gold_gain":400.0,"event_name":"¶÷ÂåË¹µÄÅÌ×Ó","player_choice":"Sell","floor":4.0,"relics_lost":["testmod-TestBox"],"gold_loss":0.0,"damage_taken":0.0}],"is_beta":false,"boss_relics":[],"items_purged_floors":[],"is_endless":false,"potions_floor_spawned":[2,7,12],"killed_by":"Hexaghost","ascension_level":20}}