{"host":"fauqrvll5t0ss0vm","time":1613433230,"event":{"mods":["2.2 Compatiblity","Act Like it!","Aspiration","Bard","BaseMod","Beaked The Cultist","Better Altar","Better Match","Better Note","Better Sensory Stone","Better Skull","Better Third Choice","Better Vampires","Card Filter","Clockwork Mod","Colored Map","Conspire","Displayed Cursed Tome","Downfall","Emptier Cage","Energized Spire","Friendly Minions","GifTheSpireLib","Glutton Mod","Gremlin Mod","Gremlin Skip","Halation","Hermit","Highlight Path","Hubris","Jorbs\u0027s Wanderer Trilogy","Mad Scientist","Marked Mod","Minty Spire (QoL Compilation)","Permanent Neow","Random Character Button","Relic Filter","Reorder Act Four","Replay The Spire","Shop Mod","Somnambulant","Spikes Relics","StSLib","Stuff the Spire","SuperFastMode","The Construct","The Cursed","The Disciple","The Elementalist","The Judge","The Juggle","The Mystic","The Runesmith","The Sage","The Servant 0.9.4","The Valiant","Trackpad","Uncapped"],"gold_per_floor":[99,110,128,54,64,82,82,82,82,82,82,82,110,145,145,165,188,279,279,279,302,333,432,456,456,456,27,74,99,99,129,141,197,244,347,359,371,407,419,431,464,506,588,634,646,683,695,733,769,817,529,541,553,601,613,10,20,26],"floor_reached":59,"language":"ENG","playtime":19174,"items_purged":["Strike_Br","Strike_Br","Defend_Br"],"score":2606,"play_id":"4e372c74-f1fe-4731-ba39-b2ae5ef5eddb","local_time":"20210216005350","is_ascension_mode":true,"campfire_choices":[{"data":"SecondHand","floor":1,"key":"SMITH"},{"data":"Recurrance","floor":8,"key":"SMITH"},{"data":"hubris:StunningStrike","floor":10,"key":"SMITH"},{"data":"BlueShift","floor":20,"key":"SMITH"},{"data":"AlternateTimeline","floor":25,"key":"SMITH"},{"data":"BlessedFruit","floor":30,"key":"SMITH"},{"data":"BlessedFruit","floor":32,"key":"SMITH"},{"floor":37,"key":"RECALL"},{"data":"AlternateTimeline","floor":51,"key":"SMITH"},{"data":"LockedTurtyl","floor":55,"key":"SMITH"}],"circlet_count":0,"master_deck":["AscendersBane","Defend_Br","Defend_Br","SecondHand+1","Recurrance+1","EscortCommand","WakeUpCall+1","Recurrance","Recurrance","AlternateTimeline+1","BlueShift+1","hubris:StunningStrike+1","LockedBlood","ResonantCall","LockedAnchor","Analog","BlueShift","Analog+1","AlternateTimeline+1","Pendulum","BlessedFruit+1","BlessedFruit+1","LockedTurtyl+1","CurseOfTheBell","StuffTheSpire:BrainWave","hubris:StunningStrike+1","LockedBlood","LockedTurtyl+1","Sospirando","LockedBlood+1","AlternateTimeline","Recurrance","Impatience"],"relics":["Chronometer","Replay:Bandana","SacredBark","RollingBoulder","Mercury Hourglass","HeavenlyBonsai","MawBank","trackpad:PetRock","Calling Bell","Ornamental Fan","Dream Catcher","Counterbalance","conspire:TopHat","StuffTheSpire:Rhapsscallions","Shuriken","downfall:HeartBlessingRed","downfall:HeartBlessingGreen","downfall:HeartBlessingBlue","hubris:DeckOfHolding","SnailShell","OrangePellets"],"acts_visited":["Exordium","TheCity","TheBeyond","TheEnding"],"potions_floor_usage":[16,24,27,28,31,35,38,42,44,49,57,58],"damage_taken":[{"damage":0,"enemies":"2 Louse","floor":2,"turns":4},{"damage":0,"enemies":"Jaw Worm","floor":3,"turns":4},{"damage":0,"enemies":"downfall:FleeingMerchant","floor":4,"turns":4},{"damage":3,"enemies":"Cultist","floor":5,"turns":4},{"damage":15,"enemies":"Red Slaver","floor":6,"turns":7},{"damage":10,"enemies":"3 Louse","floor":13,"turns":4},{"damage":12,"enemies":"Exordium Wildlife","floor":14,"turns":3},{"damage":0,"enemies":"Lots of Slimes","floor":16,"turns":1},{"damage":3,"enemies":"conspire:2 RoseBushes","floor":17,"turns":8},{"damage":0,"enemies":"IC_STATUS_ARCHETYPE","floor":18,"turns":7},{"damage":13,"enemies":"Shell Parasite","floor":21,"turns":7},{"damage":13,"enemies":"3 Byrds","floor":22,"turns":8},{"damage":0,"enemies":"downfall:FleeingMerchant","floor":23,"turns":11},{"damage":0,"enemies":"Snake Plant","floor":24,"turns":6},{"damage":29,"enemies":"Slavers","floor":28,"turns":8},{"damage":9,"enemies":"Centurion and Healer","floor":29,"turns":9},{"damage":0,"enemies":"Gremlin Leader","floor":31,"turns":7},{"damage":2,"enemies":"Replay:Snechameleon","floor":33,"turns":8},{"damage":10,"enemies":"Shelled Parasite and Fungi","floor":34,"turns":7},{"damage":1,"enemies":"DF_ARCHETYPE_CLAW","floor":35,"turns":7},{"damage":0,"enemies":"3 Shapes","floor":38,"turns":8},{"damage":59,"enemies":"3 Darklings","floor":41,"turns":8},{"damage":8,"enemies":"Jaw Worm Horde","floor":42,"turns":7},{"damage":0,"enemies":"Sphere and 2 Shapes","floor":44,"turns":6},{"damage":0,"enemies":"Spire Growth","floor":46,"turns":7},{"damage":13,"enemies":"Nemesis","floor":48,"turns":9},{"damage":18,"enemies":"4 Shapes","floor":49,"turns":6},{"damage":0,"enemies":"Giant Head","floor":50,"turns":9},{"damage":6,"enemies":"SI_POISON_ARCHETYPE","floor":52,"turns":16},{"damage":3,"enemies":"downfall:CharBossMerchant","floor":54,"turns":10},{"damage":54,"enemies":"downfall:NeowBoss","floor":57,"turns":37},{"damage":7,"enemies":"downfall:NeowBossFinal","floor":58,"turns":16}],"seed_played":"7672716223243819273","potions_obtained":[{"floor":2,"key":"PowerPotion"},{"floor":5,"key":"Strength Potion"},{"floor":14,"key":"Toxic Potion"},{"floor":24,"key":"SpeedPotion"},{"floor":28,"key":"Explosive Potion"},{"floor":33,"key":"Regen Potion"},{"floor":34,"key":"DuplicationPotion"},{"floor":35,"key":"LifebloodPotion"},{"floor":38,"key":"hexamod:SoulburnPotion"},{"floor":44,"key":"SteroidPotion"},{"floor":49,"key":"SpeedPotion"},{"floor":54,"key":"WardPotion"}],"is_trial":false,"path_per_floor":["R","M","M","$","M","M","T","R","?","R","PTL","PTL","M","M","?","M","M","B",null,"R","M","M","$","M","R","T","$","E","M","R","E","R","E","M","B",null,"R","M","?","?","M","M","T","M","T","M","?","E","M","E","R","B",null,"E","R","$","B","B",null],"character_chosen":"CHRONO_CLASS","items_purchased":["Recurrance","RollingBoulder","Pendulum","Fruit Juice","Strength Potion","SnailShell","Recurrance","OrangePellets","Impatience"],"campfire_rested":0,"item_purchase_floors":[4,23,27,27,27,56,56,56,56],"current_hp_per_floor":[56,56,56,56,53,38,38,38,38,38,38,38,28,16,16,16,19,31,50,50,49,48,54,56,56,56,66,41,40,40,51,51,61,67,78,86,86,93,80,80,31,35,35,43,43,59,108,114,114,126,136,140,140,146,146,146,108,126],"gold":26,"neow_bonus":"REMOVE_TWO","is_daily":false,"chose_seed":false,"campfire_upgraded":9,"win_rate":0.0,"timestamp":1613433230,"path_taken":["R","M","M","$","M","M","T","R","?","R","PTL","PTL","M","M","?","?","M","BOSS","R","M","M","$","?","R","T","?","E","M","R","E","R","E","M","BOSS","R","M","?","?","?","?","T","M","?","M","?","E","?","E","R","BOSS","E","R","$","BOSS","BOSS"],"items_purchased_type":["Card","Relic","Card","Potion","Potion","Relic","Card","Relic","Card"],"build_version":"2020-12-22","purchased_purges":3,"victory":true,"max_hp_per_floor":[56,56,56,56,56,56,56,56,56,56,56,56,56,56,56,56,56,56,56,56,56,56,56,56,56,56,66,66,68,68,73,73,79,83,89,89,89,93,80,80,84,88,88,92,92,98,108,114,120,126,136,140,140,146,146,146,150,154],"card_choices":[{"not_picked":["ReapSow","CrunchTime"],"picked":"Recurrance","floor":2},{"not_picked":["LockedWhetstone","PrimeTime"],"picked":"EscortCommand","floor":3},{"not_picked":["Parity","Engulf"],"picked":"WakeUpCall","floor":4},{"not_picked":["ReapSow","LockedScales"],"picked":"AlternateTimeline","floor":5},{"not_picked":["OverTime","LockedWhetstone"],"picked":"BlueShift","floor":6},{"not_picked":["EscortCommand","CrunchTime"],"picked":"LockedBlood","floor":13},{"not_picked":["Parity","LockedOrichalcum"],"picked":"ResonantCall","floor":14},{"not_picked":["Parity","PrimeTime","LockedWhetstone"],"picked":"SKIP","floor":16},{"not_picked":["BiteCommand","Keepsakes"],"picked":"LockedAnchor","floor":17},{"not_picked":["BlueShift","BiteCommand"],"picked":"Analog","floor":21},{"not_picked":["LockedOrichalcum","LockedScales"],"picked":"BlueShift","floor":22},{"not_picked":["LockedThread","LockedMawBank"],"picked":"Analog+1","floor":23},{"not_picked":["LockedThread+1","LockedAnchor"],"picked":"AlternateTimeline","floor":24},{"not_picked":["CrunchTime","Backlash","Parity"],"picked":"SKIP","floor":28},{"not_picked":["PrimeTime","WindUp","VestedLegacy"],"picked":"SKIP","floor":29},{"not_picked":["LockedTornado","ExoVibe","ReapSow"],"picked":"SKIP","floor":31},{"not_picked":["RageCommand","DaylightSavings","HandsUpC"],"picked":"SKIP","floor":33},{"not_picked":["LockedWhetstone","Stagnate"],"picked":"LockedTurtyl","floor":34},{"not_picked":["Chronoelasticity","LockedFlame"],"picked":"Fragmentalize","floor":35},{"not_picked":["Facsimile","WatchCommand","VestedLegacy"],"picked":"SKIP","floor":38},{"not_picked":["WindUp","LockedPlans+1"],"picked":"LockedBlood","floor":41},{"not_picked":["LockedUrn","HandsUpB","WakeUpCall+1"],"picked":"SKIP","floor":42},{"not_picked":["ReapSow","RageCommand"],"picked":"LockedTurtyl+1","floor":44},{"not_picked":["CrunchTime","PrimeTime","Facsimile+1"],"picked":"SKIP","floor":46},{"not_picked":["CrunchTime","LockedMedicine+1","HandsUpB"],"picked":"SKIP","floor":48},{"not_picked":["BiteCommand","Accruing+1"],"picked":"Tempo","floor":49},{"not_picked":["CrunchTime","BlueShift"],"picked":"LockedBlood+1","floor":50},{"not_picked":["LockedScales","CrunchTime"],"picked":"AlternateTimeline","floor":54}],"player_experience":7501910,"relics_obtained":[{"floor":7,"key":"Replay:Bandana"},{"floor":26,"key":"Mercury Hourglass"},{"floor":28,"key":"HeavenlyBonsai"},{"floor":31,"key":"MawBank"},{"floor":33,"key":"trackpad:PetRock"},{"floor":36,"key":"Ornamental Fan"},{"floor":36,"key":"Dream Catcher"},{"floor":36,"key":"Counterbalance"},{"floor":45,"key":"conspire:TopHat"},{"floor":48,"key":"StuffTheSpire:Rhapsscallions"},{"floor":50,"key":"Shuriken"},{"floor":54,"key":"hubris:DeckOfHolding"}],"event_choices":[{"damage_healed":0,"gold_gain":0,"player_choice":"Grow","damage_taken":0,"max_hp_gain":0,"max_hp_loss":0,"event_name":"Living Wall","floor":15,"gold_loss":0,"cards_upgraded":["WakeUpCall"]},{"cards_removed":["Fragmentalize"],"damage_healed":39,"gold_gain":0,"player_choice":"Offered Rare","damage_taken":0,"max_hp_gain":10,"max_hp_loss":0,"event_name":"Bonfire Elementals","floor":47,"gold_loss":0}],"is_beta":false,"boss_relics":[{"not_picked":["Chronograph","ChewingGum"],"picked":"SacredBark"},{"not_picked":["aspiration:BeakedSkillbook","energizedSpire:SpiderWeb"],"picked":"Calling Bell"}],"items_purged_floors":[23,27,56],"is_endless":false,"potions_floor_spawned":[2,5,6,14,24,28,29,33,34,35,38,44,49,54],"ascension_level":20}}