{"host":"gjwzgdilc53yxmt0","time":1613405369,"event":{"mods":["2.2 Compatiblity","BaseMod","Bestiary","Highlight Path","Minty Spire (QoL Compilation)","Relic Stats","StSLib","ojb\u0027s Info Mod"],"gold_per_floor":[363,438,456,44,44,44,61,61,61],"floor_reached":8,"language":"ENG","playtime":327,"items_purged":["Pain"],"score":92,"play_id":"2220dbb7-ca3e-476a-959a-23b0d5469a57","local_time":"20210215110929","is_ascension_mode":true,"campfire_choices":[{"floor":6,"key":"REST"}],"circlet_count":0,"master_deck":["AscendersBane","Strike_G","Strike_G","Strike_G","Strike_G","Defend_G","Defend_G","Defend_G","Defend_G","Defend_G","Survivor","Neutralize","Sucker Punch","Well Laid Plans","Underhanded Strike"],"relics":["Ring of the Snake","Potion Belt","OrangePellets"],"acts_visited":["Exordium"],"potions_floor_usage":[8],"damage_taken":[{"damage":25,"enemies":"Jaw Worm","floor":1,"turns":7},{"damage":7,"enemies":"Small Slimes","floor":3,"turns":6},{"damage":0,"enemies":"2 Louse","floor":7,"turns":6},{"damage":38,"enemies":"Lagavulin","floor":8,"turns":9}],"seed_played":"-7995041554564287123","potions_obtained":[{"floor":3,"key":"Block Potion"}],"is_trial":false,"path_per_floor":["M","?","M","$","?","R","M","E"],"character_chosen":"THE_SILENT","items_purchased":["Potion Belt","OrangePellets"],"campfire_rested":1,"item_purchase_floors":[4,4],"current_hp_per_floor":[34,23,16,16,9,28,28,0,0],"gold":61,"neow_bonus":"TWO_FIFTY_GOLD","is_daily":false,"chose_seed":false,"campfire_upgraded":0,"win_rate":0.0,"timestamp":1613405369,"path_taken":["M","?","M","$","?","R","M","E"],"items_purchased_type":["Relic","Relic"],"build_version":"2020-12-22","purchased_purges":1,"victory":false,"max_hp_per_floor":[66,66,66,66,66,66,66,66,66],"relic_stats":{"OrangePellets":[0],"counters":[4,28],"obtain_stats":[{"Potion Belt":4,"OrangePellets":4,"Ring of the Snake":0},{"Potion Belt":2,"OrangePellets":2,"Ring of the Snake":0},{"Potion Belt":13,"OrangePellets":13,"Ring of the Snake":0}],"Ring of the Snake":[8]},"card_choices":[{"not_picked":["Blur","Deflect"],"picked":"Sucker Punch","floor":1},{"not_picked":["Flying Knee","Reflex"],"picked":"Well Laid Plans","floor":3},{"not_picked":["Dodge and Roll","PiercingWail"],"picked":"Underhanded Strike","floor":7}],"player_experience":4943078,"relics_obtained":[],"event_choices":[{"damage_healed":0,"gold_gain":75,"player_choice":"Gather Gold","damage_taken":11,"max_hp_gain":0,"max_hp_loss":0,"event_name":"World of Goop","floor":2,"gold_loss":0},{"cards_removed":["Strike_G"],"damage_healed":0,"gold_gain":0,"player_choice":"Card Removal","damage_taken":7,"max_hp_gain":0,"max_hp_loss":0,"event_name":"Golden Wing","floor":5,"gold_loss":0}],"is_beta":false,"boss_relics":[],"items_purged_floors":[4],"is_endless":false,"potions_floor_spawned":[3],"killed_by":"Lagavulin","ascension_level":20}}