{"host":"vl29iwkwnyytuw8q","time":1613428155,"event":{"mods":["BaseMod","Minty Spire (QoL Compilation)","Permanent Neow","Relic Stats","StSLib"],"gold_per_floor":[12,28,45,45,63,63,94,106,118,158,170,182,210,234,246,337,349,361,373,404,416,353,394,406,429,441,453,453],"floor_reached":27,"language":"ENG","playtime":987,"items_purged":[],"score":499,"play_id":"73e3e153-6af5-4215-b9e4-ad06508637a7","local_time":"20210215232915","is_ascension_mode":true,"campfire_choices":[{"data":"Armaments","floor":6.0,"key":"SMITH"},{"data":"Metamorphosis","floor":8.0,"key":"SMITH"},{"floor":11.0,"key":"REST"},{"data":"Dual Wield","floor":15.0,"key":"SMITH"},{"floor":24.0,"key":"REST"}],"circlet_count":0,"master_deck":["AscendersBane","Defend_R+1","Defend_R+1","Defend_R+1","Defend_R+1","Bash","Metamorphosis+1","Dual Wield+1","Armaments+1","Disarm","Thunderclap","Shrug It Off","Flex","Feed","Limit Break","Reaper","Rupture","Bite","Bite","Bite","Bite","Corruption","Parasite"],"relics":["Burning Blood","MawBank","Happy Flower","Blue Candle","Cursed Key","Art of War","Bottled Lightning"],"acts_visited":["Exordium","TheCity"],"potions_floor_usage":[],"damage_taken":[{"damage":1.0,"enemies":"Cultist","floor":1.0,"turns":3.0},{"damage":12.0,"enemies":"Small Slimes","floor":2.0,"turns":3.0},{"damage":4.0,"enemies":"2 Louse","floor":3.0,"turns":3.0},{"damage":7.0,"enemies":"2 Fungi Beasts","floor":5.0,"turns":5.0},{"damage":22.0,"enemies":"3 Sentries","floor":7.0,"turns":4.0},{"damage":13.0,"enemies":"Lagavulin","floor":10.0,"turns":5.0},{"damage":11.0,"enemies":"Blue Slaver","floor":13.0,"turns":3.0},{"damage":30.0,"enemies":"Gremlin Gang","floor":14.0,"turns":5.0},{"damage":38.0,"enemies":"Slime Boss","floor":16.0,"turns":6.0},{"damage":0.0,"enemies":"Spheric Guardian","floor":18.0,"turns":3.0},{"damage":25.0,"enemies":"3 Byrds","floor":20.0,"turns":6.0},{"damage":78.0,"enemies":"Slavers","floor":23.0,"turns":6.0},{"damage":33.0,"enemies":"Centurion and Healer","floor":25.0,"turns":8.0},{"damage":57,"enemies":"Gremlin Leader","floor":27,"turns":5}],"seed_played":"6559904158484175801","potions_obtained":[{"floor":5.0,"key":"SteroidPotion"},{"floor":10.0,"key":"SkillPotion"},{"floor":13.0,"key":"AttackPotion"},{"floor":16.0,"key":"SmokeBomb"},{"floor":20.0,"key":"Dexterity Potion"}],"is_trial":false,"path_per_floor":["M","M","M","?","M","R","E","R","T","E","R","?","M","M","R","B",null,"M","?","M","?","?","E","R","M","T","E"],"character_chosen":"IRONCLAD","items_purchased":[],"campfire_rested":2,"item_purchase_floors":[],"current_hp_per_floor":[73,67,69,69,68,68,52,52,52,45,67,67,62,42,42,10,62,68,68,57,57,57,15,33,40,40,0,0],"gold":453,"neow_bonus":"RANDOM_COLORLESS_2","is_daily":false,"chose_seed":false,"campfire_upgraded":3,"win_rate":0.0,"timestamp":1613428155,"path_taken":["M","M","M","?","M","R","E","R","T","E","R","?","M","?","R","BOSS","M","?","M","?","?","E","R","M","T","E"],"items_purchased_type":[],"build_version":"2020-12-22","purchased_purges":0,"victory":false,"max_hp_per_floor":[75,75,75,75,75,75,75,75,75,75,75,75,75,79,79,79,79,79,79,82,57,57,60,60,68,68,68,68],"relic_stats":{"Happy Flower":[15],"counters":[14,65],"Blue Candle":[0],"Art of War":[2],"MawBank":240,"Cursed Key":1,"obtain_stats":[{"Happy Flower":9,"Blue Candle":10,"Art of War":23,"Bottled Lightning":26,"MawBank":7,"Cursed Key":17,"Burning Blood":0},{"Happy Flower":5,"Blue Candle":6,"Art of War":12,"Bottled Lightning":13,"MawBank":5,"Cursed Key":9,"Burning Blood":0},{"Happy Flower":18,"Blue Candle":23,"Art of War":52,"Bottled Lightning":60,"MawBank":18,"Cursed Key":37,"Burning Blood":0}],"Burning Blood":78},"card_choices":[{"not_picked":["Sadistic Nature","Violence"],"picked":"Metamorphosis","floor":0.0},{"not_picked":["Whirlwind","Infernal Blade"],"picked":"Dual Wield","floor":1.0},{"not_picked":["Metallicize","Flex"],"picked":"Armaments","floor":2.0},{"not_picked":["Anger","Perfected Strike"],"picked":"Disarm","floor":3.0},{"not_picked":["Body Slam","Headbutt"],"picked":"Thunderclap","floor":5.0},{"not_picked":["Armaments","Flex"],"picked":"Shrug It Off","floor":7.0},{"not_picked":["Heavy Blade","Sword Boomerang"],"picked":"Flex","floor":10.0},{"not_picked":["Dropkick","Shockwave"],"picked":"Limit Break","floor":13.0},{"not_picked":["Perfected Strike","Flex","Warcry"],"picked":"SKIP","floor":14.0},{"not_picked":["Barricade","Fiend Fire"],"picked":"Reaper","floor":16.0},{"not_picked":["Clash","True Grit"],"picked":"Rupture","floor":20.0},{"not_picked":["Metallicize","Pommel Strike"],"picked":"Corruption","floor":23.0},{"not_picked":["Clash","Iron Wave","Evolve"],"picked":"SKIP","floor":25.0}],"player_experience":688233,"relics_obtained":[{"floor":7.0,"key":"MawBank"},{"floor":9.0,"key":"Happy Flower"},{"floor":10.0,"key":"Blue Candle"},{"floor":23.0,"key":"Art of War"},{"floor":26.0,"key":"Bottled Lightning"}],"event_choices":[{"cards_removed":["Strike_R"],"damage_healed":0.0,"max_hp_gain":0.0,"max_hp_loss":0.0,"gold_gain":0.0,"event_name":"Living Wall","player_choice":"Forget","floor":4.0,"gold_loss":0.0,"damage_taken":0.0},{"damage_healed":0.0,"max_hp_gain":0.0,"max_hp_loss":0.0,"gold_gain":0.0,"event_name":"Match and Keep!","player_choice":"1 cards matched","floor":12.0,"gold_loss":0.0,"damage_taken":0.0,"cards_obtained":["Feed"]},{"damage_healed":0.0,"max_hp_gain":0.0,"max_hp_loss":0.0,"gold_gain":0.0,"event_name":"Back to Basics","player_choice":"Simplicity","floor":19.0,"gold_loss":0.0,"damage_taken":0.0,"cards_upgraded":["Strike_R","Strike_R","Strike_R","Strike_R","Defend_R","Defend_R","Defend_R","Defend_R"]},{"damage_healed":0.0,"max_hp_gain":0.0,"max_hp_loss":25.0,"gold_gain":0.0,"event_name":"Vampires","player_choice":"Became a vampire","floor":21.0,"gold_loss":0.0,"damage_taken":0.0,"cards_obtained":["Bite","Bite","Bite","Bite","Bite"]},{"cards_removed":["Bite"],"damage_healed":0.0,"max_hp_gain":0.0,"max_hp_loss":0.0,"gold_gain":0.0,"event_name":"Beggar","player_choice":"Gave Gold","floor":22.0,"gold_loss":75.0,"damage_taken":0.0}],"is_beta":false,"boss_relics":[{"not_picked":["Coffee Dripper","Fusion Hammer"],"picked":"Cursed Key"}],"items_purged_floors":[],"is_endless":false,"potions_floor_spawned":[5,10,13,16,18,20],"killed_by":"Gremlin Leader","ascension_level":19}}