{"host":"yhipfp2q5jnlph7f","time":1613410077,"event":{"mods":["BaseMod","Minty Spire (QoL Compilation)","Quick Restart"],"gold_per_floor":[109,34,54,54,54,79,79,79,104,137,151,151,151,177,177,278,278,294,305,305,318,330,330,357,357,357,392,406,425,27,43,43,141,141,157,170,185,201,211,242,266,313,379,424,436,467,479,132,132,132],"floor_reached":51,"language":"JPN","playtime":4678,"items_purged":["Strike_P","Strike_P","Decay"],"score":876,"play_id":"36441b44-601a-4246-91ec-90d893457f30","local_time":"20210216022757","is_ascension_mode":true,"campfire_choices":[{"data":"LessonLearned","floor":13.0,"key":"SMITH"},{"floor":15.0,"key":"REST"},{"data":"Weave","floor":23.0,"key":"SMITH"},{"data":"ThirdEye","floor":32.0,"key":"SMITH"},{"data":"CutThroughFate","floor":47,"key":"SMITH"},{"floor":49,"key":"REST"}],"circlet_count":0,"master_deck":["Strike_P+1","Strike_P+1","Defend_P+1","Defend_P+1","Defend_P+1","Defend_P+1","Eruption","Vigilance+1","Weave+1","SignatureMove+1","Swivel","Alpha+1","ThirdEye+1","CutThroughFate+1","Wireheading","JustLucky+1","ThirdEye+1","JustLucky+1","Nirvana"],"relics":["HolyWater","NeowsBlessing","Gremlin Horn","Centennial Puzzle","Boot","Regal Pillow","Letter Opener","Matryoshka","Busted Crown","Pantograph","Potion Belt","Kunai","TungstenRod","Lantern","Lee\u0027s Waffle","MawBank","War Paint","Strawberry","Orichalcum","FossilizedHelix","Damaru"],"acts_visited":["Exordium","TheCity","TheBeyond"],"potions_floor_usage":[39,40,42,50,50,50],"damage_taken":[{"damage":0.0,"enemies":"Small Slimes","floor":1.0,"turns":1.0},{"damage":0.0,"enemies":"2 Louse","floor":3.0,"turns":1.0},{"damage":0.0,"enemies":"Gremlin Nob","floor":6.0,"turns":1.0},{"damage":11.0,"enemies":"3 Sentries","floor":10.0,"turns":8.0},{"damage":1.0,"enemies":"Jaw Worm","floor":11.0,"turns":4.0},{"damage":25.0,"enemies":"Lagavulin","floor":14.0,"turns":9.0},{"damage":28.0,"enemies":"Hexaghost","floor":16.0,"turns":8.0},{"damage":12.0,"enemies":"2 Thieves","floor":18.0,"turns":3.0},{"damage":7.0,"enemies":"Shell Parasite","floor":19.0,"turns":6.0},{"damage":18.0,"enemies":"Chosen and Byrds","floor":21.0,"turns":5.0},{"damage":0.0,"enemies":"Sentry and Sphere","floor":22.0,"turns":2.0},{"damage":21.0,"enemies":"Gremlin Leader","floor":24.0,"turns":5.0},{"damage":21.0,"enemies":"Slavers","floor":27.0,"turns":6.0},{"damage":14.0,"enemies":"Snecko","floor":28.0,"turns":4.0},{"damage":11.0,"enemies":"Snake Plant","floor":29.0,"turns":4.0},{"damage":2.0,"enemies":"3 Cultists","floor":31.0,"turns":4.0},{"damage":41.0,"enemies":"Champ","floor":33.0,"turns":8.0},{"damage":5.0,"enemies":"Orb Walker","floor":35.0,"turns":4.0},{"damage":1.0,"enemies":"3 Shapes","floor":36.0,"turns":2.0},{"damage":10.0,"enemies":"Sphere and 2 Shapes","floor":37.0,"turns":3.0},{"damage":0.0,"enemies":"4 Shapes","floor":38.0,"turns":2.0},{"damage":2,"enemies":"Writhing Mass","floor":39,"turns":5},{"damage":15,"enemies":"Reptomancer","floor":40,"turns":4},{"damage":0,"enemies":"Sphere and 2 Shapes","floor":41,"turns":3},{"damage":20,"enemies":"Nemesis","floor":42,"turns":5},{"damage":13,"enemies":"Reptomancer","floor":44,"turns":4},{"damage":24,"enemies":"Spire Growth","floor":46,"turns":3},{"damage":51,"enemies":"Time Eater","floor":50,"turns":7}],"seed_played":"2229740476421917149","potions_obtained":[{"floor":6.0,"key":"Weak Potion"},{"floor":10.0,"key":"Explosive Potion"},{"floor":14.0,"key":"DuplicationPotion"},{"floor":19.0,"key":"AttackPotion"},{"floor":21.0,"key":"Explosive Potion"},{"floor":24.0,"key":"ColorlessPotion"},{"floor":28.0,"key":"EssenceOfSteel"},{"floor":29.0,"key":"DuplicationPotion"},{"floor":36.0,"key":"Block Potion"},{"floor":40,"key":"Block Potion"},{"floor":42,"key":"Strength Potion"},{"floor":44,"key":"Explosive Potion"}],"is_trial":false,"path_per_floor":["M","$","M","?","?","E","?","?","T","E","M","?","R","E","R","B",null,"M","M","?","M","M","R","E","?","T","E","M","M","$","M","R","B",null,"M","M","M","M","M","E","M","E","T","E","?","M","R","$","R","B",null],"character_chosen":"WATCHER","items_purchased":["Lantern","Lee\u0027s Waffle","Damaru","Nirvana"],"campfire_rested":2,"item_purchase_floors":[30,30,48,48],"current_hp_per_floor":[72,72,72,72,58,58,46,39,39,28,27,27,27,2,38,10,72,60,53,53,35,35,35,14,82,82,61,47,36,89,87,87,48,89,84,83,73,73,71,56,56,36,43,30,30,6,6,6,49,23],"gold":132,"neow_bonus":"THREE_ENEMY_KILL","is_daily":false,"chose_seed":false,"campfire_upgraded":4,"win_rate":0.0,"timestamp":1613410077,"path_taken":["M","$","M","?","?","E","?","?","T","E","?","?","R","E","R","BOSS","M","?","?","M","M","R","E","?","T","E","M","M","$","?","R","BOSS","M","M","M","M","M","E","M","E","T","E","?","M","R","$","R","BOSS"],"items_purchased_type":["Relic","Relic","Relic","Card"],"build_version":"2020-12-22","purchased_purges":3,"victory":true,"max_hp_per_floor":[72,72,72,72,72,72,72,72,72,72,72,72,72,72,72,72,72,72,72,72,72,72,72,72,82,82,82,82,82,89,89,89,89,89,89,89,89,89,89,89,89,89,96,96,96,96,96,96,96,96],"card_choices":[{"not_picked":["FollowUp","EmptyMind","Halt"],"picked":"SKIP","floor":1.0},{"not_picked":["Prostrate","FlurryOfBlows"],"picked":"Weave","floor":3.0},{"not_picked":["SpiritShield","Collect"],"picked":"SignatureMove","floor":6.0},{"not_picked":["Prostrate","FollowUp"],"picked":"LessonLearned","floor":10.0},{"not_picked":["Consecrate","Protect","FollowUp"],"picked":"SKIP","floor":11.0},{"not_picked":["Consecrate","Protect","FollowUp"],"picked":"SKIP","floor":11.0},{"not_picked":["CutThroughFate","FlurryOfBlows"],"picked":"Swivel","floor":14.0},{"not_picked":["Ragnarok","Judgement"],"picked":"Alpha","floor":16.0},{"not_picked":["Indignation"],"picked":"SKIP","floor":18.0},{"not_picked":["EmptyFist"],"picked":"SKIP","floor":19.0},{"not_picked":[],"picked":"CutThroughFate","floor":21.0},{"not_picked":[],"picked":"Wireheading","floor":22.0},{"not_picked":[],"picked":"JustLucky+1","floor":24.0},{"not_picked":[],"picked":"ThirdEye+1","floor":27.0},{"not_picked":["ClearTheMind"],"picked":"SKIP","floor":28.0},{"not_picked":["Conclude"],"picked":"SKIP","floor":29.0},{"not_picked":["CrushJoints"],"picked":"SKIP","floor":31.0},{"not_picked":["FlyingSleeves"],"picked":"SKIP","floor":35.0},{"not_picked":["CrushJoints+1"],"picked":"SKIP","floor":36.0},{"not_picked":["PathToVictory+1"],"picked":"SKIP","floor":37.0},{"not_picked":["EmptyMind"],"picked":"SKIP","floor":38.0},{"not_picked":["Prostrate"],"picked":"SKIP","floor":39},{"not_picked":[],"picked":"JustLucky+1","floor":40},{"not_picked":["InnerPeace+1"],"picked":"SKIP","floor":41},{"not_picked":["BattleHymn+1"],"picked":"SKIP","floor":42},{"not_picked":["TalkToTheHand"],"picked":"SKIP","floor":44},{"not_picked":["Evaluate"],"picked":"SKIP","floor":46}],"player_experience":1903722,"relics_obtained":[{"floor":6.0,"key":"Centennial Puzzle"},{"floor":9.0,"key":"Regal Pillow"},{"floor":10.0,"key":"Letter Opener"},{"floor":14.0,"key":"Matryoshka"},{"floor":24.0,"key":"Pantograph"},{"floor":26.0,"key":"Potion Belt"},{"floor":26.0,"key":"Kunai"},{"floor":27.0,"key":"TungstenRod"},{"floor":40,"key":"MawBank"},{"floor":42,"key":"War Paint"},{"floor":43,"key":"Strawberry"},{"floor":43,"key":"Orichalcum"},{"floor":44,"key":"FossilizedHelix"}],"event_choices":[{"damage_healed":0.0,"max_hp_gain":0.0,"max_hp_loss":0.0,"gold_gain":0.0,"event_name":"Big Fish","player_choice":"Box","floor":4.0,"gold_loss":0.0,"damage_taken":0.0,"relics_obtained":["Gremlin Horn"],"cards_obtained":["Regret"]},{"damage_healed":0.0,"max_hp_gain":0.0,"max_hp_loss":0.0,"gold_gain":0.0,"event_name":"Shining Light","player_choice":"Entered Light","floor":5.0,"gold_loss":0.0,"damage_taken":14.0,"cards_upgraded":["Defend_P","Strike_P"]},{"damage_healed":0.0,"max_hp_gain":0.0,"max_hp_loss":0.0,"gold_gain":0.0,"event_name":"Scrap Ooze","player_choice":"Success","floor":7.0,"gold_loss":0.0,"damage_taken":12.0,"relics_obtained":["Boot"]},{"cards_removed":["Regret"],"damage_healed":0.0,"max_hp_gain":0.0,"max_hp_loss":0.0,"gold_gain":0.0,"event_name":"Golden Wing","player_choice":"Card Removal","floor":8.0,"gold_loss":0.0,"damage_taken":7.0},{"damage_healed":0.0,"max_hp_gain":0.0,"max_hp_loss":0.0,"gold_gain":0.0,"event_name":"Wheel of Change","player_choice":"Cursed","floor":12.0,"gold_loss":0.0,"damage_taken":0.0,"cards_obtained":["Decay"]},{"damage_healed":0.0,"max_hp_gain":0.0,"max_hp_loss":0.0,"gold_gain":0.0,"event_name":"The Library","player_choice":"Read","floor":20.0,"gold_loss":0.0,"damage_taken":0.0,"cards_obtained":["ThirdEye"]},{"cards_removed":["LessonLearned"],"damage_healed":58.0,"max_hp_gain":10.0,"max_hp_loss":0.0,"gold_gain":0.0,"event_name":"Bonfire Elementals","player_choice":"Offered Rare","floor":25.0,"gold_loss":0.0,"damage_taken":0.0},{"damage_healed":0,"gold_gain":0,"player_choice":"Ignored","damage_taken":0,"max_hp_gain":0,"max_hp_loss":0,"event_name":"The Moai Head","floor":45,"gold_loss":0}],"is_beta":false,"boss_relics":[{"not_picked":["Velvet Choker","SacredBark"],"picked":"Busted Crown"},{"not_picked":["Runic Dome","Empty Cage"],"picked":"HolyWater"}],"items_purged_floors":[2,30,48],"is_endless":false,"potions_floor_spawned":[6,10,14,19,21,24,28,29,36,37,40,42,44],"ascension_level":2}}