{"host":"rb2p2z6v6vieend5","time":1613347938,"event":{"mods":["BaseMod","Block Reminder","Colored Map","DeckTracker","Highlight Path","Minty Spire (QoL Compilation)","Random Character Button","Relic Stats"],"gold_per_floor":[114,131,131,145,145,145,177,189,216,216,232,9,42,59,59,138,138,153,173,173,201,201,233,233,260,260,260,260,276,276,201,201,276,276,293,293,293,310,321,321,543,561,561,577,595,595,595,610,610,610],"floor_reached":51,"language":"ENG","playtime":2836,"items_purged":["Defend_R"],"score":1182,"play_id":"adf82840-67de-4388-a0ed-c25f60f5a100","local_time":"20210215011218","is_ascension_mode":true,"campfire_choices":[{"data":"Perfected Strike","floor":6,"key":"SMITH"},{"data":"True Grit","floor":10,"key":"SMITH"},{"data":"Perfected Strike","floor":15,"key":"SMITH"},{"data":"Feed","floor":24,"key":"SMITH"},{"data":"Perfected Strike","floor":28,"key":"SMITH"},{"data":"True Grit","floor":30,"key":"SMITH"},{"data":"Ghostly","floor":32,"key":"SMITH"},{"data":"Ghostly","floor":40,"key":"SMITH"},{"data":"Perfected Strike","floor":46,"key":"SMITH"},{"floor":49,"key":"REST"}],"circlet_count":0,"master_deck":["AscendersBane","Strike_R","Strike_R","Strike_R","Strike_R+1","Strike_R+1","Bash","Cleave","Spot Weakness","Perfected Strike+1","True Grit+1","Twin Strike","Perfected Strike+1","Thunderclap","Fiend Fire","Feed+1","True Grit+1","Twin Strike","Ghostly+1","Ghostly","Ghostly+1","Perfected Strike+1","Burning Pact","Flame Barrier","Carnage","Juggernaut","Carnage","Shrug It Off+1","Perfected Strike+1"],"relics":["Burning Blood","Regal Pillow","Blood Vial","Boot","Centennial Puzzle","Thread and Needle","Snecko Eye","Red Mask","Whetstone","Mercury Hourglass","Bottled Lightning","Bronze Scales","Empty Cage","Frozen Egg 2","Bottled Flame"],"acts_visited":["Exordium","TheCity","TheBeyond"],"potions_floor_usage":[13,16,19,25,29,33,44,48,50,50],"damage_taken":[{"damage":0,"enemies":"Small Slimes","floor":1,"turns":3},{"damage":1,"enemies":"Cultist","floor":2,"turns":3},{"damage":6,"enemies":"2 Louse","floor":4,"turns":3},{"damage":23,"enemies":"Gremlin Nob","floor":7,"turns":4},{"damage":11,"enemies":"Blue Slaver","floor":8,"turns":4},{"damage":0,"enemies":"Large Slime","floor":11,"turns":2},{"damage":26,"enemies":"Lagavulin","floor":13,"turns":4},{"damage":10,"enemies":"3 Louse","floor":14,"turns":2},{"damage":36,"enemies":"The Guardian","floor":16,"turns":9},{"damage":11,"enemies":"3 Byrds","floor":18,"turns":7},{"damage":0,"enemies":"Spheric Guardian","floor":19,"turns":3},{"damage":8,"enemies":"Masked Bandits","floor":21,"turns":4},{"damage":18,"enemies":"Slavers","floor":23,"turns":5},{"damage":10,"enemies":"Book of Stabbing","floor":25,"turns":5},{"damage":0,"enemies":"Shelled Parasite and Fungi","floor":29,"turns":5},{"damage":1,"enemies":"Collector","floor":33,"turns":5},{"damage":33,"enemies":"3 Darklings","floor":35,"turns":4},{"damage":0,"enemies":"Orb Walker","floor":38,"turns":4},{"damage":0,"enemies":"Sphere and 2 Shapes","floor":39,"turns":5},{"damage":0,"enemies":"Transient","floor":42,"turns":5},{"damage":56,"enemies":"Spire Growth","floor":44,"turns":4},{"damage":1,"enemies":"Sphere and 2 Shapes","floor":45,"turns":3},{"damage":0,"enemies":"Maw","floor":48,"turns":6},{"damage":56,"enemies":"Donu and Deca","floor":50,"turns":9}],"seed_played":"-2177878136214255478","potions_obtained":[{"floor":4,"key":"Block Potion"},{"floor":7,"key":"Fruit Juice"},{"floor":11,"key":"DuplicationPotion"},{"floor":14,"key":"Fire Potion"},{"floor":16,"key":"DistilledChaos"},{"floor":21,"key":"Strength Potion"},{"floor":25,"key":"Swift Potion"},{"floor":33,"key":"AttackPotion"},{"floor":38,"key":"DuplicationPotion"},{"floor":45,"key":"SkillPotion"},{"floor":48,"key":"Weak Potion"}],"is_trial":false,"path_per_floor":["M","M","?","M","?","R","E","M","T","R","M","$","E","M","R","B",null,"M","M","?","?","?","E","R","E","T","?","R","M","R","?","R","B",null,"M","?","?","M","M","R","?","M","T","M","M","R","T","M","R","B",null],"character_chosen":"IRONCLAD","items_purchased":["Centennial Puzzle"],"campfire_rested":1,"item_purchase_floors":[12],"current_hp_per_floor":[81,82,82,82,82,82,65,62,62,62,70,70,52,50,50,22,67,67,75,42,43,43,36,36,43,43,43,43,55,55,55,55,61,61,38,38,38,50,58,58,58,66,66,18,25,25,25,37,73,23],"gold":610,"neow_bonus":"TEN_PERCENT_HP_BONUS","is_daily":false,"chose_seed":false,"campfire_upgraded":9,"win_rate":0.0,"timestamp":1613347938,"path_taken":["M","M","?","M","?","R","E","M","T","R","M","$","E","?","R","BOSS","M","M","?","?","?","E","R","E","T","?","R","M","R","?","R","BOSS","M","?","?","?","M","R","?","M","T","M","M","R","?","M","R","BOSS"],"items_purchased_type":["Relic"],"build_version":"2020-12-22","purchased_purges":1,"victory":true,"max_hp_per_floor":[82,82,82,82,82,82,82,82,82,82,82,82,82,82,82,82,82,85,85,42,45,45,48,48,57,57,57,57,61,61,61,61,61,61,65,65,65,69,69,69,69,69,69,69,69,69,69,73,73,73],"relic_stats":{"Blood Vial":34,"Regal Pillow":15,"Centennial Puzzle":[36],"counters":[24,108],"Bronze Scales":[149],"Snecko Eye":[137,133,139,126],"Whetstone":["Strike_R","Strike_R"],"Boot":[26],"obtain_stats":[{"Regal Pillow":5,"Thread and Needle":13,"Whetstone":23,"Frozen Egg 2":43,"Boot":9,"Empty Cage":34,"Burning Blood":0,"Mercury Hourglass":25,"Blood Vial":7,"Centennial Puzzle":12,"Bottled Flame":47,"Bronze Scales":27,"Snecko Eye":17,"Red Mask":21,"Bottled Lightning":26},{"Regal Pillow":3,"Thread and Needle":7,"Whetstone":13,"Frozen Egg 2":20,"Boot":5,"Empty Cage":16,"Burning Blood":0,"Mercury Hourglass":14,"Blood Vial":4,"Centennial Puzzle":6,"Bottled Flame":22,"Bronze Scales":14,"Snecko Eye":9,"Red Mask":12,"Bottled Lightning":14},{"Regal Pillow":9,"Thread and Needle":23,"Whetstone":53,"Frozen Egg 2":86,"Boot":17,"Empty Cage":68,"Burning Blood":0,"Mercury Hourglass":58,"Blood Vial":13,"Centennial Puzzle":19,"Bottled Flame":93,"Bronze Scales":58,"Snecko Eye":34,"Red Mask":48,"Bottled Lightning":58}],"Burning Blood":139,"Mercury Hourglass":[184]},"card_choices":[{"not_picked":["True Grit","Hemokinesis"],"picked":"Cleave","floor":1},{"not_picked":["Thunderclap","Warcry"],"picked":"Spot Weakness","floor":2},{"not_picked":["Pummel","Sword Boomerang"],"picked":"Perfected Strike","floor":4},{"not_picked":["Iron Wave","Flex"],"picked":"True Grit","floor":7},{"not_picked":["Body Slam","Power Through"],"picked":"Twin Strike","floor":8},{"not_picked":["Reckless Charge","Sentinel"],"picked":"Perfected Strike","floor":11},{"not_picked":["Warcry","Intimidate"],"picked":"Thunderclap","floor":13},{"not_picked":["Power Through","Rampage"],"picked":"Fiend Fire","floor":14},{"not_picked":["Berserk","Demon Form"],"picked":"Feed","floor":16},{"not_picked":["Headbutt","Iron Wave"],"picked":"True Grit","floor":18},{"not_picked":["Anger","Entrench"],"picked":"Twin Strike","floor":19},{"not_picked":["Dual Wield","Clothesline"],"picked":"Burning Pact","floor":23},{"not_picked":["Disarm","Anger"],"picked":"Flame Barrier","floor":25},{"not_picked":["Searing Blow","Disarm"],"picked":"Carnage","floor":29},{"not_picked":["Reaper","Brutality"],"picked":"Juggernaut","floor":33},{"not_picked":["Body Slam","Wild Strike"],"picked":"Carnage","floor":35},{"not_picked":["Sever Soul","Flex"],"picked":"Shrug It Off+1","floor":38},{"not_picked":["Body Slam","Clash","Armaments"],"picked":"SKIP","floor":39},{"not_picked":["Flex+1","Battle Trance"],"picked":"Perfected Strike","floor":42},{"not_picked":["Heavy Blade","True Grit","Dark Embrace+1"],"picked":"SKIP","floor":44},{"not_picked":["Dropkick","Searing Blow","Infernal Blade"],"picked":"SKIP","floor":45},{"not_picked":["Offering","Sword Boomerang","Bloodletting"],"picked":"SKIP","floor":48}],"player_experience":744358,"relics_obtained":[{"floor":7,"key":"Blood Vial"},{"floor":9,"key":"Boot"},{"floor":13,"key":"Thread and Needle"},{"floor":21,"key":"Red Mask"},{"floor":23,"key":"Whetstone"},{"floor":25,"key":"Mercury Hourglass"},{"floor":26,"key":"Bottled Lightning"},{"floor":43,"key":"Frozen Egg 2"},{"floor":47,"key":"Bottled Flame"}],"event_choices":[{"damage_healed":0,"gold_gain":0,"player_choice":"Ignored","damage_taken":0,"max_hp_gain":0,"max_hp_loss":0,"event_name":"Liars Game","floor":3,"gold_loss":0},{"damage_healed":0,"gold_gain":0,"player_choice":"Gave Potion","damage_taken":0,"relics_obtained":["Regal Pillow"],"max_hp_gain":0,"max_hp_loss":0,"event_name":"WeMeetAgain","floor":5,"gold_loss":0},{"damage_healed":0,"gold_gain":0,"player_choice":"Became a Ghost","damage_taken":0,"max_hp_gain":0,"max_hp_loss":43,"event_name":"Ghosts","floor":20,"gold_loss":0,"cards_obtained":["Ghostly","Ghostly","Ghostly"]},{"damage_healed":0,"gold_gain":0,"player_choice":"Fought Bandits","damage_taken":0,"max_hp_gain":0,"max_hp_loss":0,"event_name":"Masked Bandits","floor":21,"gold_loss":0},{"damage_healed":0,"gold_gain":0,"player_choice":"Read","damage_taken":0,"max_hp_gain":0,"max_hp_loss":0,"event_name":"The Library","floor":22,"gold_loss":0,"cards_obtained":["Perfected Strike"]},{"damage_healed":0,"gold_gain":0,"player_choice":"Stole Relic","damage_taken":0,"relics_obtained":["Bronze Scales"],"max_hp_gain":0,"max_hp_loss":0,"event_name":"Addict","floor":27,"gold_loss":0,"cards_obtained":["Shame"]},{"cards_removed":["Shame"],"damage_healed":0,"gold_gain":0,"player_choice":"Gave Gold","damage_taken":0,"max_hp_gain":0,"max_hp_loss":0,"event_name":"Beggar","floor":31,"gold_loss":75},{"damage_healed":0,"gold_gain":0,"player_choice":"Memory 1","damage_taken":0,"max_hp_gain":0,"max_hp_loss":0,"event_name":"SensoryStone","floor":36,"gold_loss":0},{"cards_removed":["Defend_R"],"damage_healed":0,"gold_gain":0,"player_choice":"Removed Skill","damage_taken":0,"max_hp_gain":0,"max_hp_loss":0,"event_name":"Falling","floor":37,"gold_loss":0},{"damage_healed":0,"gold_gain":222,"player_choice":"Wore Mask","damage_taken":0,"max_hp_gain":0,"max_hp_loss":0,"event_name":"Tomb of Lord Red Mask","floor":41,"gold_loss":0}],"is_beta":false,"boss_relics":[{"not_picked":["Runic Dome","Tiny House"],"picked":"Snecko Eye"},{"not_picked":["Philosopher\u0027s Stone","Runic Pyramid"],"picked":"Empty Cage"}],"items_purged_floors":[12],"is_endless":false,"potions_floor_spawned":[4,7,11,14,16,21,25,33,38,45,48],"ascension_level":15}}