{"host":"a3gu5zu37ht99mpa","time":1613403465,"event":{"mods":["100% Spire Juice","Act Like it!","Arknights","BaseMod","Better Silent Start","BetterRewards","Conspire","Downfall","Energized Spire","GifTheSpireLib","Gold Saver","Halation","Minty Spire (QoL Compilation)","Prisma Mod","Robot Space Explorer","Shop Mod","StSLib","Stuff the Spire","The Animator","The Servant 0.9.4","Virulent Crown","Wandering Minibosses","yUi"],"gold_per_floor":[238,150,175,185,185,219,219,294,294,294,241,241,280,310,310,310,310],"floor_reached":16,"language":"ENG","playtime":756,"items_purged":[],"score":111,"play_id":"11336fe1-16e3-4286-9d80-43912556d3e3","local_time":"20210215103745","is_ascension_mode":true,"campfire_choices":[{"data":"animator:DolaSchwi","floor":7.0,"key":"SMITH"},{"floor":10.0,"key":"RECALL"},{"data":"animator:Tet","floor":15.0,"key":"SMITH"}],"circlet_count":0,"master_deck":["animator:Strike_NoGameNoLife","animator:Defend_NoGameNoLife","animator:DolaSchwi+1","animator:DolaCouronne","animator:Tet+1","animator:Strike_Elsword","animator:Strike_MadokaMagica","animator:Defend_MadokaMagica","animator:Defend_TenSura","animator:Hakurou","animator:Tatsumaki","animator:DolaRiku","animator:Tatsumaki","animator:DolaStephanie","animator:Shuna"],"relics":["animator:LivingPicture","animator:TheMissingPiece","animator:PurgingStone","CaptainsWheel","StuffTheSpire:EmeraldSignet","Lizard Tail","Odd Mushroom"],"acts_visited":["Exordium"],"potions_floor_usage":[],"damage_taken":[{"damage":0.0,"enemies":"Small Slimes","floor":1.0,"turns":3.0},{"damage":0.0,"enemies":"Jaw Worm","floor":3.0,"turns":4.0},{"damage":9.0,"enemies":"2 Louse","floor":4.0,"turns":5.0},{"damage":12.0,"enemies":"Lagavulin","floor":6.0,"turns":6.0},{"damage":10.0,"enemies":"Gremlin Nob","floor":13.0,"turns":4.0},{"damage":12.0,"enemies":"The Mushroom Lair","floor":14.0,"turns":3.0},{"damage":0,"enemies":"Hexaghost","floor":16,"turns":1}],"seed_played":"5749768785583958726","potions_obtained":[{"floor":1.0,"key":"Weak Potion"},{"floor":4.0,"key":"DuplicationPotion"}],"is_trial":false,"path_per_floor":["M","?","M","M","?","E","R","?","T","R","$","?","E","?","R","B"],"character_chosen":"THE_ANIMATOR","items_purchased":["animator:Tatsumaki"],"campfire_rested":0,"item_purchase_floors":[11],"current_hp_per_floor":[60,60,60,51,33,22,22,11,11,11,11,11,1,25,25,25,25],"gold":310,"neow_bonus":"REMOVE_TWO","is_daily":false,"chose_seed":false,"campfire_upgraded":2,"win_rate":0.0,"timestamp":1613403465,"path_taken":["M","?","M","M","?","E","R","?","T","R","?","?","E","?","R","BOSS"],"items_purchased_type":["Card"],"build_version":"2020-12-22","purchased_purges":0,"victory":false,"max_hp_per_floor":[60,60,60,60,60,61,61,61,61,61,61,61,61,62,62,62,62],"card_choices":[{"not_picked":["animator:RoryMercury","animator:RinTohsaka"],"picked":"animator:Tet","floor":1.0},{"not_picked":["animator:Add","animator:Kazuma"],"picked":"animator:Hakurou","floor":3.0},{"not_picked":["animator:DolaStephanie","animator:Yoichi"],"picked":"animator:Tatsumaki","floor":4.0},{"not_picked":["animator:Tet","animator:Jibril"],"picked":"animator:DolaRiku","floor":6.0},{"not_picked":["animator:Chris","animator:Kuribayashi"],"picked":"animator:DolaStephanie","floor":13.0},{"not_picked":["animator:Spearman","animator:SakuraMatou"],"picked":"animator:Shuna","floor":14.0}],"player_experience":87916,"relics_obtained":[{"floor":6.0,"key":"StuffTheSpire:EmeraldSignet"},{"floor":13.0,"key":"Lizard Tail"},{"floor":14.0,"key":"Odd Mushroom"}],"event_choices":[{"damage_healed":0.0,"max_hp_gain":0.0,"max_hp_loss":0.0,"gold_gain":0.0,"event_name":"Scrap Ooze","player_choice":"Success","floor":5.0,"gold_loss":0.0,"damage_taken":18.0,"relics_obtained":["CaptainsWheel"]},{"damage_healed":0.0,"max_hp_gain":0.0,"max_hp_loss":0.0,"gold_gain":75.0,"event_name":"World of Goop","player_choice":"Gather Gold","floor":8.0,"gold_loss":0.0,"damage_taken":11.0},{"damage_healed":0.0,"max_hp_gain":0.0,"max_hp_loss":0.0,"gold_gain":0.0,"event_name":"conspire:Investor","player_choice":"Leave","floor":12.0,"gold_loss":0.0,"damage_taken":0.0},{"damage_healed":0.0,"max_hp_gain":0.0,"max_hp_loss":0.0,"gold_gain":0.0,"event_name":"Mushrooms","player_choice":"Fought Mushrooms","floor":14.0,"gold_loss":0.0,"damage_taken":0.0}],"is_beta":false,"boss_relics":[],"items_purged_floors":[],"is_endless":false,"potions_floor_spawned":[1,4],"killed_by":"Hexaghost","ascension_level":1}}