{"host":"2no1vwhhkhf0ohz3","time":1613410981,"event":{"mods":["AchievementEnabler","BaseMod","Colored Map","DeckTracker","Keyboard Shortcuts","Minty Spire (QoL Compilation)","SuperFastMode"],"gold_per_floor":[113,126,28,28,40,40,56,56,136,149,166,177,191,203,203,307,307,325,336,336,348,348,348,383,383,383,394,394,427,11,11,11,11,11],"floor_reached":33,"language":"KOR","playtime":932,"items_purged":["Strike_G","Defend_G"],"score":444,"play_id":"3bf340b6-0d9f-4b1b-b4c8-a13fd11979f4","local_time":"20210216024301","is_ascension_mode":true,"campfire_choices":[{"data":"Poisoned Stab","floor":6.0,"key":"SMITH"},{"data":"Footwork","floor":15.0,"key":"SMITH"},{"data":"Reflex","floor":23.0,"key":"SMITH"},{"data":"Calculated Gamble","floor":25.0,"key":"SMITH"},{"data":"Leg Sweep","floor":28,"key":"SMITH"},{"floor":32,"key":"REST"}],"circlet_count":0,"master_deck":["Defend_G","Defend_G","Survivor","Neutralize","Poisoned Stab+1","Deadly Poison+1","Calculated Gamble+1","Footwork+1","Leg Sweep+1","Reflex+1","Dodge and Roll","Quick Slash+1","Acrobatics+1","Venomology+1","PiercingWail+1","Escape Plan","Corpse Explosion","After Image","Backflip","Tactician"],"relics":["Ring of the Snake","Meat on the Bone","Astrolabe","Anchor","Centennial Puzzle","Singing Bowl"],"acts_visited":["Exordium","TheCity"],"potions_floor_usage":[27,29,29,33,33,33,33],"damage_taken":[{"damage":9.0,"enemies":"Cultist","floor":1.0,"turns":6.0},{"damage":0.0,"enemies":"2 Louse","floor":2.0,"turns":3.0},{"damage":0.0,"enemies":"Small Slimes","floor":5.0,"turns":3.0},{"damage":2.0,"enemies":"3 Louse","floor":7.0,"turns":3.0},{"damage":19.0,"enemies":"Exordium Thugs","floor":10.0,"turns":5.0},{"damage":8.0,"enemies":"Large Slime","floor":11.0,"turns":6.0},{"damage":8.0,"enemies":"Exordium Wildlife","floor":12.0,"turns":5.0},{"damage":1.0,"enemies":"2 Fungi Beasts","floor":13.0,"turns":4.0},{"damage":0.0,"enemies":"Red Slaver","floor":14.0,"turns":4.0},{"damage":7.0,"enemies":"Hexaghost","floor":16.0,"turns":10.0},{"damage":18.0,"enemies":"Chosen","floor":18.0,"turns":5.0},{"damage":8.0,"enemies":"Spheric Guardian","floor":19.0,"turns":6.0},{"damage":4.0,"enemies":"Chosen and Byrds","floor":21.0,"turns":8.0},{"damage":23.0,"enemies":"Slavers","floor":24.0,"turns":4.0},{"damage":4,"enemies":"3 Cultists","floor":27,"turns":3},{"damage":32,"enemies":"Gremlin Leader","floor":29,"turns":5},{"damage":7,"enemies":"Champ","floor":33,"turns":9}],"seed_played":"3022753103365185380","potions_obtained":[{"floor":5.0,"key":"LiquidBronze"},{"floor":8.0,"key":"Swift Potion"},{"floor":8.0,"key":"Weak Potion"},{"floor":12.0,"key":"Block Potion"},{"floor":13.0,"key":"Poison Potion"},{"floor":16.0,"key":"Weak Potion"},{"floor":18.0,"key":"Explosive Potion"},{"floor":24.0,"key":"Strength Potion"},{"floor":27,"key":"Weak Potion"},{"floor":29,"key":"Weak Potion"}],"is_trial":false,"path_per_floor":["M","M","$","?","M","R","M","?","T","M","M","M","M","M","R","B",null,"M","M","?","M","?","R","E","R","T","M","R","E","$","?","R","B"],"character_chosen":"THE_SILENT","items_purchased":["Deadly Poison","Tactician","Singing Bowl"],"campfire_rested":1,"item_purchase_floors":[3,30,30],"current_hp_per_floor":[54,54,54,54,54,54,52,52,52,45,37,41,40,40,40,45,64,46,38,38,46,46,46,35,35,35,43,43,23,23,10,32,25,25],"gold":11,"neow_bonus":"REMOVE_CARD","is_daily":false,"chose_seed":false,"campfire_upgraded":5,"win_rate":0.0,"timestamp":1613410981,"path_taken":["M","M","?","?","M","R","?","?","T","M","M","M","?","M","R","BOSS","M","M","?","M","?","R","E","R","T","?","R","E","$","?","R","BOSS"],"items_purchased_type":["Card","Card","Relic"],"build_version":"2020-12-22","purchased_purges":2,"victory":false,"max_hp_per_floor":[70,70,70,70,70,70,70,70,70,70,70,70,70,70,70,70,70,70,70,70,70,70,70,70,70,70,70,70,70,70,75,75,75,75],"card_choices":[{"not_picked":["Sucker Punch","Acrobatics"],"picked":"Dagger Throw","floor":1.0},{"not_picked":["Outmaneuver","Catalyst"],"picked":"Poisoned Stab","floor":2.0},{"not_picked":["Deadly Poison","Cloak And Dagger"],"picked":"Calculated Gamble","floor":5.0},{"not_picked":["Dodge and Roll","Tactician"],"picked":"Footwork","floor":7.0},{"not_picked":["All Out Attack","Prepared","Caltrops"],"picked":"SKIP","floor":10.0},{"not_picked":["Dagger Throw","Predator"],"picked":"Leg Sweep","floor":11.0},{"not_picked":["Dodge and Roll","Quick Slash"],"picked":"Reflex","floor":12.0},{"not_picked":["Accuracy","Leg Sweep"],"picked":"Dodge and Roll","floor":13.0},{"not_picked":["Endless Agony","Setup","Flechettes"],"picked":"SKIP","floor":14.0},{"not_picked":["Skewer","Quick Slash+1"],"picked":"PiercingWail+1","floor":18.0},{"not_picked":["Dagger Spray+1","Outmaneuver","Dagger Throw"],"picked":"SKIP","floor":19.0},{"not_picked":["Calculated Gamble","Dash+1","Cloak And Dagger"],"picked":"SKIP","floor":21.0},{"not_picked":["Slice","Backstab","Leg Sweep"],"picked":"SKIP","floor":24.0},{"not_picked":["Dagger Spray","Skewer+1"],"picked":"Backflip","floor":27},{"not_picked":["Skewer","Prepared","Cloak And Dagger"],"picked":"SKIP","floor":29}],"player_experience":309786,"relics_obtained":[{"floor":9.0,"key":"Meat on the Bone"},{"floor":24.0,"key":"Anchor"},{"floor":29,"key":"Centennial Puzzle"}],"event_choices":[{"damage_healed":0.0,"max_hp_gain":0.0,"max_hp_loss":0.0,"gold_gain":0.0,"event_name":"Accursed Blacksmith","player_choice":"Forge","floor":4.0,"gold_loss":0.0,"damage_taken":0.0,"cards_upgraded":["Deadly Poison"]},{"damage_healed":0.0,"max_hp_gain":0.0,"max_hp_loss":0.0,"gold_gain":0.0,"event_name":"Lab","player_choice":"Got Potions","floor":8.0,"gold_loss":0.0,"damage_taken":0.0},{"damage_healed":0.0,"max_hp_gain":0.0,"max_hp_loss":0.0,"gold_gain":0.0,"cards_transformed":["Strike_G","Dagger Throw"],"event_name":"Drug Dealer","player_choice":"Became Test Subject","floor":20.0,"gold_loss":0.0,"damage_taken":0.0,"cards_obtained":["Escape Plan","Corpse Explosion"]},{"damage_healed":0.0,"max_hp_gain":0.0,"max_hp_loss":0.0,"gold_gain":0.0,"cards_transformed":["Defend_G"],"event_name":"Transmorgrifier","player_choice":"Transformed","floor":22.0,"gold_loss":0.0,"damage_taken":0.0,"cards_obtained":["After Image"]},{"damage_healed":0,"gold_gain":0,"player_choice":"Shed Blood","damage_taken":18,"max_hp_gain":5,"max_hp_loss":0,"event_name":"Forgotten Altar","floor":31,"gold_loss":0}],"is_beta":false,"boss_relics":[{"not_picked":["Busted Crown","Coffee Dripper"],"picked":"Astrolabe"}],"items_purged_floors":[3,30],"is_endless":false,"potions_floor_spawned":[5,11,12,13,16,18,24,27,29],"killed_by":"Champ","ascension_level":9}}