{"host":"imuivj26agbrliq2","time":1613398159,"event":{"mods":["AchievementEnabler","Act Like it!","Aspiration","BaseMod","Colored Map","Colored Powertips","Dota2Spire","Friendly Minions","Gensokyo","GifTheSpireLib","Hallownest","Hermit","Highlight Path","KinomotoSakuraMod(木之本樱)","Koishi","Lobotomy","LobotomyExtend","Marisa（F雨　魔理沙）","Minty Spire (QoL Compilation)","Quick Restart","Rare Cards Sparkle","Relic Stats","Remilia（蕾米莉亚）","Replay The Spire","RumiaBox-露米娅的神秘盒子","Spicy Shops","StSLib","The Administrix","The Animator","The Blackbeard","The Bug Knight","The Cursed","The Hierophant","The Mystic","The Runesmith","The Servant 0.9.4","Yakumo Yukari mod","Youmu（魂魄妖梦）","Yuyuko","【功能Mod】混沌之环修复补丁","【功能Mod】聪明的最终Boss"],"gold_per_floor":[112,122,122,47,47,79,99,99,99,99,115,4,29,58,70,186,198,221,233,257,269,339,351,378,1,1,14,14,33,33,50,50,148,148,160,160,160,178,198,198,198,223,223,73,90,106,106,121,121,121],"floor_reached":51,"language":"ZHS","playtime":4308,"items_purged":["ClowCardTheSword"],"score":791,"play_id":"5971b1c6-e9f7-439a-a23b-c6a8dd45c2d6","local_time":"20210215220919","is_ascension_mode":false,"campfire_choices":[{"data":"ClowCardTheFirey","floor":8,"key":"SMITH"},{"data":"ReplayTheSpireMod:Faulty Equipment","floor":15,"key":"SMITH"},{"data":"ClowCardTheShield","floor":23,"key":"SMITH"},{"data":"ClowCardTheSword","floor":28,"key":"SMITH"},{"data":"ClowCardTheLight","floor":30,"key":"SMITH"},{"data":"ClowCardTheDark","floor":32,"key":"SMITH"},{"data":"ClowCardTheWatery","floor":40,"key":"SMITH"},{"data":"ClowCardTheFloat","floor":47,"key":"SMITH"},{"floor":49,"key":"REST"}],"circlet_count":0,"master_deck":["SakuraCardTheSword+","ClowCardTheSword+1","ClowCardTheShield+1","SpellCardSeal","SpellCardRelease","ClowCardTheVoice","ClowCardTheSong","Enlightenment","ClowCardTheFirey+1","ClowCardTheShot","ClowCardTheWatery+1","ClowCardTheDark+1","ClowCardTheDream+1","ClowCardTheSnow","ClowCardTheCloud","ReplayTheSpireMod:From All Sides","Night Terror+1","ReplayTheSpireMod:Shiv Toss","ClowCardTheErase","ClowCardTheIllusion","ClowCardTheLibra","ClowCardTheFreeze","ClowCardTheLight+1","ClowCardTheMove","ClowCardTheLoop","ClowCardTheFight","Runesmith:Attraction+1","Runesmith:Grindstone+1","Runesmith:ShiftingStrike","ClowCardTheBubbles","ClowCardTheFloat+1"],"relics":["KSMOD_SealedBook","KSMOD_SealedWand","LetterFromLob","KSMOD_TomoyosHeart","RedMistMask","MagicDraw1","ReplayTheSpireMod:CursedCoin","Dota2Spire:Satanic","Medical Kit","MawBank","aspiration:RitualDagger","Bottled Tornado","Dota2Spire:Dagon","AntiCross","aspiration:RunesmithSkillbook","Ccalipers"],"acts_visited":["Hallownest:Greenpath","Hallownest:CityofTears","Gensokyo:Gensokyoest"],"potions_floor_usage":[16,16,33],"damage_taken":[{"damage":4,"enemies":"Hallownest:2_MossCreeps","floor":1,"turns":5},{"damage":1,"enemies":"Hallownest:monsterHuskWarrior","floor":2,"turns":4},{"damage":3,"enemies":"Hallownest:eliteVengeflyKing","floor":6,"turns":4},{"damage":0,"enemies":"2_ Uuma","floor":7,"turns":2},{"damage":0,"enemies":"Hallownest:monsterFoolEater","floor":11,"turns":2},{"damage":0,"enemies":"Hallownest:eliteMossKnight","floor":13,"turns":2},{"damage":8,"enemies":"Hallownest:1_Baldur_1_Crawlid_1_Warrior","floor":14,"turns":3},{"damage":33,"enemies":"Hallownest:BossFalseKnight","floor":16,"turns":5},{"damage":9,"enemies":"Hallownest:3_Youths","floor":18,"turns":3},{"damage":28,"enemies":"Hallownest:Guard_and_Sentry","floor":20,"turns":3},{"damage":15,"enemies":"Hallownest:Glutton_and_Coward","floor":22,"turns":2},{"damage":23,"enemies":"Hallownest:2_Husk_Sentries","floor":24,"turns":4},{"damage":22,"enemies":"Hallownest:3_Mistakes","floor":27,"turns":3},{"damage":12,"enemies":"Hallownest:Warrior_and_Youth","floor":29,"turns":3},{"damage":10,"enemies":"Hallownest:monsterShrumalOgre","floor":31,"turns":2},{"damage":78,"enemies":"Hallownest:BossMantisLord","floor":33,"turns":5},{"damage":15,"enemies":"Gensokyo:3_Bats","floor":35,"turns":2},{"damage":3,"enemies":"Gensokyo:3_Boulders","floor":38,"turns":1},{"damage":9,"enemies":"Gensokyo:SeedOfUnknown","floor":39,"turns":3},{"damage":6,"enemies":"Gensokyo:Doremy","floor":42,"turns":2},{"damage":23,"enemies":"Gensokyo:AtlasGolem","floor":45,"turns":4},{"damage":54,"enemies":"Gensokyo:Rafflesia","floor":46,"turns":4},{"damage":23,"enemies":"Gensokyo:4_Bats","floor":48,"turns":2},{"damage":27,"enemies":"Gensokyo:Yuyuko","floor":50,"turns":4}],"seed_played":"214108525100359137","potions_obtained":[{"floor":6,"key":"Explosive Potion"},{"floor":11,"key":"Milkshake"},{"floor":14,"key":"LiquidMemories"},{"floor":18,"key":"Dota2Spire:HealingSalve"},{"floor":20,"key":"FairyPotion"},{"floor":24,"key":"SmokeBomb"},{"floor":35,"key":"Explosive Potion"}],"is_trial":false,"path_per_floor":["M","M","?","$","?","E","M","R","T","?","M","$","E","M","R","B",null,"M","?","M","?","M","R","M","$","T","M","R","M","R","M","R","B",null,"M","?","?","M","M","R","?","E","T","$","M","M","R","M","R","B",null],"character_chosen":"KINOMOTOSAKURA","items_purchased":["ReplayTheSpireMod:CursedCoin","Dota2Spire:Satanic","Medical Kit","ClowCardTheDream+1","Dota2Spire:Dagon","ClowCardTheFreeze"],"campfire_rested":1,"item_purchase_floors":[12,12,12,12,25,25],"current_hp_per_floor":[66,65,65,65,65,62,62,62,62,62,62,62,62,62,62,29,70,61,61,33,29,14,14,13,13,13,70,70,67,67,68,68,43,70,64,64,70,70,70,70,70,70,70,70,67,43,43,43,64,64],"gold":121,"neow_bonus":"ONE_RANDOM_RARE_CARD","is_daily":false,"chose_seed":false,"campfire_upgraded":8,"win_rate":0.0,"timestamp":1613398159,"path_taken":["M","M","?","$","?","E","M","R","T","?","?","$","E","M","R","BOSS","M","?","?","?","?","R","M","$","T","M","R","M","R","M","R","BOSS","M","?","?","M","?","R","?","E","T","?","?","M","R","M","R","BOSS"],"items_purchased_type":["Relic","Relic","Relic","Card","Relic","Card"],"build_version":"2020-12-22","purchased_purges":1,"victory":true,"max_hp_per_floor":[70,70,70,70,70,70,70,70,70,70,70,70,70,70,70,70,70,70,70,70,70,70,70,70,70,70,70,70,70,70,70,70,70,70,70,70,70,70,70,70,70,70,70,70,70,70,70,70,70,70],"relic_stats":{"counters":[24,74],"Medical Kit":[0],"MawBank":144,"obtain_stats":[{"KSMOD_SealedBook":0,"ReplayTheSpireMod:CursedCoin":12,"Dota2Spire:Dagon":25,"Bottled Tornado":20,"Medical Kit":12,"MawBank":13,"MagicDraw1":9,"Dota2Spire:Satanic":12,"KSMOD_TomoyosHeart":6,"Ccalipers":42,"aspiration:RunesmithSkillbook":34,"AntiCross":26,"KSMOD_SealedWand":0,"RedMistMask":6,"LetterFromLob":2,"aspiration:RitualDagger":17},{"KSMOD_SealedBook":0,"ReplayTheSpireMod:CursedCoin":5,"Dota2Spire:Dagon":12,"Bottled Tornado":10,"Medical Kit":5,"MawBank":6,"MagicDraw1":4,"Dota2Spire:Satanic":5,"KSMOD_TomoyosHeart":3,"Ccalipers":20,"aspiration:RunesmithSkillbook":16,"AntiCross":12,"KSMOD_SealedWand":0,"RedMistMask":3,"LetterFromLob":2,"aspiration:RitualDagger":8},{"KSMOD_SealedBook":0,"ReplayTheSpireMod:CursedCoin":17,"Dota2Spire:Dagon":39,"Bottled Tornado":33,"Medical Kit":17,"MawBank":19,"MagicDraw1":15,"Dota2Spire:Satanic":17,"KSMOD_TomoyosHeart":13,"Ccalipers":60,"aspiration:RunesmithSkillbook":52,"AntiCross":39,"KSMOD_SealedWand":0,"RedMistMask":13,"LetterFromLob":9,"aspiration:RitualDagger":27}]},"card_choices":[{"not_picked":["ClowCardTheWood","ClowCardTheCloud"],"picked":"ClowCardTheVoice","floor":1},{"not_picked":["ClowCardTheCloud","ClowCardTheLibra"],"picked":"ClowCardTheSong","floor":2},{"not_picked":["Specialist","Violence"],"picked":"Enlightenment","floor":3},{"not_picked":["ClowCardTheSand","ClowCardTheMist"],"picked":"ClowCardTheFirey","floor":3},{"not_picked":["ClowCardTheFreeze","ClowCardTheSweet"],"picked":"ClowCardTheShot","floor":6},{"not_picked":["ClowCardTheStorm","ClowCardTheMirror"],"picked":"ClowCardTheWatery","floor":7},{"not_picked":["ClowCardTheSand","ClowCardTheMove"],"picked":"ClowCardTheDark","floor":11},{"not_picked":["ClowCardTheSnow","ClowCardTheMaze"],"picked":"ClowCardTheArrow","floor":13},{"not_picked":["ClowCardTheWatery","ClowCardTheWood"],"picked":"ClowCardTheSnow","floor":14},{"not_picked":["ClowCardTheThunder","ClowCardTheDark"],"picked":"ClowCardTheCreate","floor":16},{"not_picked":["ClowCardTheMaze","ClowCardTheIllusion+1"],"picked":"ClowCardTheCloud","floor":18},{"not_picked":["ClowCardTheLock","ClowCardTheLibra"],"picked":"ClowCardTheErase","floor":20},{"not_picked":["ClowCardTheShot+1","ClowCardTheChange"],"picked":"ClowCardTheIllusion","floor":22},{"not_picked":["ClowCardTheLoop","ClowCardTheFirey"],"picked":"ClowCardTheLibra","floor":24},{"not_picked":["ClowCardTheFly+1","ClowCardTheChange"],"picked":"ClowCardTheLight","floor":27},{"not_picked":["ClowCardTheLoop","ClowCardTheStorm"],"picked":"ClowCardTheMove","floor":29},{"not_picked":["ClowCardTheSnow","ClowCardTheShot+1"],"picked":"ClowCardTheLoop","floor":31},{"not_picked":["ClowCardTheCreate","ClowCardTheReturn"],"picked":"ClowCardTheFight","floor":33},{"not_picked":["ClowCardTheErase+1","ClowCardTheMaze","ClowCardThePower"],"picked":"Runesmith:Attraction+1","floor":35},{"not_picked":["Runesmith:Prism","ClowCardTheLock","Runesmith:CraftReservo"],"picked":"Runesmith:Grindstone+1","floor":38},{"not_picked":["Runesmith:HammerAndChisel","Runesmith:BackupBattery","Runesmith:StaticCage+1"],"picked":"Runesmith:ShiftingStrike","floor":39},{"not_picked":["ClowCardTheLittle+1","Runesmith:Augment","ClowCardTheErase+1"],"picked":"ClowCardTheBubbles","floor":42},{"not_picked":["ClowCardTheShot+1","Runesmith:LithiumIon+1","ClowCardTheDark","Runesmith:Firestorm+1"],"picked":"SKIP","floor":45},{"not_picked":["ClowCardTheSilent","Runesmith:HeatedChisel","Runesmith:BackupBattery"],"picked":"ClowCardTheFloat","floor":46},{"not_picked":["ClowCardTheLock+1","ClowCardTheWatery+1","Runesmith:Terraform+1","Runesmith:ChiselStab"],"picked":"SKIP","floor":48}],"player_experience":59158,"relics_obtained":[{"floor":2,"key":"LetterFromLob"},{"floor":6,"key":"KSMOD_TomoyosHeart"},{"floor":6,"key":"RedMistMask"},{"floor":9,"key":"MagicDraw1"},{"floor":13,"key":"MawBank"},{"floor":20,"key":"Bottled Tornado"},{"floor":26,"key":"AntiCross"},{"floor":42,"key":"Ccalipers"}],"event_choices":[],"is_beta":false,"boss_relics":[{"not_picked":["aspiration:RunicSpoon","ChewingGum"],"picked":"aspiration:RitualDagger"},{"not_picked":["Sozu","aspiration:SecretTechniqueScroll"],"picked":"aspiration:RunesmithSkillbook"}],"items_purged_floors":[4],"is_endless":false,"potions_floor_spawned":[6,11,14,18,20,24,35,46],"ascension_level":0}}