{"host":"lnnm69al9x392px5","time":1613432774,"event":{"mods":["BaseMod","Downfall","Minty Spire (QoL Compilation)","Reliquary","Replay The Spire","StSLib"],"gold_per_floor":[110,185,185,185,195,195,214,229,229,77,89,89,89,109,109,211,211,230,230,218,218,230,230,256,256,256,268,268,18,18,18,18,46,46],"floor_reached":33,"language":"ENG","playtime":5012,"items_purged":[],"score":255,"play_id":"605830c7-2cb3-40a5-a437-ea2840a8e076","local_time":"20210215154614","is_ascension_mode":false,"campfire_choices":[{"data":"Eruption","floor":6,"key":"SMITH"},{"data":"Anger","floor":13,"key":"SMITH"},{"floor":15,"key":"DIG"},{"floor":23,"key":"REST"},{"floor":25,"key":"REST"},{"floor":30,"key":"RECALL"},{"floor":32,"key":"DIG"}],"circlet_count":0,"master_deck":["Strike_R+1","Strike_R+1","Strike_R+1","Defend_R+1","Defend_R+1","Defend_R+1","Defend_R+1","Hemokinesis","Defy Death","Replay:Undeath\u0027s Touch","Thunderclap","Anger+1","Corruption","Feed","Fire Breathing","Dark Shackles","Shockwave+1","Evolve+1","Cleave","Replay:Undeath\u0027s Touch","Pummel"],"relics":["ChewingGum","Blue Candle","Chemical X","Thread and Needle","Black Star","Pen Nib","reliquary:TuningFork","Singing Bowl","Divine Protection","Replay:Bandana"],"acts_visited":["Exordium","TheCity"],"potions_floor_usage":[16,22],"damage_taken":[{"damage":3,"enemies":"Small Slimes","floor":1,"turns":3},{"damage":1,"enemies":"2 Louse","floor":5,"turns":3},{"damage":3,"enemies":"Jaw Worm","floor":7,"turns":2},{"damage":4,"enemies":"Blue Slaver","floor":8,"turns":3},{"damage":15,"enemies":"Lots of Slimes","floor":11,"turns":4},{"damage":0,"enemies":"2 Fungi Beasts","floor":14,"turns":2},{"damage":36,"enemies":"Slime Boss","floor":16,"turns":6},{"damage":28,"enemies":"Shell Parasite","floor":18,"turns":7},{"damage":13,"enemies":"2 Thieves","floor":20,"turns":4},{"damage":13,"enemies":"3 Cultists","floor":22,"turns":6},{"damage":34,"enemies":"Gremlin Leader","floor":24,"turns":6},{"damage":20,"enemies":"Snecko","floor":27,"turns":6},{"damage":47,"enemies":"Champ","floor":33,"turns":11}],"seed_played":"6795955066814093034","potions_obtained":[{"floor":1,"key":"Energy Potion"},{"floor":8,"key":"Energy Potion"},{"floor":14,"key":"Toxic Potion"},{"floor":18,"key":"BloodPotion"},{"floor":22,"key":"Ancient Potion"}],"is_trial":false,"path_per_floor":["M","?","?","?","M","R","M","M","T","$","M","?","R","M","R","B",null,"M","?","M","?","M","R","E","R","T","M","?","$","R","?","R","B"],"character_chosen":"IRONCLAD","items_purchased":["Chemical X","Divine Protection"],"campfire_rested":2,"item_purchase_floors":[10,29],"current_hp_per_floor":[77,66,66,61,60,60,57,53,53,53,38,38,38,38,38,2,80,52,52,42,26,33,60,26,53,53,35,35,35,35,35,35,0,0],"gold":46,"neow_bonus":"BOSS_RELIC","is_daily":false,"chose_seed":false,"campfire_upgraded":2,"win_rate":0.0,"timestamp":1613432774,"path_taken":["M","?","?","?","M","R","M","?","T","$","M","?","R","?","R","BOSS","M","?","?","?","M","R","E","R","T","M","?","$","R","?","R","BOSS"],"items_purchased_type":["Relic","Relic"],"build_version":"2020-12-22","purchased_purges":0,"victory":false,"max_hp_per_floor":[80,80,80,80,80,80,80,80,80,80,80,80,80,80,80,80,80,80,80,83,88,91,91,91,91,91,93,93,93,93,93,93,93,93],"card_choices":[{"not_picked":["Battle Trance","Armaments"],"picked":"Hemokinesis","floor":1},{"not_picked":["Ghostly Armor","ReplayTheSpireMod:Strike From Hell"],"picked":"Defy Death","floor":5},{"not_picked":["Shrug It Off","Heavy Blade"],"picked":"Replay:Undeath\u0027s Touch","floor":7},{"not_picked":["Clothesline","Headbutt"],"picked":"Thunderclap","floor":8},{"not_picked":["Blood for Blood","ReplayTheSpireMod:Limb From Limb"],"picked":"Anger","floor":11},{"not_picked":["Wild Strike","Anger"],"picked":"Corruption","floor":14},{"not_picked":["Berserk","Hemogenesis"],"picked":"Feed","floor":16},{"not_picked":["Metallicize","Warcry"],"picked":"Fire Breathing","floor":18},{"not_picked":["Havoc","Body Slam"],"picked":"Shockwave+1","floor":20},{"not_picked":["Clash+1","Bloodletting"],"picked":"Evolve+1","floor":22},{"not_picked":["Clash","Iron Wave"],"picked":"Cleave","floor":24},{"not_picked":["Abandon","Twin Strike","True Grit"],"picked":"Singing Bowl","floor":27}],"player_experience":299051,"relics_obtained":[{"floor":15,"key":"Thread and Needle"},{"floor":24,"key":"Pen Nib"},{"floor":24,"key":"reliquary:TuningFork"},{"floor":26,"key":"Singing Bowl"},{"floor":32,"key":"Replay:Bandana"}],"event_choices":[{"damage_healed":0,"gold_gain":75,"player_choice":"Gather Gold","damage_taken":11,"max_hp_gain":0,"max_hp_loss":0,"event_name":"World of Goop","floor":2,"gold_loss":0},{"cards_removed":["Strike_R"],"damage_healed":0,"gold_gain":0,"player_choice":"Card Removal","damage_taken":0,"max_hp_gain":0,"max_hp_loss":0,"event_name":"Wheel of Change","floor":12,"gold_loss":0},{"damage_healed":0,"gold_gain":0,"player_choice":"1 cards matched","damage_taken":0,"max_hp_gain":0,"max_hp_loss":0,"event_name":"Match and Keep!","floor":19,"gold_loss":0,"cards_obtained":["Dark Shackles"]},{"damage_healed":0,"gold_gain":0,"player_choice":"Shed Blood","damage_taken":21,"max_hp_gain":5,"max_hp_loss":0,"event_name":"Forgotten Altar","floor":21,"gold_loss":0},{"damage_healed":0,"gold_gain":0,"player_choice":"Simplicity","damage_taken":0,"max_hp_gain":0,"max_hp_loss":0,"event_name":"Back to Basics","floor":28,"gold_loss":0,"cards_upgraded":["Strike_R","Strike_R","Strike_R","Strike_R","Defend_R","Defend_R","Defend_R","Defend_R"]},{"damage_healed":0,"gold_gain":0,"cards_transformed":["Eruption","Strike_R"],"player_choice":"Became Test Subject","damage_taken":0,"max_hp_gain":0,"max_hp_loss":0,"event_name":"Drug Dealer","floor":31,"gold_loss":0,"cards_obtained":["Replay:Undeath\u0027s Touch","Pummel"]}],"is_beta":false,"boss_relics":[{"not_picked":["reliquary:Ember","Replay:Drink Me"],"picked":"Black Star"}],"items_purged_floors":[],"is_endless":false,"potions_floor_spawned":[1,8,14,18,22,27],"killed_by":"Champ","ascension_level":0}}