{"host":"rygl6lff02urotq6","time":1613402742,"event":{"mods":["AchievementEnabler","BaseMod","Bestiary","Better Altar","Better Match","Better Note","Better Sensory Stone","Better Skull","Better Third Choice","BetterRewards","Colored Map","Colored Powertips","Curses Come First","DeckTracker","Downfall","Energized Spire","Hero for Fun","Mimic Mod","Minty Spire (QoL Compilation)","Quick Restart","Rare Cards Sparkle","Relic Sorter","Reliquary","Spicy Shops","StSLib","SuperFastMode","The Bug Knight","Transform Curses"],"gold_per_floor":[114,114,124,56,67,67,102,102,148,173,193,210,221,279,279,377,377,395,395,395,413,31,63,63,79,109,109,109,126,139,153,153,248,248,265,265,276,96,114,114,133,133,171,186,186,219,232,260,260,260,260,260,35,35,35],"floor_reached":54,"language":"ENG","playtime":3611,"items_purged":["Writhe"],"score":1026,"play_id":"3fd6cb48-d02f-40da-8f43-c83df89b0a06","local_time":"20210215102542","is_ascension_mode":true,"campfire_choices":[{"floor":6.0,"key":"RECALL"},{"floor":8.0,"key":"REST"},{"floor":15.0,"key":"REST"},{"floor":24.0,"key":"REST"},{"floor":27.0,"key":"REST"},{"floor":32.0,"key":"REST"},{"floor":40.0,"key":"REST"},{"floor":42.0,"key":"REST"},{"floor":45.0,"key":"REST"},{"floor":49,"key":"REST"},{"data":"HollowMod:DungDefenderAura","floor":52,"key":"SMITH"}],"circlet_count":0,"master_deck":["HollowMod:NailStrikeStart","HollowMod:NailStrikeStart","HollowMod:NailStrikeStart","HollowMod:NailStrikeStart","HollowMod:QuickDashStart","HollowMod:QuickDashStart","HollowMod:QuickDashStart","HollowMod:QuickDashStart","HollowMod:FocusHealStart+1","HollowMod:PogoStrike","Panacea","HollowMod:CycloneSlash","HollowMod:InfectionAssault","HollowMod:HowlingWraiths","HollowMod:MantisMark","HollowMod:GoodIntentions","HollowMod:DoubleDash","HollowMod:SharpenedNail","HollowMod:FallenFury","HollowMod:SharpenedNail","HollowMod:Grubsong","HollowMod:ZotesMagnificence","HollowMod:ChannelNail","HollowMod:Weaversong","HollowMod:DoubleDash","HollowMod:CycloneSlash+1","HollowMod:DashSlash","HollowMod:LifebloodCocoon","HollowMod:CoiledNail+1","HollowMod:InfectedCysts","HollowMod:CornifersMapStart","HollowMod:HerrahsAnger","HollowMod:DungDefenderAura+1","HollowMod:SoulSplash+1","HollowMod:SoulEater","HollowMod:theNailsmith","HollowMod:NewGlowingWomb+1","HollowMod:BlackTendrils+1","HollowMod:PerfectDash+1","HollowMod:MonarchWings+1","HollowMod:FastStrike+1","HollowMod:InfectedCysts+1","HollowMod:SharpenedNail"],"relics":["HollowMod:VesselMask","StrikeDummy","reliquary:TatteredRug","HollowMod:PaleOreRelic","Thread and Needle","Lizard Tail","energizedSpire:DeadBattery","Nloth\u0027s Gift","Bottled Lightning","Strawberry","White Beast Statue","reliquary:RedPaperclip","Bronze Scales","Oddly Smooth Stone","Mango","Peace Pipe","InkBottle","Strange Spoon"],"acts_visited":["Exordium","TheCity","TheBeyond","TheEnding"],"potions_floor_usage":[47,48,50,50,54],"damage_taken":[{"damage":1.0,"enemies":"Jaw Worm","floor":1.0,"turns":3.0},{"damage":0.0,"enemies":"Cultist","floor":3.0,"turns":2.0},{"damage":0.0,"enemies":"2 Louse","floor":5.0,"turns":2.0},{"damage":13.0,"enemies":"3 Sentries","floor":7.0,"turns":6.0},{"damage":14.0,"enemies":"Gremlin Nob","floor":10.0,"turns":3.0},{"damage":3.0,"enemies":"Exordium Wildlife","floor":11.0,"turns":3.0},{"damage":7.0,"enemies":"Large Slime","floor":12.0,"turns":4.0},{"damage":6.0,"enemies":"Lots of Slimes","floor":13.0,"turns":4.0},{"damage":10.0,"enemies":"Gremlin Nob","floor":14.0,"turns":3.0},{"damage":42.0,"enemies":"Hexaghost","floor":16.0,"turns":8.0},{"damage":6.0,"enemies":"2 Thieves","floor":18.0,"turns":3.0},{"damage":6.0,"enemies":"3 Byrds","floor":21.0,"turns":4.0},{"damage":27.0,"enemies":"Slavers","floor":23.0,"turns":4.0},{"damage":21.0,"enemies":"Shelled Parasite and Fungi","floor":25.0,"turns":3.0},{"damage":37.0,"enemies":"Sentry and Sphere","floor":26.0,"turns":9.0},{"damage":0.0,"enemies":"Sentry and Sphere","floor":29.0,"turns":3.0},{"damage":4.0,"enemies":"Centurion and Healer","floor":30.0,"turns":6.0},{"damage":19.0,"enemies":"Cultist and Chosen","floor":31.0,"turns":6.0},{"damage":102.0,"enemies":"Collector","floor":33.0,"turns":8.0},{"damage":11.0,"enemies":"Orb Walker","floor":35.0,"turns":3.0},{"damage":48.0,"enemies":"3 Darklings","floor":37.0,"turns":5.0},{"damage":16.0,"enemies":"Sphere and 2 Shapes","floor":39.0,"turns":5.0},{"damage":39.0,"enemies":"Jaw Worm Horde","floor":41.0,"turns":4.0},{"damage":15.0,"enemies":"4 Shapes","floor":43.0,"turns":9.0},{"damage":8.0,"enemies":"4 Shapes","floor":44.0,"turns":4.0},{"damage":52.0,"enemies":"Giant Head","floor":46.0,"turns":8.0},{"damage":38,"enemies":"Maw","floor":47,"turns":7},{"damage":45,"enemies":"Nemesis","floor":48,"turns":6},{"damage":29,"enemies":"HollowMod:Radiance","floor":50,"turns":12},{"damage":101,"enemies":"Shield and Spear","floor":54,"turns":5}],"seed_played":"6781347089206412804","potions_obtained":[{"floor":1.0,"key":"SneckoOil"},{"floor":3.0,"key":"ColorlessPotion"},{"floor":5.0,"key":"Strength Potion"},{"floor":12.0,"key":"champ:CounterPotion"},{"floor":13.0,"key":"GamblersBrew"},{"floor":18.0,"key":"ColorlessPotion"},{"floor":25.0,"key":"FairyPotion"},{"floor":26.0,"key":"Fire Potion"},{"floor":30.0,"key":"EntropicBrew"},{"floor":33.0,"key":"Fire Potion"},{"floor":35.0,"key":"Ancient Potion"},{"floor":37.0,"key":"Fire Potion"},{"floor":39.0,"key":"SteroidPotion"},{"floor":41.0,"key":"FearPotion"},{"floor":43.0,"key":"Explosive Potion"},{"floor":44.0,"key":"AttackPotion"},{"floor":46.0,"key":"Guardian:BlockOnCardUsePotion"},{"floor":47,"key":"LiquidMemories"},{"floor":48,"key":"LiquidMemories"}],"is_trial":false,"path_per_floor":["M","?","M","$","M","R","E","R","T","E","M","M","M","?","R","B",null,"M","?","?","M","$","E","R","M","MIM","R","?","M","M","M","R","B",null,"M","?","M","$","M","R","M","R","MIM","M","R","E","M","E","R","B",null,"R","$","E"],"character_chosen":"THE_BUGKNIGHT","items_purchased":["StrikeDummy","reliquary:TatteredRug","HollowMod:PaleOreRelic","Panacea","HollowMod:CycloneSlash","reliquary:Stiletto","HollowMod:GoodIntentions","Bottled Lightning","Strawberry","champ:CounterPotion","Bronze Scales","Oddly Smooth Stone","HollowMod:SoulEater","Strange Spoon","Block Potion","HollowMod:SharpenedNail"],"campfire_rested":9,"item_purchase_floors":[0,0,0,0,0,4,4,22,22,22,38,38,38,53,53,53],"current_hp_per_floor":[52,52,52,52,52,52,45,67,67,59,62,61,61,51,73,37,75,69,69,69,63,70,43,67,52,25,49,82,82,79,60,82,24,82,71,82,34,34,18,42,9,33,38,39,67,15,48,9,37,14,96,96,96,0,0],"gold":35,"neow_bonus":"","is_daily":false,"chose_seed":false,"campfire_upgraded":1,"win_rate":0.0,"timestamp":1613402742,"path_taken":["M","?","M","$","?","R","E","R","T","E","M","M","M","?","R","BOSS","M","?","?","?","$","E","R","M","MIM","R","?","M","M","?","R","BOSS","M","?","?","$","M","R","M","R","MIM","M","R","E","?","E","R","BOSS","R","$","E"],"items_purchased_type":["Relic","Relic","Relic","Card","Card","Relic","Card","Relic","Relic","Potion","Relic","Relic","Card","Relic","Potion","Card"],"build_version":"2020-12-22","purchased_purges":1,"victory":false,"max_hp_per_floor":[75,75,75,75,75,75,75,75,75,75,75,75,75,75,75,75,75,75,75,75,75,82,82,82,82,82,82,82,82,82,82,82,82,82,82,82,82,82,82,82,82,82,96,96,96,96,96,96,96,96,96,96,96,96,96],"card_choices":[{"not_picked":["HollowMod:DescendingDark","HollowMod:HeavyBlow"],"picked":"HollowMod:HowlingWraiths","floor":1.0},{"not_picked":["HollowMod:SharpenedNail","HollowMod:VengefulVoid"],"picked":"HollowMod:MantisMark","floor":3.0},{"not_picked":["HollowMod:DescendingDark","HollowMod:NewJinnsSoul"],"picked":"HollowMod:DoubleDash","floor":5.0},{"not_picked":["HollowMod:FastStrike","HollowMod:HornetsHelp"],"picked":"HollowMod:SharpenedNail","floor":7.0},{"not_picked":["HollowMod:CycloneSlash","HollowMod:DescendingDark"],"picked":"HollowMod:FallenFury","floor":10.0},{"not_picked":["HollowMod:NewLittleFool","HollowMod:VengefulVoid"],"picked":"HollowMod:SharpenedNail","floor":11.0},{"not_picked":["HollowMod:TaintedHusks","HollowMod:DescendingDark"],"picked":"HollowMod:Grubsong","floor":12.0},{"not_picked":["HollowMod:MawleksShell","HollowMod:NewLittleFool"],"picked":"HollowMod:ZotesMagnificence","floor":13.0},{"not_picked":["HollowMod:Grubsong","HollowMod:NewJinnsSoul"],"picked":"HollowMod:ChannelNail","floor":14.0},{"not_picked":["HollowMod:HornetsHelp","HollowMod:VoidDash"],"picked":"HollowMod:Weaversong","floor":16.0},{"not_picked":["HollowMod:CycloneSlash","HollowMod:SiblingsShadow"],"picked":"HollowMod:DoubleDash","floor":18.0},{"not_picked":["HollowMod:ShadowDash","HollowMod:PerfectDash"],"picked":"HollowMod:CycloneSlash+1","floor":21.0},{"not_picked":["HollowMod:BaldurShell+1","HollowMod:VengefulVoid"],"picked":"HollowMod:DashSlash","floor":23.0},{"not_picked":["HollowMod:SiblingsSouls+1","HollowMod:DescendingDark"],"picked":"HollowMod:SoulShaman","floor":25.0},{"not_picked":["HollowMod:NewGlowingWomb","HollowMod:DoubleDash"],"picked":"HollowMod:LifebloodCocoon","floor":26.0},{"not_picked":["HollowMod:CloakDash","HollowMod:DashSlash"],"picked":"HollowMod:CoiledNail+1","floor":29.0},{"not_picked":["HollowMod:ShadowDash","HollowMod:NewLittleFool+1"],"picked":"HollowMod:InfectedCysts","floor":30.0},{"not_picked":["HollowMod:WraithStrike+1","HollowMod:ShapeofUnn+1"],"picked":"HollowMod:CornifersMapStart","floor":31.0},{"not_picked":["HollowMod:NewInfectedGuardian","HollowMod:Weaversong"],"picked":"HollowMod:HerrahsAnger","floor":33.0},{"not_picked":["HollowMod:DreamGate+1","HollowMod:SharpenedShadows"],"picked":"HollowMod:DungDefenderAura","floor":35.0},{"not_picked":["HollowMod:HeavyBlow+1","HollowMod:LifebloodCocoon+1"],"picked":"HollowMod:SoulSplash+1","floor":37.0},{"not_picked":["HollowMod:FallenFury+1","HollowMod:ShadowDash"],"picked":"HollowMod:theNailsmith","floor":39.0},{"not_picked":["HollowMod:SiblingsSouls+1","HollowMod:AbyssShriek+1"],"picked":"HollowMod:NewGlowingWomb+1","floor":41.0},{"not_picked":["HollowMod:NewLittleFool","HollowMod:VengefulVoid"],"picked":"HollowMod:BlackTendrils+1","floor":43.0},{"not_picked":["HollowMod:InfectedCysts+1","HollowMod:MothsMistake"],"picked":"HollowMod:PerfectDash+1","floor":44.0},{"not_picked":["HollowMod:HeavyBlow+1","HollowMod:TaintedHusks+1"],"picked":"HollowMod:MonarchWings+1","floor":46.0},{"not_picked":["HollowMod:SoulSplash","HollowMod:VoidDash"],"picked":"HollowMod:FastStrike+1","floor":47},{"not_picked":["HollowMod:ChannelNail+1","HollowMod:InfectionAssault+1"],"picked":"HollowMod:InfectedCysts+1","floor":48}],"player_experience":342132,"relics_obtained":[{"floor":7.0,"key":"Nunchaku"},{"floor":9.0,"key":"reliquary:PorcupineQuills"},{"floor":10.0,"key":"Thread and Needle"},{"floor":14.0,"key":"Lizard Tail"},{"floor":23.0,"key":"White Beast Statue"},{"floor":43.0,"key":"Mango"},{"floor":46.0,"key":"Peace Pipe"},{"floor":48,"key":"InkBottle"}],"event_choices":[{"damage_healed":0.0,"max_hp_gain":0.0,"max_hp_loss":0.0,"gold_gain":0.0,"event_name":"Accursed Blacksmith","player_choice":"Forge","floor":2.0,"gold_loss":0.0,"damage_taken":0.0,"cards_upgraded":["HollowMod:FocusHealStart"]},{"damage_healed":0.0,"max_hp_gain":0.0,"max_hp_loss":0.0,"gold_gain":0.0,"event_name":"Dead Adventurer","player_choice":"Searched \u00272\u0027 times","floor":14.0,"gold_loss":0.0,"damage_taken":0.0},{"damage_healed":0.0,"max_hp_gain":0.0,"max_hp_loss":0.0,"gold_gain":0.0,"event_name":"betterNote:BetterNote","player_choice":"Ignored","floor":19.0,"gold_loss":0.0,"damage_taken":0.0,"cards_obtained":["Slimebound:LevelUp"]},{"damage_healed":0.0,"max_hp_gain":0.0,"max_hp_loss":0.0,"gold_gain":0.0,"event_name":"N\u0027loth","player_choice":"Traded Relic","floor":20.0,"relics_lost":["Nunchaku"],"gold_loss":0.0,"damage_taken":0.0,"relics_obtained":["Nloth\u0027s Gift"]},{"damage_healed":33.0,"max_hp_gain":0.0,"max_hp_loss":0.0,"gold_gain":0.0,"event_name":"Wheel of Change","player_choice":"Full Heal","floor":28.0,"gold_loss":0.0,"damage_taken":0.0},{"cards_removed":["HollowMod:SoulShaman"],"damage_healed":11.0,"max_hp_gain":0.0,"max_hp_loss":0.0,"gold_gain":0.0,"event_name":"Bonfire Elementals","player_choice":"Offered Uncommon","floor":36.0,"gold_loss":0.0,"damage_taken":0.0}],"is_beta":false,"boss_relics":[{"not_picked":["Snecko Eye","Sozu"],"picked":"energizedSpire:DeadBattery"},{"not_picked":["Tiny House","energizedSpire:HugeHouse"],"picked":"reliquary:RedPaperclip"}],"items_purged_floors":[22],"is_endless":false,"potions_floor_spawned":[1,3,5,12,13,18,25,26,29,30,31,33,35,37,39,41,43,44,46,47,48],"killed_by":"Shield and Spear","ascension_level":1}}