{"host":"gk5m6v7zec9neb0j","time":1613347973,"event":{"mods":["AchievementEnabler","AlwaysNeverKeys","BaseMod","BetterRewards","Block Reminder","Minty Spire (QoL Compilation)","Rare Cards Sparkle","Relic Stats","StSLib"],"gold_per_floor":[117,134,151,166,185,185,185,199,199,199,215,229,229,249,249,249,249],"floor_reached":16,"language":"ENG","playtime":755,"items_purged":["Strike_G","Strike_G"],"score":148,"play_id":"ae34c678-7496-45c3-8e69-ed5743a79c40","local_time":"20210214191253","is_ascension_mode":false,"campfire_choices":[{"floor":10,"key":"REST"},{"data":"Outmaneuver","floor":13,"key":"SMITH"},{"data":"Infinite Blades","floor":15,"key":"SMITH"}],"circlet_count":0,"master_deck":["Strike_G","Strike_G","Defend_G","Defend_G","Defend_G","Defend_G","Defend_G","Survivor","Neutralize+1","Infinite Blades+1","Cloak And Dagger","Escape Plan","Blur","Backflip","Outmaneuver+1","Flying Knee","Blur","Dagger Throw","Acrobatics"],"relics":["Ring of the Snake","InkBottle","Ice Cream","ClockworkSouvenir","White Beast Statue","FossilizedHelix"],"acts_visited":["Exordium"],"potions_floor_usage":[1,8,11,16,16],"damage_taken":[{"damage":0,"enemies":"Jaw Worm","floor":1,"turns":8},{"damage":0,"enemies":"Small Slimes","floor":2,"turns":7},{"damage":0,"enemies":"Cultist","floor":3,"turns":5},{"damage":0,"enemies":"2 Fungi Beasts","floor":4,"turns":5},{"damage":6,"enemies":"Looter","floor":5,"turns":4},{"damage":4,"enemies":"Exordium Wildlife","floor":8,"turns":4},{"damage":0,"enemies":"2 Fungi Beasts","floor":11,"turns":7},{"damage":0,"enemies":"Blue Slaver","floor":12,"turns":4},{"damage":0,"enemies":"Large Slime","floor":14,"turns":7},{"damage":55,"enemies":"Hexaghost","floor":16,"turns":18}],"seed_played":"-269398316922608532","potions_obtained":[{"floor":1,"key":"Fruit Juice"},{"floor":5,"key":"FearPotion"},{"floor":8,"key":"Regen Potion"},{"floor":11,"key":"Energy Potion"},{"floor":14,"key":"Swift Potion"}],"is_trial":false,"path_per_floor":["M","M","M","M","M","?","?","M","T","R","M","M","R","M","R","B"],"character_chosen":"THE_SILENT","items_purchased":["InkBottle","Infinite Blades","Cloak And Dagger","Ice Cream","ClockworkSouvenir","White Beast Statue","Escape Plan","Blur"],"campfire_rested":1,"item_purchase_floors":[0,0,0,0,0,0,0,0],"current_hp_per_floor":[33,33,33,33,27,20,20,16,16,38,53,53,53,53,53,0,0],"gold":249,"neow_bonus":"","is_daily":false,"chose_seed":false,"campfire_upgraded":2,"win_rate":0.0,"timestamp":1613347973,"path_taken":["M","M","M","M","M","?","?","?","T","R","M","M","R","M","R","BOSS"],"items_purchased_type":["Relic","Card","Card","Relic","Relic","Relic","Card","Card"],"build_version":"2020-12-22","purchased_purges":2,"victory":false,"max_hp_per_floor":[75,75,75,75,75,75,75,75,75,75,75,75,75,75,75,75,75],"relic_stats":{"counters":[715,3847],"obtain_stats":[{"TwistedFunnel":0,"Ginger":0,"Whetstone":11,"Bottled Tornado":43,"Boot":25,"Old Coin":34,"Blood Vial":17,"Sundial":24,"MealTicket":31,"HandDrill":48,"Kunai":0,"Pear":28,"Blue Candle":54,"Eternal Feather":54,"Tingsha":0,"Pen Nib":11,"Paper Crane":43,"Akabeko":3,"SlaversCollar":17,"MutagenicStrength":19,"Bird Faced Urn":38,"StrikeDummy":27,"Unceasing Top":46,"Ring of the Serpent":17,"Regal Pillow":9,"Lantern":45,"Torii":0,"Singing Bowl":43,"StoneCalendar":42,"Bag of Preparation":26,"Ancient Tea Set":4,"Cursed Key":17,"Smiling Mask":41,"Matryoshka":37,"Shovel":38,"WristBlade":34,"Ninja Scroll":0,"Toolbox":45,"WingedGreaves":17,"Chemical X":37,"InkBottle":54,"Ring of the Snake":0,"Potion Belt":9,"Lee\u0027s Waffle":48,"The Specimen":0,"Golden Idol":3,"Thread and Needle":45,"The Courier":26,"PreservedInsect":38,"Omamori":39,"Frozen Egg 2":43,"MawBank":45,"Ornamental Fan":0,"Bloody Idol":31,"Orrery":0,"Turnip":38,"Art of War":17,"Bottled Lightning":43,"Toy Ornithopter":27,"Ice Cream":7,"Calipers":13,"Gremlin Horn":26,"CeramicFish":0,"HoveringKite":34,"Vajra":43,"Sozu":34,"Centennial Puzzle":6,"Lizard Tail":10,"HornCleat":43,"DollysMirror":4,"Strawberry":26,"Prayer Wheel":38,"Toxic Egg 2":28,"Girya":0,"Happy Flower":13,"Astrolabe":34,"Oddly Smooth Stone":0,"Letter Opener":53,"War Paint":43,"Question Card":48,"Du-Vu Doll":47,"Bottled Flame":25,"Shuriken":0,"Bronze Scales":10,"Molten Egg 2":9,"Black Star":17,"Meat on the Bone":17,"Pocketwatch":17,"Darkstone Periapt":23,"SacredBark":17,"Enchiridion":22,"Mango":43,"Snake Skull":54,"Juzu Bracelet":43,"Incense Burner":29,"Empty Cage":17,"PrismaticShard":53,"ClockworkSouvenir":20,"Tough Bandages":25,"Nunchaku":31,"Dream Catcher":9,"Mummified Hand":30,"Pantograph":12,"Gambling Chip":0,"Tiny Chest":26,"Red Mask":47,"Orichalcum":26,"Odd Mushroom":12,"Medical Kit":37,"White Beast Statue":9,"Mercury Hourglass":54,"Peace Pipe":9,"Calling Bell":17,"Cauldron":53,"Anchor":34,"CaptainsWheel":54,"Bag of Marbles":43,"Membership Card":36,"FossilizedHelix":0,"TungstenRod":26},{"TwistedFunnel":381,"Ginger":97,"Whetstone":100,"Bottled Tornado":52,"Boot":640,"Old Coin":338,"Blood Vial":129,"Sundial":44,"MealTicket":616,"HandDrill":491,"Kunai":31,"Pear":315,"Blue Candle":249,"Eternal Feather":146,"Tingsha":274,"Pen Nib":356,"Paper Crane":322,"Akabeko":575,"SlaversCollar":231,"MutagenicStrength":156,"Bird Faced Urn":189,"StrikeDummy":17,"Unceasing Top":193,"Ring of the Serpent":388,"Regal Pillow":36,"Lantern":269,"Torii":31,"Singing Bowl":116,"StoneCalendar":217,"Bag of Preparation":366,"Ancient Tea Set":2,"Cursed Key":281,"Smiling Mask":452,"Matryoshka":137,"Shovel":594,"WristBlade":112,"Ninja Scroll":172,"Toolbox":675,"WingedGreaves":80,"Chemical X":22,"InkBottle":57,"Ring of the Snake":0,"Potion Belt":3,"Lee\u0027s Waffle":676,"The Specimen":274,"Golden Idol":2,"Thread and Needle":245,"The Courier":183,"PreservedInsect":240,"Omamori":189,"Frozen Egg 2":398,"MawBank":245,"Ornamental Fan":72,"Bloody Idol":161,"Orrery":58,"Turnip":116,"Art of War":80,"Bottled Lightning":24,"Toy Ornithopter":17,"Ice Cream":11,"Calipers":154,"Gremlin Horn":480,"CeramicFish":172,"HoveringKite":21,"Vajra":91,"Sozu":136,"Centennial Puzzle":278,"Lizard Tail":329,"HornCleat":621,"DollysMirror":123,"Strawberry":107,"Prayer Wheel":138,"Toxic Egg 2":108,"Girya":250,"Happy Flower":12,"Astrolabe":86,"Oddly Smooth Stone":122,"Letter Opener":272,"War Paint":191,"Question Card":94,"Du-Vu Doll":540,"Bottled Flame":16,"Shuriken":97,"Bronze Scales":36,"Molten Egg 2":151,"Black Star":13,"Meat on the Bone":80,"Pocketwatch":129,"Darkstone Periapt":182,"SacredBark":360,"Enchiridion":68,"Mango":538,"Snake Skull":273,"Juzu Bracelet":141,"Incense Burner":560,"Empty Cage":103,"PrismaticShard":272,"ClockworkSouvenir":41,"Tough Bandages":16,"Nunchaku":85,"Dream Catcher":355,"Mummified Hand":110,"Pantograph":11,"Gambling Chip":197,"Tiny Chest":16,"Red Mask":54,"Orichalcum":235,"Odd Mushroom":499,"Medical Kit":188,"White Beast Statue":11,"Mercury Hourglass":349,"Peace Pipe":62,"Calling Bell":80,"Cauldron":625,"Anchor":338,"CaptainsWheel":349,"Bag of Marbles":267,"Membership Card":163,"FossilizedHelix":250,"TungstenRod":416},{"TwistedFunnel":2158,"Ginger":599,"Whetstone":611,"Bottled Tornado":309,"Boot":3447,"Old Coin":1918,"Blood Vial":722,"Sundial":249,"MealTicket":3304,"HandDrill":2775,"Kunai":183,"Pear":1796,"Blue Candle":1454,"Eternal Feather":781,"Tingsha":1567,"Pen Nib":2009,"Paper Crane":1834,"Akabeko":3135,"SlaversCollar":1359,"MutagenicStrength":843,"Bird Faced Urn":1121,"StrikeDummy":100,"Unceasing Top":1141,"Ring of the Serpent":2183,"Regal Pillow":206,"Lantern":1539,"Torii":183,"Singing Bowl":676,"StoneCalendar":1281,"Bag of Preparation":2061,"Ancient Tea Set":5,"Cursed Key":1617,"Smiling Mask":2575,"Matryoshka":750,"Shovel":3206,"WristBlade":661,"Ninja Scroll":996,"Toolbox":3633,"WingedGreaves":500,"Chemical X":129,"InkBottle":364,"Ring of the Snake":0,"Potion Belt":9,"Lee\u0027s Waffle":3638,"The Specimen":1567,"Golden Idol":5,"Thread and Needle":1436,"The Courier":1085,"PreservedInsect":1411,"Omamori":1121,"Frozen Egg 2":2226,"MawBank":1436,"Ornamental Fan":459,"Bloody Idol":873,"Orrery":367,"Turnip":676,"Art of War":500,"Bottled Lightning":139,"Toy Ornithopter":100,"Ice Cream":57,"Calipers":823,"Gremlin Horn":2719,"CeramicFish":996,"HoveringKite":124,"Vajra":558,"Sozu":746,"Centennial Puzzle":1590,"Lizard Tail":1866,"HornCleat":3329,"DollysMirror":699,"Strawberry":637,"Prayer Wheel":755,"Toxic Egg 2":643,"Girya":1462,"Happy Flower":68,"Astrolabe":533,"Oddly Smooth Stone":696,"Letter Opener":1557,"War Paint":1131,"Question Card":574,"Du-Vu Doll":2986,"Bottled Flame":94,"Shuriken":599,"Bronze Scales":206,"Molten Egg 2":801,"Black Star":79,"Meat on the Bone":500,"Pocketwatch":722,"Darkstone Periapt":1075,"SacredBark":2027,"Enchiridion":435,"Mango":2979,"Snake Skull":1562,"Juzu Bracelet":766,"Incense Burner":3065,"Empty Cage":621,"PrismaticShard":1557,"ClockworkSouvenir":234,"Tough Bandages":94,"Nunchaku":521,"Dream Catcher":2005,"Mummified Hand":652,"Pantograph":57,"Gambling Chip":1176,"Tiny Chest":94,"Red Mask":329,"Orichalcum":1384,"Odd Mushroom":2819,"Medical Kit":1117,"White Beast Statue":57,"Mercury Hourglass":1972,"Peace Pipe":387,"Calling Bell":500,"Cauldron":3355,"Anchor":1918,"CaptainsWheel":1972,"Bag of Marbles":1530,"Membership Card":899,"FossilizedHelix":1462,"TungstenRod":2337}],"InkBottle":[32],"Ring of the Snake":[176]},"card_choices":[{"not_picked":["Bane","Acrobatics"],"picked":"Backflip","floor":1},{"not_picked":["Bouncing Flask","Adrenaline"],"picked":"Outmaneuver","floor":2},{"not_picked":["Slice","Riddle With Holes"],"picked":"Flying Knee","floor":3},{"not_picked":["PiercingWail","Tactician","Catalyst"],"picked":"SKIP","floor":4},{"not_picked":["Catalyst","Deflect"],"picked":"Blur","floor":5},{"not_picked":["Backflip","Bane","Endless Agony"],"picked":"SKIP","floor":8},{"not_picked":["Backflip","Bane","Endless Agony"],"picked":"SKIP","floor":8},{"not_picked":["Backflip","Endless Agony","Flying Knee"],"picked":"SKIP","floor":11},{"not_picked":["Slice","Flying Knee"],"picked":"Dagger Throw","floor":12},{"not_picked":["Deflect","Prepared"],"picked":"Acrobatics","floor":14}],"player_experience":838999,"relics_obtained":[{"floor":9,"key":"FossilizedHelix"}],"event_choices":[{"cards_removed":["Strike_G"],"damage_healed":0,"gold_gain":0,"player_choice":"Card Removal","damage_taken":7,"max_hp_gain":0,"max_hp_loss":0,"event_name":"Golden Wing","floor":6,"gold_loss":0},{"damage_healed":0,"gold_gain":0,"player_choice":"Forge","damage_taken":0,"max_hp_gain":0,"max_hp_loss":0,"event_name":"Accursed Blacksmith","floor":7,"gold_loss":0,"cards_upgraded":["Neutralize"]}],"is_beta":false,"boss_relics":[],"items_purged_floors":[0,0],"is_endless":false,"potions_floor_spawned":[1,2,3,4,5,8,11,12,14],"killed_by":"Hexaghost","ascension_level":0}}