{"host":"Aki","time":1613360756,"event":{"mods":["ATMod(°¢èªMod)","Act Like it!","BaseMod","Custom Start","Minty Spire (QoL Compilation)","Quick Restart","Relic Stats","StSLib","noobMod"],"gold_per_floor":[111,130,130,142,317,342,267,299,299,299,319,319,319,394,394,394,394],"floor_reached":16,"language":"ZHS","playtime":347,"items_purged":["Doubt"],"score":135,"play_id":"2503cce2-e109-4355-8425-65a6e187385f","local_time":"20210215114556","is_ascension_mode":true,"campfire_choices":[{"data":"Coolheaded","floor":10.0,"key":"SMITH"},{"data":"AT_FamilyPortrait","floor":12.0,"key":"SMITH"},{"data":"Streamline","floor":15,"key":"SMITH"}],"circlet_count":0,"master_deck":["Strike_B","Strike_B","Strike_B","Strike_B","Defend_B+1","Defend_B","Defend_B","Defend_B+1","Zap","Dualcast","AT_FamilyPortrait+1","Coolheaded+1","Ball Lightning","Streamline+1","Parasite"],"relics":["Cracked Core","ice","AT_ATBox","Girya","Bottled Lightning","War Paint","Letter Opener"],"acts_visited":["Exordium"],"potions_floor_usage":[16],"damage_taken":[{"damage":7.0,"enemies":"Jaw Worm","floor":1.0,"turns":2.0},{"damage":0.0,"enemies":"2 Louse","floor":2.0,"turns":1.0},{"damage":0.0,"enemies":"Small Slimes","floor":4.0,"turns":2.0},{"damage":29.0,"enemies":"3 Sentries","floor":6.0,"turns":8.0},{"damage":25.0,"enemies":"Gremlin Nob","floor":8.0,"turns":4.0},{"damage":4.0,"enemies":"Exordium Thugs","floor":11.0,"turns":3.0},{"damage":0,"enemies":"Slime Boss","floor":16,"turns":2}],"seed_played":"-727237422964808661","potions_obtained":[{"floor":1.0,"key":"FearPotion"},{"floor":6.0,"key":"SmokeBomb"}],"is_trial":false,"path_per_floor":["M","M","?","M","?","E","$","E","T","R","M","R","?","?","R","B"],"character_chosen":"DEFECT","items_purchased":[],"campfire_rested":0,"item_purchase_floors":[],"current_hp_per_floor":[61,61,66,66,66,37,37,12,12,12,8,8,26,15,15,15,15],"gold":394,"neow_bonus":"ONE_RARE_RELIC","is_daily":false,"chose_seed":true,"campfire_upgraded":3,"win_rate":0.0,"timestamp":1613360756,"path_taken":["M","M","?","M","?","E","$","E","T","R","M","R","?","?","R","BOSS"],"items_purchased_type":[],"build_version":"2020-12-18","purchased_purges":1,"victory":false,"max_hp_per_floor":[68,68,73,73,73,73,73,73,73,73,73,73,73,73,73,73,73],"relic_stats":{"counters":[7,22],"Letter Opener":[0],"War Paint":["Defend_B","Defend_B"],"obtain_stats":[{"Girya":0,"AT_ATBox":0,"ice":0,"Bottled Lightning":6,"Letter Opener":9,"War Paint":8,"Cracked Core":0},{"Girya":0,"AT_ATBox":0,"ice":0,"Bottled Lightning":4,"Letter Opener":5,"War Paint":5,"Cracked Core":0},{"Girya":0,"AT_ATBox":0,"ice":0,"Bottled Lightning":13,"Letter Opener":17,"War Paint":17,"Cracked Core":0}]},"card_choices":[{"not_picked":["Storm","Hello World","Aggregate"],"picked":"SKIP","floor":1.0},{"not_picked":["Scrape","Redo"],"picked":"Coolheaded","floor":2.0},{"not_picked":["Self Repair","Conserve Battery"],"picked":"Ball Lightning","floor":4.0},{"not_picked":["Beam Cell","Compile Driver","AT_HeatAcrobatics"],"picked":"SKIP","floor":6.0},{"not_picked":["Undo","AT_EMC2"],"picked":"Streamline","floor":8.0},{"not_picked":["Redo","Sweeping Beam","Multi-Cast"],"picked":"SKIP","floor":11.0}],"player_experience":57142,"relics_obtained":[{"floor":6.0,"key":"Bottled Lightning"},{"floor":8.0,"key":"War Paint"},{"floor":9.0,"key":"Letter Opener"}],"event_choices":[{"damage_healed":0.0,"max_hp_gain":5.0,"max_hp_loss":0.0,"gold_gain":0.0,"event_name":"Big Fish","player_choice":"Donut","floor":3.0,"gold_loss":0.0,"damage_taken":0.0},{"damage_healed":0.0,"max_hp_gain":0.0,"max_hp_loss":0.0,"gold_gain":175.0,"event_name":"Liars Game","player_choice":"AGREE","floor":5.0,"gold_loss":0.0,"damage_taken":0.0,"cards_obtained":["Doubt"]},{"damage_healed":18,"gold_gain":0,"player_choice":"Healed and dodged fight","damage_taken":0,"max_hp_gain":0,"max_hp_loss":0,"event_name":"Mushrooms","floor":13,"gold_loss":0,"cards_obtained":["Parasite"]},{"damage_healed":0,"gold_gain":75,"player_choice":"Gather Gold","damage_taken":11,"max_hp_gain":0,"max_hp_loss":0,"event_name":"World of Goop","floor":14,"gold_loss":0}],"is_beta":true,"boss_relics":[],"items_purged_floors":[7],"is_endless":false,"potions_floor_spawned":[1,6],"killed_by":"Slime Boss","ascension_level":5}}