{"host":"l2onoeb0kdqo1a9y","time":1613370703,"event":{"mods":["AchievementEnabler","BaseMod","Colored Powertips","Highlight Path","Minty Spire (QoL Compilation)","Quick Restart"],"gold_per_floor":[118,130,140,30,46,46,46,76,76,94,107,127,127,137,137,233,233,244,244,256,272,19,19,33,33,33],"floor_reached":25,"language":"ZHS","playtime":633,"items_purged":["Defend_R"],"score":209,"play_id":"0faa17f3-6e16-4e92-88b6-b131a75ad91d","local_time":"20210215143143","is_ascension_mode":false,"campfire_choices":[{"data":"Perfected Strike","floor":6.0,"key":"SMITH"},{"data":"Infernal Blade","floor":13.0,"key":"SMITH"},{"floor":15.0,"key":"REST"},{"data":"Armaments","floor":23,"key":"SMITH"}],"circlet_count":0,"master_deck":["Strike_R","Strike_R","Strike_R","Strike_R","Strike_R","Defend_R","Defend_R","Defend_R","Bash","Perfected Strike+1","Pommel Strike","Wild Strike","Infernal Blade+1","Pommel Strike","Wild Strike","Offering","Evolve+1","Armaments+1"],"relics":["Burning Blood","NeowsBlessing","Calipers","Frozen Egg 2","Sozu","FaceOfCleric","Matryoshka"],"acts_visited":["Exordium","TheCity"],"potions_floor_usage":[],"damage_taken":[{"damage":0.0,"enemies":"Small Slimes","floor":1.0,"turns":1.0},{"damage":0.0,"enemies":"Jaw Worm","floor":2.0,"turns":1.0},{"damage":0.0,"enemies":"Cultist","floor":3.0,"turns":1.0},{"damage":12.0,"enemies":"Exordium Thugs","floor":5.0,"turns":4.0},{"damage":48.0,"enemies":"3 Sentries","floor":8.0,"turns":10.0},{"damage":28.0,"enemies":"Gremlin Gang","floor":10.0,"turns":3.0},{"damage":7.0,"enemies":"Blue Slaver","floor":11.0,"turns":2.0},{"damage":3.0,"enemies":"Exordium Thugs","floor":12.0,"turns":3.0},{"damage":0.0,"enemies":"2 Fungi Beasts","floor":14.0,"turns":2.0},{"damage":40.0,"enemies":"Slime Boss","floor":16.0,"turns":9.0},{"damage":18,"enemies":"3 Byrds","floor":18,"turns":4},{"damage":6,"enemies":"Spheric Guardian","floor":20,"turns":2},{"damage":27,"enemies":"Snake Plant","floor":21,"turns":4},{"damage":19,"enemies":"Chosen and Byrds","floor":24,"turns":4},{"damage":51,"enemies":"Book of Stabbing","floor":25,"turns":4}],"seed_played":"927963420128977596","potions_obtained":[{"floor":8.0,"key":"SpeedPotion"},{"floor":10.0,"key":"Energy Potion"},{"floor":12.0,"key":"Fruit Juice"},{"floor":16.0,"key":"SkillPotion"}],"is_trial":false,"path_per_floor":["M","M","M","$","M","R","?","E","T","M","M","M","R","M","R","B",null,"M","?","M","M","$","R","M","E"],"character_chosen":"IRONCLAD","items_purchased":["Infernal Blade","Matryoshka"],"campfire_rested":1,"item_purchase_floors":[4,22],"current_hp_per_floor":[80,80,80,80,74,74,79,37,37,15,14,17,17,28,55,21,90,78,78,79,59,59,59,47,0,0],"gold":33,"neow_bonus":"THREE_ENEMY_KILL","is_daily":false,"chose_seed":false,"campfire_upgraded":3,"win_rate":0.0,"timestamp":1613370703,"path_taken":["M","M","M","$","M","R","?","E","T","M","M","M","R","M","R","BOSS","M","?","M","M","?","R","?","E"],"items_purchased_type":["Card","Relic"],"build_version":"2020-12-22","purchased_purges":1,"victory":false,"max_hp_per_floor":[80,80,80,80,80,80,85,85,85,85,85,85,85,90,90,90,90,90,90,91,92,92,92,93,93,93],"card_choices":[{"not_picked":["Iron Wave","Shrug It Off"],"picked":"Perfected Strike","floor":1.0},{"not_picked":["Body Slam","Cleave"],"picked":"Pommel Strike","floor":2.0},{"not_picked":["Body Slam","Shrug It Off"],"picked":"Wild Strike","floor":3.0},{"not_picked":["Sword Boomerang","Body Slam","Carnage"],"picked":"SKIP","floor":5.0},{"not_picked":["Exhume","Wild Strike"],"picked":"Pommel Strike","floor":8.0},{"not_picked":["Shockwave","Second Wind","Flame Barrier"],"picked":"SKIP","floor":10.0},{"not_picked":["Headbutt","True Grit","Shrug It Off"],"picked":"SKIP","floor":11.0},{"not_picked":["Dark Embrace+1","Infernal Blade"],"picked":"Wild Strike","floor":12.0},{"not_picked":["Iron Wave","Combust+1","Searing Blow"],"picked":"SKIP","floor":14.0},{"not_picked":["Demon Form+1","Juggernaut+1"],"picked":"Offering","floor":16.0},{"not_picked":["Havoc","Heavy Blade"],"picked":"Evolve+1","floor":18},{"not_picked":["Iron Wave","Cleave"],"picked":"Armaments","floor":20},{"not_picked":["Reckless Charge","Shrug It Off","Carnage"],"picked":"SKIP","floor":21},{"not_picked":["Armaments","Warcry+1","Seeing Red"],"picked":"SKIP","floor":24}],"player_experience":141445,"relics_obtained":[{"floor":8.0,"key":"Calipers"},{"floor":9.0,"key":"Frozen Egg 2"}],"event_choices":[{"damage_healed":0.0,"max_hp_gain":5.0,"max_hp_loss":0.0,"gold_gain":0.0,"event_name":"Big Fish","player_choice":"Donut","floor":7.0,"gold_loss":0.0,"damage_taken":0.0},{"damage_healed":0,"gold_gain":0,"player_choice":"Trade","damage_taken":0,"relics_obtained":["FaceOfCleric"],"max_hp_gain":0,"max_hp_loss":0,"event_name":"FaceTrader","floor":19,"gold_loss":0}],"is_beta":false,"boss_relics":[{"not_picked":["Empty Cage","SlaversCollar"],"picked":"Sozu"}],"items_purged_floors":[4],"is_endless":false,"potions_floor_spawned":[8,10,12,16,18],"killed_by":"Book of Stabbing","ascension_level":0}}