{"host":"qp7xs8nuzfsyommi","time":1613406199,"event":{"mods":["2.2 Compatiblity","BaseMod","Colored Powertips","DeckTracker","Highlight Path","Minty Spire (QoL Compilation)","Permanent Neow","Quick Restart","StSLib"],"gold_per_floor":[113,113,133,133,32,62,62,62,62,80,90,90,107,119,119,196,196,216,216,266,191,165,165,184,201,251,251,286,298,298,308,308,308,308],"floor_reached":33,"language":"ENG","playtime":1744,"items_purged":[],"score":538,"play_id":"c57df027-9acf-4d0a-acc3-364b3ccb7af3","local_time":"20210215112319","is_ascension_mode":true,"campfire_choices":[{"floor":7.0,"key":"REST"},{"floor":12.0,"key":"REST"},{"data":"Buffer","floor":15.0,"key":"SMITH"},{"data":"Buffer","floor":23.0,"key":"SMITH"},{"floor":27.0,"key":"RECALL"},{"floor":30.0,"key":"REST"},{"data":"Bandage Up","floor":32.0,"key":"SMITH"}],"circlet_count":0,"master_deck":["AscendersBane","Defend_B","Defend_B","Defend_B","Zap","Dualcast","Gash","Buffer+1","Bandage Up+1","Echo Form","Gash","Go for the Eyes","Steam","Coolheaded","Buffer+1","All For One+1","White Noise+1","Coolheaded+1","BootSequence","J.A.X.","Amplify","Beam Cell","All For One","Ball Lightning+1","Redo+1"],"relics":["Cracked Core","Incense Burner","Cables","Vajra","Astrolabe","Omamori","Potion Belt"],"acts_visited":["Exordium","TheCity"],"potions_floor_usage":[],"damage_taken":[{"damage":0.0,"enemies":"2 Louse","floor":1.0,"turns":2.0},{"damage":7.0,"enemies":"Small Slimes","floor":3.0,"turns":4.0},{"damage":52.0,"enemies":"3 Sentries","floor":6.0,"turns":15.0},{"damage":2.0,"enemies":"Jaw Worm","floor":10.0,"turns":4.0},{"damage":16.0,"enemies":"Exordium Thugs","floor":11.0,"turns":4.0},{"damage":9.0,"enemies":"Looter","floor":13.0,"turns":3.0},{"damage":24.0,"enemies":"Exordium Wildlife","floor":14.0,"turns":5.0},{"damage":21.0,"enemies":"The Guardian","floor":16.0,"turns":11.0},{"damage":0.0,"enemies":"Chosen","floor":18.0,"turns":5.0},{"damage":0.0,"enemies":"2 Thieves","floor":22.0,"turns":5.0},{"damage":0.0,"enemies":"Snake Plant","floor":24.0,"turns":6.0},{"damage":7.0,"enemies":"Sentry and Sphere","floor":25.0,"turns":8.0},{"damage":49.0,"enemies":"Gremlin Leader","floor":28.0,"turns":7.0},{"damage":0.0,"enemies":"Snecko","floor":29.0,"turns":6.0},{"damage":5.0,"enemies":"Centurion and Healer","floor":31.0,"turns":7.0},{"damage":74,"enemies":"Collector","floor":33,"turns":5}],"seed_played":"6794780706431912177","potions_obtained":[{"floor":3.0,"key":"Dexterity Potion"},{"floor":11.0,"key":"AttackPotion"},{"floor":13.0,"key":"FearPotion"},{"floor":18.0,"key":"SteroidPotion"},{"floor":22.0,"key":"SteroidPotion"},{"floor":28.0,"key":"Ancient Potion"},{"floor":31.0,"key":"LiquidBronze"}],"is_trial":false,"path_per_floor":["M","?","M","?","$","E","R","?","T","M","M","R","M","M","R","B",null,"M","?","?","?","M","R","M","M","T","R","E","M","R","M","R","B"],"character_chosen":"DEFECT","items_purchased":["Bandage Up"],"campfire_rested":3,"item_purchase_floors":[5],"current_hp_per_floor":[64,57,50,55,55,7,27,27,27,29,17,37,36,20,20,3,53,57,57,57,57,61,61,65,62,62,62,17,25,45,48,48,0,0],"gold":308,"neow_bonus":"ONE_RARE_RELIC","is_daily":false,"chose_seed":false,"campfire_upgraded":3,"win_rate":0.0,"timestamp":1613406199,"path_taken":["M","?","M","?","$","E","R","?","T","M","M","R","M","?","R","BOSS","M","?","?","?","?","R","M","M","T","R","E","M","R","M","R","BOSS"],"items_purchased_type":["Card"],"build_version":"2020-12-22","purchased_purges":0,"victory":false,"max_hp_per_floor":[64,64,64,69,69,69,69,69,69,69,69,69,69,69,69,69,69,69,69,69,69,69,69,69,69,69,69,69,69,69,69,69,69,69],"card_choices":[{"not_picked":["Streamline","Leap"],"picked":"Gash","floor":1.0},{"not_picked":["Rebound","Beam Cell"],"picked":"Buffer","floor":3.0},{"not_picked":["Rebound","Static Discharge"],"picked":"Echo Form","floor":6.0},{"not_picked":["Leap","Hologram"],"picked":"Gash","floor":10.0},{"not_picked":["Heatsinks","Cold Snap"],"picked":"Go for the Eyes","floor":11.0},{"not_picked":["Tempest","Double Energy"],"picked":"Steam","floor":13.0},{"not_picked":["Go for the Eyes","Leap"],"picked":"Coolheaded","floor":14.0},{"not_picked":["Amplify","Rainbow"],"picked":"Buffer","floor":16.0},{"not_picked":["Storm","Hologram"],"picked":"BootSequence","floor":18.0},{"not_picked":["Darkness","Rebound","Redo"],"picked":"SKIP","floor":22.0},{"not_picked":["Leap","Doom and Gloom"],"picked":"Amplify","floor":24.0},{"not_picked":["Compile Driver","Defragment"],"picked":"Beam Cell","floor":25.0},{"not_picked":["Darkness","Core Surge"],"picked":"All For One","floor":28.0},{"not_picked":["Barrage","Sweeping Beam"],"picked":"Ball Lightning+1","floor":29.0},{"not_picked":["Coolheaded","BootSequence"],"picked":"Redo+1","floor":31.0}],"player_experience":1911053,"relics_obtained":[{"floor":6.0,"key":"Cables"},{"floor":9.0,"key":"Vajra"},{"floor":26.0,"key":"Omamori"},{"floor":28.0,"key":"Potion Belt"}],"event_choices":[{"cards_removed":["Strike_B"],"damage_healed":0.0,"max_hp_gain":0.0,"max_hp_loss":0.0,"gold_gain":0.0,"event_name":"Golden Wing","player_choice":"Card Removal","floor":2.0,"gold_loss":0.0,"damage_taken":7.0},{"damage_healed":0.0,"max_hp_gain":5.0,"max_hp_loss":0.0,"gold_gain":0.0,"event_name":"Big Fish","player_choice":"Donut","floor":4.0,"gold_loss":0.0,"damage_taken":0.0},{"damage_healed":0.0,"max_hp_gain":0.0,"max_hp_loss":0.0,"gold_gain":0.0,"event_name":"Dead Adventurer","player_choice":"Searched \u00270\u0027 times","floor":8.0,"gold_loss":0.0,"damage_taken":0.0},{"damage_healed":0.0,"max_hp_gain":0.0,"max_hp_loss":0.0,"gold_gain":0.0,"event_name":"Drug Dealer","player_choice":"Obtain J.A.X.","floor":19.0,"gold_loss":0.0,"damage_taken":0.0,"cards_obtained":["J.A.X."]},{"damage_healed":0.0,"max_hp_gain":0.0,"max_hp_loss":0.0,"gold_gain":50.0,"event_name":"Nest","player_choice":"Stole From Cult","floor":20.0,"gold_loss":0.0,"damage_taken":0.0},{"cards_removed":["Defend_B"],"damage_healed":0.0,"max_hp_gain":0.0,"max_hp_loss":0.0,"gold_gain":0.0,"event_name":"Beggar","player_choice":"Gave Gold","floor":21.0,"gold_loss":75.0,"damage_taken":0.0}],"is_beta":false,"boss_relics":[{"not_picked":["Fusion Hammer","Coffee Dripper"],"picked":"Astrolabe"}],"items_purged_floors":[],"is_endless":false,"potions_floor_spawned":[3,11,13,18,22,24,28,31],"killed_by":"Collector","ascension_level":20}}