{"host":"9b7hrp48q3pna783","time":1613424951,"event":{"mods":["BaseMod","Colored Map","Colored Powertips","Highlight Path","Minty Spire (QoL Compilation)","Relic Stats"],"gold_per_floor":[119,119,130,130,146,173,173,348,348,379,396,346,357,367,367,465,465,481,481,328,361,261,261,261],"floor_reached":23,"language":"ENG","playtime":3671,"items_purged":["Doubt","Bite"],"score":244,"play_id":"09a1a5da-f2c6-421d-971e-d9d71126ed5c","local_time":"20210215163551","is_ascension_mode":true,"campfire_choices":[{"data":"Metallicize","floor":7,"key":"SMITH"},{"data":"Entrench","floor":15,"key":"SMITH"}],"circlet_count":0,"master_deck":["Defend_R","Defend_R","Defend_R","Defend_R","Bash+1","Metallicize+1","Second Wind","Metallicize","Rampage","Pommel Strike","Entrench+1","Demon Form","Fire Breathing","Bite","Bite","Bite","Bite","Feel No Pain"],"relics":["Burning Blood","White Beast Statue","Pen Nib","Ornamental Fan","Coffee Dripper","Red Mask"],"acts_visited":["Exordium","TheCity"],"potions_floor_usage":[6,10,10,11,14,21],"damage_taken":[{"damage":1,"enemies":"2 Louse","floor":1,"turns":2},{"damage":4,"enemies":"Small Slimes","floor":3,"turns":3},{"damage":7,"enemies":"Jaw Worm","floor":5,"turns":3},{"damage":22,"enemies":"Gremlin Nob","floor":6,"turns":5},{"damage":17,"enemies":"3 Sentries","floor":10,"turns":11},{"damage":12,"enemies":"Exordium Thugs","floor":11,"turns":7},{"damage":5,"enemies":"Blue Slaver","floor":13,"turns":4},{"damage":16,"enemies":"Gremlin Gang","floor":14,"turns":4},{"damage":37,"enemies":"Slime Boss","floor":16,"turns":14},{"damage":10,"enemies":"Shell Parasite","floor":18,"turns":6},{"damage":54,"enemies":"Masked Bandits","floor":21,"turns":5},{"damage":24,"enemies":"Slavers","floor":23,"turns":1}],"seed_played":"3978786011153034181","potions_obtained":[{"floor":1,"key":"Explosive Potion"},{"floor":3,"key":"SpeedPotion"},{"floor":5,"key":"LiquidBronze"},{"floor":10,"key":"DuplicationPotion"},{"floor":11,"key":"FairyPotion"},{"floor":13,"key":"LiquidBronze"},{"floor":14,"key":"Fire Potion"},{"floor":16,"key":"SpeedPotion"},{"floor":18,"key":"DistilledChaos"},{"floor":21,"key":"SteroidPotion"}],"is_trial":false,"path_per_floor":["M","?","M","?","M","E","R","?","T","E","M","?","M","M","R","B",null,"M","?","$","?","$","E"],"character_chosen":"IRONCLAD","items_purchased":["Feel No Pain"],"campfire_rested":0,"item_purchase_floors":[20],"current_hp_per_floor":[80,73,75,80,79,63,63,63,63,52,46,46,47,37,37,31,85,81,59,59,23,23,0,0],"gold":261,"neow_bonus":"UPGRADE_CARD","is_daily":false,"chose_seed":false,"campfire_upgraded":2,"win_rate":0.0,"timestamp":1613424951,"path_taken":["M","?","M","?","M","E","R","?","T","E","M","?","M","M","R","BOSS","M","?","$","?","?","E"],"items_purchased_type":["Card"],"build_version":"2020-12-22","purchased_purges":2,"victory":false,"max_hp_per_floor":[80,80,80,85,85,85,85,85,85,85,85,85,85,85,85,85,85,85,59,59,59,59,59,59],"relic_stats":{"counters":[12,65],"Ornamental Fan":[20],"Pen Nib":[8],"obtain_stats":[{"Ornamental Fan":10,"Pen Nib":9,"Coffee Dripper":17,"Red Mask":21,"Burning Blood":0,"White Beast Statue":6},{"Ornamental Fan":5,"Pen Nib":4,"Coffee Dripper":9,"Red Mask":11,"Burning Blood":0,"White Beast Statue":4},{"Ornamental Fan":24,"Pen Nib":13,"Coffee Dripper":53,"Red Mask":64,"Burning Blood":0,"White Beast Statue":13}],"Burning Blood":61},"card_choices":[{"not_picked":["Intimidate","Iron Wave","Clothesline"],"picked":"SKIP","floor":1},{"not_picked":["Perfected Strike","Headbutt","Clash"],"picked":"SKIP","floor":3},{"not_picked":["Searing Blow","Heavy Blade"],"picked":"Metallicize","floor":5},{"not_picked":["Flex","Havoc"],"picked":"Second Wind","floor":6},{"not_picked":["Rupture","Warcry"],"picked":"Metallicize","floor":10},{"not_picked":["Uppercut","True Grit"],"picked":"Rampage","floor":11},{"not_picked":["Perfected Strike","Heavy Blade"],"picked":"Pommel Strike","floor":13},{"not_picked":["Pummel","Clothesline"],"picked":"Entrench","floor":14},{"not_picked":["Bludgeon","Brutality"],"picked":"Demon Form","floor":16},{"not_picked":["Anger","Iron Wave"],"picked":"Fire Breathing","floor":18}],"player_experience":154237,"relics_obtained":[{"floor":6,"key":"White Beast Statue"},{"floor":9,"key":"Pen Nib"},{"floor":10,"key":"Ornamental Fan"},{"floor":21,"key":"Red Mask"}],"event_choices":[{"cards_removed":["Strike_R"],"damage_healed":0,"gold_gain":0,"player_choice":"Card Removal","damage_taken":7,"max_hp_gain":0,"max_hp_loss":0,"event_name":"Golden Wing","floor":2,"gold_loss":0},{"damage_healed":0,"gold_gain":0,"player_choice":"Donut","damage_taken":0,"max_hp_gain":5,"max_hp_loss":0,"event_name":"Big Fish","floor":4,"gold_loss":0},{"damage_healed":0,"gold_gain":175,"player_choice":"AGREE","damage_taken":0,"max_hp_gain":0,"max_hp_loss":0,"event_name":"Liars Game","floor":8,"gold_loss":0,"cards_obtained":["Doubt"]},{"cards_removed":["Strike_R"],"damage_healed":0,"gold_gain":0,"player_choice":"Card Removal","damage_taken":0,"max_hp_gain":0,"max_hp_loss":0,"event_name":"The Cleric","floor":12,"gold_loss":50},{"damage_healed":0,"gold_gain":0,"player_choice":"Became a vampire","damage_taken":0,"max_hp_gain":0,"max_hp_loss":26,"event_name":"Vampires","floor":19,"gold_loss":0,"cards_obtained":["Bite","Bite","Bite","Bite","Bite"]},{"damage_healed":0,"gold_gain":0,"player_choice":"Fought Bandits","damage_taken":0,"max_hp_gain":0,"max_hp_loss":0,"event_name":"Masked Bandits","floor":21,"gold_loss":0}],"is_beta":false,"boss_relics":[{"not_picked":["SacredBark","Calling Bell"],"picked":"Coffee Dripper"}],"items_purged_floors":[20,22],"is_endless":false,"potions_floor_spawned":[1,3,5,10,11,13,14,16,18,21],"killed_by":"Slavers","ascension_level":2}}