{"host":"Sylvester","time":1613374696,"event":{"mods":["AchievementEnabler","BaseMod","Filter the Spire","Lobotomy","Minty Spire (QoL Compilation)","Replay The Spire","StSLib"],"gold_per_floor":[368,381,351,368,178,210,222,251,286,318,330,342,372,384,396,509,621,651,663,483,483,483,512,530,530,553,553,583,583,593,609,609,711,711,722,722,738,788,788,788,589,617,617,617,637,671,681,696,696,696,696],"floor_reached":50,"language":"ENG","playtime":3366,"items_purged":[],"score":1099,"play_id":"56bb7ed5-cde3-48ee-81ed-58094fd43dfd","local_time":"20210214233816","is_ascension_mode":true,"campfire_choices":[{"floor":7.0,"key":"REST"},{"floor":44.0,"key":"RECALL"},{"floor":49,"key":"REST"}],"circlet_count":0,"master_deck":["Apo_SoulSlash","Apo_Charge","Apo_Charge","Apo_Charge","Apo_Charge","Apo_Beam","Apo_Beam","Apo_Beam","Apo_Execute","HereticApostle","Apo_Slash","Apo_SoulSlash","SoundOfStar","Finesse","VoidDream","InTheNameOfLoveAndHate","RecordCode","SnowQueen","WhiteNight","SoundOfStar+1","AbeCurse","GreedKing","Mimicry+1","DisciplinaryCode","SolemnVow+1","Wingbeat+1","Noise+1","Hypocrisy"],"relics":["CogitoBucket","Yang_Lob","MawBank","AspirationHeart","ApostleMask","Replay:Wanted Poster","Membership Card","Replay:Wax Seal","InkBottle","AdjustmentMirror","Gremlin Food","Matryoshka","Abe\u0027s Treasure","HellTrain","Prayer Wheel","Chemical X","Centennial Puzzle","Chameleon Ring","Boot","Bottled Tornado","Unceasing Top"],"acts_visited":["Exordium","TheCity","TheBeyond"],"potions_floor_usage":[50,50,50],"damage_taken":[{"damage":12.0,"enemies":"Jaw Worm","floor":1.0,"turns":2.0},{"damage":6.0,"enemies":"Cultist","floor":2.0,"turns":3.0},{"damage":10.0,"enemies":"Small Slimes","floor":4.0,"turns":4.0},{"damage":32.0,"enemies":"Gremlin Nob","floor":6.0,"turns":4.0},{"damage":2.0,"enemies":"3 Louse","floor":8.0,"turns":3.0},{"damage":10.0,"enemies":"Blue Slaver","floor":10.0,"turns":17.0},{"damage":1.0,"enemies":"Exordium Thugs","floor":13.0,"turns":4.0},{"damage":0.0,"enemies":"Slime Boss","floor":16.0,"turns":3.0},{"damage":11.0,"enemies":"2 Thieves","floor":18.0,"turns":2.0},{"damage":4.0,"enemies":"Slavers","floor":23.0,"turns":2.0},{"damage":6.0,"enemies":"3 Byrds","floor":24.0,"turns":3.0},{"damage":0.0,"enemies":"Book of Stabbing","floor":28.0,"turns":1.0},{"damage":0.0,"enemies":"Cultist and Chosen","floor":30.0,"turns":2.0},{"damage":0.0,"enemies":"Snecko","floor":31.0,"turns":1.0},{"damage":0.0,"enemies":"Collector","floor":33.0,"turns":2.0},{"damage":1.0,"enemies":"3 Shapes","floor":35.0,"turns":5.0},{"damage":0.0,"enemies":"3 Darklings","floor":37.0,"turns":1.0},{"damage":0.0,"enemies":"Mind Bloom Boss Battle","floor":38.0,"turns":1.0},{"damage":0.0,"enemies":"R_Hoarder","floor":42.0,"turns":2.0},{"damage":24.0,"enemies":"Maw","floor":45.0,"turns":3.0},{"damage":0,"enemies":"Giant Head","floor":46,"turns":3},{"damage":0,"enemies":"4 Shapes","floor":47,"turns":1},{"damage":0,"enemies":"Jaw Worm Horde","floor":48,"turns":2},{"damage":137,"enemies":"FixerMidnight","floor":50,"turns":4}],"seed_played":"1960166767951769775","potions_obtained":[{"floor":3.0,"key":"Flashbang"},{"floor":3.0,"key":"Regen Potion"},{"floor":4.0,"key":"Weak Potion"},{"floor":13.0,"key":"Swift Potion"},{"floor":16.0,"key":"SkillPotion"},{"floor":24.0,"key":"SteroidPotion"},{"floor":28.0,"key":"SpeedPotion"},{"floor":37.0,"key":"GamblersBrew"},{"floor":42.0,"key":"PowerPotion"}],"is_trial":false,"path_per_floor":["M","M","?","M","$","E","R","M","T","M","R","?","M","E","R","B",null,"M","?","$","?","?","E","M","R","T","R","E","R","M","M","R","B",null,"M","?","M","?","?","R","$","E","T","R","M","E","M","M","R","B"],"character_chosen":"Angela","items_purchased":["Metamorphosis","Membership Card","Finesse","Flashbang","Chemical X","Centennial Puzzle"],"campfire_rested":2,"item_purchase_floors":[5,20,20,41,41,41],"current_hp_per_floor":[51,45,45,35,35,3,21,21,21,37,37,83,82,77,77,77,77,66,60,60,60,60,56,50,50,50,50,50,50,50,91,91,91,91,90,90,90,90,90,90,90,90,90,90,66,66,66,66,66,0,0],"gold":696,"neow_bonus":"TWO_FIFTY_GOLD","is_daily":false,"chose_seed":false,"campfire_upgraded":0,"win_rate":0.0,"timestamp":1613374696,"path_taken":["M","M","?","?","$","E","R","M","T","M","R","?","?","E","R","BOSS","M","?","$","?","?","E","M","R","T","R","E","R","?","M","R","BOSS","M","?","M","?","?","R","$","E","T","R","M","E","M","M","R","BOSS"],"items_purchased_type":["Card","Relic","Card","Potion","Relic","Relic"],"build_version":"2020-11-17","purchased_purges":0,"victory":false,"max_hp_per_floor":[63,63,63,63,63,63,63,63,63,73,73,83,83,83,83,83,83,83,83,83,83,83,87,87,87,87,87,87,87,91,95,95,95,95,95,90,90,90,90,180,180,184,184,184,184,184,184,184,184,184,184],"card_choices":[{"not_picked":["OSAHOGD","Scorched"],"picked":"Yin","floor":1.0},{"not_picked":["RapturousDream","Beak"],"picked":"SKIP","floor":1.0},{"not_picked":["Laetitia_ego"],"picked":"BlueScar","floor":2.0},{"not_picked":["GrinderMk4","Beak"],"picked":"SKIP","floor":4.0},{"not_picked":["DespairKnight","Murderer"],"picked":"PlagueDoctor","floor":6.0},{"not_picked":["Soda"],"picked":"MagicBullet","floor":6.0},{"not_picked":["Beak","CherryBlossom"],"picked":"SKIP","floor":8.0},{"not_picked":["FairyFestival","FieryBird"],"picked":"CENSORED","floor":10.0},{"not_picked":["Pinks","Beak"],"picked":"SKIP","floor":10.0},{"not_picked":["Beak"],"picked":"Pinks","floor":10.0},{"not_picked":["CUTE","Heaven"],"picked":"SKIP","floor":13.0},{"not_picked":["CUTE"],"picked":"Heaven","floor":13.0},{"not_picked":["CENSORED_ego"],"picked":"SoundOfStar","floor":16.0},{"not_picked":["RedEyes","Wingbeat"],"picked":"SKIP","floor":18.0},{"not_picked":["LaLuna","WallGazer"],"picked":"VoidDream","floor":23.0},{"not_picked":["Regret_ego","Loneliness"],"picked":"SKIP","floor":23.0},{"not_picked":["Horn","CherryBlossom"],"picked":"SKIP","floor":24.0},{"not_picked":["RedEyes+1"],"picked":"InTheNameOfLoveAndHate","floor":28.0},{"not_picked":["BeautyBeast","WallGazer"],"picked":"SnowQueen","floor":30.0},{"not_picked":["Logging","Pinks"],"picked":"SKIP","floor":30.0},{"not_picked":["SilentOrchestra","Bloodbath"],"picked":"WhiteNight","floor":31.0},{"not_picked":["Horn+1","Heaven"],"picked":"SKIP","floor":31.0},{"not_picked":["Horn+1","Heaven"],"picked":"SKIP","floor":31.0},{"not_picked":["GoldRush"],"picked":"SoundOfStar","floor":33.0},{"not_picked":["Pleasure+1","Heaven+1"],"picked":"SKIP","floor":35.0},{"not_picked":["Wingbeat","CUTE+1"],"picked":"SKIP","floor":37.0},{"not_picked":["DreamingCurrent","Laetitia"],"picked":"GreedKing","floor":42.0},{"not_picked":["Galaxy+1"],"picked":"Mimicry","floor":42.0},{"not_picked":["Lantern","TodaysExpression+1"],"picked":"SKIP","floor":42.0},{"not_picked":["Lantern+1"],"picked":"SolemnVow+1","floor":45.0},{"not_picked":["SomewhereSpear+1"],"picked":"Wingbeat+1","floor":45.0},{"not_picked":["Reverberation+1","Horn+1"],"picked":"SKIP","floor":45.0},{"not_picked":["Harmony","Pinks"],"picked":"SKIP","floor":46},{"not_picked":["Wingbeat+1","FrostShard"],"picked":"SKIP","floor":46},{"not_picked":["Penitence"],"picked":"Noise+1","floor":47},{"not_picked":["RedEyes+1","RapturousDream+1"],"picked":"SKIP","floor":47},{"not_picked":["CUTE+1","Lantern+1"],"picked":"SKIP","floor":47},{"not_picked":["Spore"],"picked":"Hypocrisy","floor":48},{"not_picked":["SwordSharpenedByTears","RapturousDream+1"],"picked":"SKIP","floor":48},{"not_picked":["RapturousDream","SomewhereSpear+1"],"picked":"SKIP","floor":48}],"player_experience":263363,"relics_obtained":[{"floor":6.0,"key":"MawBank"},{"floor":23.0,"key":"InkBottle"},{"floor":26.0,"key":"Gremlin Food"},{"floor":28.0,"key":"Matryoshka"},{"floor":38.0,"key":"Prayer Wheel"},{"floor":42.0,"key":"Chameleon Ring"},{"floor":43.0,"key":"Boot"},{"floor":43.0,"key":"Bottled Tornado"},{"floor":46,"key":"Unceasing Top"}],"event_choices":[{"damage_healed":0.0,"max_hp_gain":0.0,"max_hp_loss":0.0,"gold_gain":0.0,"event_name":"The Woman in Blue","player_choice":"Bought 2 Potions","floor":3.0,"gold_loss":0.0,"damage_taken":0.0},{"cards_removed":["Pinks"],"damage_healed":36.0,"max_hp_gain":10.0,"max_hp_loss":0.0,"gold_gain":0.0,"event_name":"Bonfire Elementals","player_choice":"Offered Rare","floor":12.0,"gold_loss":0.0,"damage_taken":0.0},{"damage_healed":0.0,"max_hp_gain":0.0,"max_hp_loss":0.0,"gold_gain":0.0,"event_name":"Knowing Skull","player_choice":"","floor":19.0,"potions_obtained":[],"gold_loss":0.0,"damage_taken":6.0,"cards_obtained":[]},{"damage_healed":0.0,"max_hp_gain":0.0,"max_hp_loss":0.0,"gold_gain":0.0,"event_name":"Addict","player_choice":"Stole Relic","floor":21.0,"gold_loss":0.0,"damage_taken":0.0,"relics_obtained":["Replay:Wax Seal"],"cards_obtained":["Shame"]},{"cards_removed":["Shame"],"damage_healed":0.0,"max_hp_gain":0.0,"max_hp_loss":0.0,"gold_gain":0.0,"event_name":"Fountain of Cleansing","player_choice":"Removed Curses","floor":22.0,"gold_loss":0.0,"damage_taken":0.0},{"damage_healed":0.0,"max_hp_gain":0.0,"max_hp_loss":5.0,"gold_gain":0.0,"event_name":"Winding Halls","player_choice":"Max HP","floor":36.0,"gold_loss":0.0,"damage_taken":0.0},{"damage_healed":0.0,"max_hp_gain":0.0,"max_hp_loss":0.0,"gold_gain":0.0,"event_name":"MindBloom","player_choice":"Fight","floor":38.0,"gold_loss":0.0,"damage_taken":0.0},{"damage_healed":0.0,"max_hp_gain":0.0,"max_hp_loss":0.0,"gold_gain":0.0,"event_name":"Accursed Blacksmith","player_choice":"Forge","floor":39.0,"gold_loss":0.0,"damage_taken":0.0,"cards_upgraded":["SoundOfStar"]}],"is_beta":true,"boss_relics":[{"not_picked":["Runic Dome","Velvet Choker"],"picked":"Replay:Wanted Poster"},{"not_picked":["Replay:Ancient Bell","Empty Cage"],"picked":"Abe\u0027s Treasure"}],"items_purged_floors":[],"is_endless":false,"potions_floor_spawned":[4,13,16,24,28,37,42,45,46,48],"killed_by":"FixerMidnight","ascension_level":7}}