{"host":"x52zk6e1f2bye2h7","time":1613388811,"event":{"mods":["AchievementEnabler","BaseMod","Highlight Path","Minty Spire (QoL Compilation)","everything is the same but u backflip on backflip"],"gold_per_floor":[211,136,152,152,164,164,64,77,103,130,5,5,5,5,5,5,5],"floor_reached":16,"language":"ENG","playtime":274,"items_purged":["Strike_P","Defend_P","Strike_P"],"score":103,"play_id":"34889114-44d1-464e-80a5-cac7827f6545","local_time":"20210215113331","is_ascension_mode":true,"campfire_choices":[{"data":"Defend_P","floor":6,"key":"SMITH"},{"floor":12,"key":"REST"},{"floor":15,"key":"REST"}],"circlet_count":0,"master_deck":["Strike_P","Strike_P","Defend_P+1","Defend_P","Eruption","Vigilance"],"relics":["PureWater"],"acts_visited":["Exordium"],"potions_floor_usage":[5],"damage_taken":[{"damage":0,"enemies":"Cultist","floor":1,"turns":2},{"damage":4,"enemies":"2 Louse","floor":3,"turns":2},{"damage":3,"enemies":"Jaw Worm","floor":5,"turns":4},{"damage":9,"enemies":"3 Louse","floor":8,"turns":3},{"damage":24,"enemies":"Gremlin Nob","floor":10,"turns":3},{"damage":70,"enemies":"The Guardian","floor":16,"turns":6}],"seed_played":"7054367253607278265","potions_obtained":[{"floor":1,"key":"DistilledChaos"},{"floor":3,"key":"Ancient Potion"},{"floor":10,"key":"SteroidPotion"}],"is_trial":false,"path_per_floor":["M","$","M","?","M","R","$","M","T","E","$","R","?","?","R","B"],"character_chosen":"WATCHER","items_purchased":[],"campfire_rested":2,"item_purchase_floors":[],"current_hp_per_floor":[72,72,68,68,65,65,65,56,56,32,32,53,53,46,67,0,0],"gold":5,"neow_bonus":"HUNDRED_GOLD","is_daily":false,"chose_seed":false,"campfire_upgraded":1,"win_rate":0.0,"timestamp":1613388811,"path_taken":["M","$","?","?","M","R","$","M","T","E","?","R","?","?","R","BOSS"],"items_purchased_type":[],"build_version":"2020-12-22","purchased_purges":3,"victory":false,"max_hp_per_floor":[72,72,72,72,72,72,72,72,72,72,72,72,72,72,72,72,72],"card_choices":[{"not_picked":["EmptyBody","Crescendo","Sanctity"],"picked":"SKIP","floor":1},{"not_picked":["Pray","FearNoEvil","Prostrate"],"picked":"SKIP","floor":3},{"not_picked":["MentalFortress","FearNoEvil","WaveOfTheHand"],"picked":"SKIP","floor":5},{"not_picked":["ClearTheMind","Tantrum","Fasting2"],"picked":"SKIP","floor":8},{"not_picked":["JustLucky","BowlingBash","Consecrate"],"picked":"SKIP","floor":10}],"player_experience":124742,"relics_obtained":[],"event_choices":[{"damage_healed":0,"gold_gain":0,"player_choice":"0 cards matched","damage_taken":0,"max_hp_gain":0,"max_hp_loss":0,"event_name":"Match and Keep!","floor":4,"gold_loss":0,"cards_obtained":[]},{"damage_healed":0,"gold_gain":0,"player_choice":"Fled","damage_taken":0,"max_hp_gain":0,"max_hp_loss":0,"event_name":"Scrap Ooze","floor":13,"gold_loss":0},{"cards_removed":["Defend_P"],"damage_healed":0,"gold_gain":0,"player_choice":"Card Removal","damage_taken":7,"max_hp_gain":0,"max_hp_loss":0,"event_name":"Golden Wing","floor":14,"gold_loss":0}],"is_beta":false,"boss_relics":[],"items_purged_floors":[2,7,11],"is_endless":false,"potions_floor_spawned":[1,3,10],"killed_by":"The Guardian","ascension_level":1}}