{"host":"og21o26alpnbwmz8","time":1613424808,"event":{"mods":["Act Like it!","Aspiration","BaseMod","Conspire","Downfall","Gensokyo","Halation","Hubris","Jedi Mod","Mimic Mod","Minty Spire (QoL Compilation)","Pale of the Ancients","Reliquary","Replay The Spire","Shop Mod","Spikes Relics","StSLib","The Alterego","The Blue Laboratory","The Poker Player","The Problem Sleuth","Waifu the Spire","Yuri Mod"],"gold_per_floor":[99,115,131,431,123,154,199,199,225,17,62,79,79,110,125,226,226,26,46,61,61,72,102,102,102,119,130,160,174,207,307,325,425,425,425,440,218,229,247,147,173,173,173,192,203,213,213,233,247,247,247,273,25,25,27,27,27],"floor_reached":55,"language":"ENG","playtime":2822,"items_purged":["downfall:Icky","Parasite"],"score":1053,"play_id":"baf162f4-c8ab-49dd-8228-65552bd2ab15","local_time":"20210215163328","is_ascension_mode":false,"campfire_choices":[{"data":"champ:Strike","floor":1.0,"key":"PURGE"},{"data":"champ:Duel","floor":13.0,"key":"SMITH"},{"data":"champ:FanOfKnives","floor":18.0,"key":"SMITH"},{"floor":25.0,"key":"REST"},{"floor":35.0,"key":"RECALL"},{"data":"champ:EnGarde","floor":40.0,"key":"SMITH"},{"data":"champ:EnchantShield","floor":43.0,"key":"SMITH"},{"floor":47.0,"key":"REST"},{"floor":54.0,"key":"REST"}],"circlet_count":0,"master_deck":["champ:EnchantShield+1","champ:Duel+1","expansioncontent:DashGenerateEvil+1","champ:EnGarde+1","expansioncontent:DashGenerateEvil+1","champ:GladiatorStyle+1"],"relics":["champ:ChampionCrown","reliquary:Knoch","Shuriken","jedi:shrinkray","Bronze Scales","halation:CatFaceCupcake","downfall:HeartBlessingGreen","downfall:HeartBlessingBlue","Bag of Preparation","hubris:BottledRain","reliquary:JackalopeAntler","Art of War","halation:Komachan","downfall:HeartBlessingRed","reliquary:Stiletto","reliquary:HotPoker","Guardian:PocketSentry"],"acts_visited":["Exordium","TheCity","TheBeyond","TheEnding"],"potions_floor_usage":[],"damage_taken":[{"damage":10.0,"enemies":"Small Slimes","floor":2.0,"turns":7.0},{"damage":12.0,"enemies":"2 Louse","floor":3.0,"turns":3.0},{"damage":15.0,"enemies":"downfall:FleeingMerchant","floor":5.0,"turns":4.0},{"damage":13.0,"enemies":"3 Sentries","floor":6.0,"turns":7.0},{"damage":28.0,"enemies":"Lagavulin","floor":9.0,"turns":5.0},{"damage":35.0,"enemies":"downfall:FleeingMerchant","floor":10.0,"turns":4.0},{"damage":4.0,"enemies":"Jaw Worm","floor":12.0,"turns":3.0},{"damage":5.0,"enemies":"3 Sentries","floor":14.0,"turns":2.0},{"damage":20.0,"enemies":"Large Slime","floor":15.0,"turns":4.0},{"damage":24.0,"enemies":"SI_SHIV_ARCHETYPE","floor":16.0,"turns":5.0},{"damage":10.0,"enemies":"Spheric Guardian","floor":19.0,"turns":5.0},{"damage":10.0,"enemies":"Shell Parasite","floor":20.0,"turns":4.0},{"damage":55.0,"enemies":"conspire:HollyBat","floor":22.0,"turns":6.0},{"damage":20.0,"enemies":"conspire:SneckoGhost","floor":23.0,"turns":4.0},{"damage":15.0,"enemies":"Chosen and Byrds","floor":26.0,"turns":3.0},{"damage":20.0,"enemies":"Shelled Parasite and Fungi","floor":27.0,"turns":3.0},{"damage":10.0,"enemies":"Book of Stabbing","floor":28.0,"turns":3.0},{"damage":10.0,"enemies":"Sentry and Sphere","floor":29.0,"turns":3.0},{"damage":15.0,"enemies":"Slavers","floor":30.0,"turns":3.0},{"damage":0.0,"enemies":"Snake Plant","floor":32.0,"turns":3.0},{"damage":33.0,"enemies":"DF_ARCHETYPE_CLAW","floor":33.0,"turns":17.0},{"damage":0.0,"enemies":"Orb Walker","floor":36.0,"turns":3.0},{"damage":0.0,"enemies":"downfall:FleeingMerchant","floor":37.0,"turns":4.0},{"damage":10.0,"enemies":"3 Darklings","floor":38.0,"turns":9.0},{"damage":0.0,"enemies":"Transient","floor":39.0,"turns":5.0},{"damage":0.0,"enemies":"Writhing Mass","floor":44.0,"turns":7.0},{"damage":8.0,"enemies":"Sphere and 2 Shapes","floor":45.0,"turns":5.0},{"damage":0.0,"enemies":"3 Darklings","floor":46.0,"turns":3.0},{"damage":0.0,"enemies":"Writhing Mass","floor":48.0,"turns":5.0},{"damage":0.0,"enemies":"Jaw Worm Horde","floor":49.0,"turns":7.0},{"damage":0.0,"enemies":"IC_BLOCK_ARCHETYPE","floor":50.0,"turns":12.0},{"damage":42.0,"enemies":"downfall:CharBossMerchant","floor":52.0,"turns":13.0},{"damage":0,"enemies":"downfall:NeowBoss","floor":55,"turns":15}],"seed_played":"-4494438998067168325","potions_obtained":[{"floor":3.0,"key":"hexamod:SoulburnPotion"},{"floor":6.0,"key":"jedi:tentaclejuice"},{"floor":12.0,"key":"bronze:BurnAndBuffPotion"},{"floor":14.0,"key":"EntropicBrew"},{"floor":33.0,"key":"CultistPotion"},{"floor":38.0,"key":"Strength Potion"}],"is_trial":false,"path_per_floor":["R","M","M","?","$","E","T","?","E","$","T","M","R","E","M","B",null,"R","M","M","?","M","E","T","R","M","M","E","M","E","?","M","B",null,"R","M","$","M","M","R","T","?","R","M","M","M","R","M","M","B",null,"E","$","R","B"],"character_chosen":"THE_CHAMP","items_purchased":["champ:FanOfKnives","expansioncontent:DashGenerateEvil","expansioncontent:DashGenerateEvil+1","champ:GladiatorStyle+1","halation:Komachan","Guardian:PocketSentry"],"campfire_rested":3,"item_purchase_floors":[5,5,10,37,37,53],"current_hp_per_floor":[90,90,88,88,88,85,85,85,67,52,52,68,68,68,78,69,90,100,100,100,85,85,85,85,100,100,100,100,100,95,95,95,62,100,100,100,100,90,90,90,90,90,90,90,82,82,100,100,100,100,100,58,58,87,87,87,87],"gold":27,"neow_bonus":"ONE_RANDOM_RARE_CARD","is_daily":false,"chose_seed":false,"campfire_upgraded":4,"win_rate":0.0,"timestamp":1613424808,"path_taken":["R","M","M","?","$","E","T","?","E","$","?","M","R","E","M","BOSS","R","M","M","?","?","E","T","R","M","?","E","M","E","?","M","BOSS","R","M","$","M","?","R","T","?","R","M","M","M","R","?","M","BOSS","E","$","R","BOSS"],"items_purchased_type":["Card","Card","Card","Card","Relic","Relic"],"build_version":"2020-12-22","purchased_purges":2,"victory":false,"max_hp_per_floor":[90,90,90,90,90,90,90,90,90,90,90,90,90,90,90,90,90,100,100,100,100,100,100,100,100,100,100,100,100,100,100,100,100,100,100,100,100,100,100,100,100,100,100,100,100,100,100,100,100,100,100,100,97,97,97,97,97],"card_choices":[{"not_picked":["champ:CalledShot","champ:FancyFootwork"],"picked":"champ:FaceSlap","floor":2.0},{"not_picked":["champ:BringItOn","champ:BladeFlurry"],"picked":"champ:Duel","floor":3.0},{"not_picked":["champ:ViciousMockery","champ:Circumvent","champ:RapidStrikes"],"picked":"SKIP","floor":5.0},{"not_picked":["champ:Shatter","champ:GladiatorStyle"],"picked":"champ:EnGarde","floor":6.0},{"not_picked":["champ:SkillfulDodge","champ:VampiricStrike"],"picked":"champ:FocusedBerserking","floor":9.0},{"not_picked":["champ:HeartStrike","champ:SwordSigil"],"picked":"champ:ShieldSigil","floor":10.0},{"not_picked":["champ:SwordSigil","champ:GutPunch","champ:PreciseThrust"],"picked":"SKIP","floor":12.0},{"not_picked":["champ:IronFortress","champ:LastStand","champ:FocusedBerserking"],"picked":"SKIP","floor":14.0},{"not_picked":["champ:BerserkersShout","champ:PerfectedStrike","champ:BladeFlurry"],"picked":"SKIP","floor":15.0},{"not_picked":["champ:Devastate","champ:SteelEdge"],"picked":"champ:EnchantCrown","floor":16.0},{"not_picked":["champ:AdrenalArmor","champ:Circumvent","champ:ShieldSlam"],"picked":"SKIP","floor":19.0},{"not_picked":["champ:AdrenalArmor","champ:Circumvent","champ:ShieldSlam"],"picked":"SKIP","floor":19.0},{"not_picked":["champ:FlashCut","champ:FancyFootwork+1","champ:HeartStrike"],"picked":"SKIP","floor":20.0},{"not_picked":["champ:RecklessLeap+1","champ:ArenaPreparation+1"],"picked":"champ:ShieldWall","floor":22.0},{"not_picked":["champ:SteelEdge","champ:SkillfulDodge","champ:DeathBlow+1"],"picked":"SKIP","floor":23.0},{"not_picked":["champ:BerserkerStyle","champ:EnGarde+1","champ:PreciseThrust+1"],"picked":"SKIP","floor":26.0},{"not_picked":["champ:FanOfKnives","champ:PerfectedStrike","champ:PreciseThrust"],"picked":"SKIP","floor":27.0},{"not_picked":["champ:RageSigil+1","champ:BerserkerStyle+1","champ:VampiricStrike"],"picked":"SKIP","floor":28.0},{"not_picked":["champ:DefensiveShout","champ:AdrenalArmor","champ:FlashCut"],"picked":"SKIP","floor":29.0},{"not_picked":["champ:Shatter","champ:TripleStrike","champ:Endure"],"picked":"SKIP","floor":30.0},{"not_picked":["champ:DefensiveShout+1","champ:BladeFlurry+1","champ:Circumvent+1"],"picked":"SKIP","floor":32.0},{"not_picked":["champ:UltimateStance","champ:GladiatorForm"],"picked":"champ:LastStand","floor":33.0},{"not_picked":["champ:PreciseThrust+1","champ:GutPunch+1","champ:CrownThrow"],"picked":"SKIP","floor":36.0},{"not_picked":["champ:ShieldSigil","champ:FocusedBerserking","champ:CrownThrow"],"picked":"SKIP","floor":37.0},{"not_picked":["champ:PreemptiveStrike","champ:PerfectedStrike","champ:Improvising"],"picked":"SKIP","floor":38.0},{"not_picked":["champ:FlashCut","champ:ShieldSigil","champ:FanOfKnives+1"],"picked":"SKIP","floor":39.0},{"not_picked":["champ:DefensiveShout+1","champ:SkillfulDodge+1","champ:Backstep"],"picked":"SKIP","floor":44.0},{"not_picked":["champ:TornadoPunch","champ:PreciseThrust+1","champ:ShieldSigil"],"picked":"SKIP","floor":45.0},{"not_picked":["champ:GutPunch","champ:Shatter","champ:BerserkersShout+1"],"picked":"SKIP","floor":46.0},{"not_picked":["champ:BerserkerStyle+1","champ:BladeFlurry","champ:ShieldSlam+1"],"picked":"SKIP","floor":48.0},{"not_picked":["champ:GutPunch+1","champ:HeavySlash","champ:FocusedBerserking+1"],"picked":"SKIP","floor":49.0},{"not_picked":["champ:Shatter+1","champ:DefensiveShout","champ:AdrenalArmor"],"picked":"SKIP","floor":52.0}],"player_experience":273277,"relics_obtained":[{"floor":6.0,"key":"reliquary:Knoch"},{"floor":9.0,"key":"Shuriken"},{"floor":11.0,"key":"jedi:shrinkray"},{"floor":14.0,"key":"Bronze Scales"},{"floor":23.0,"key":"Bag of Preparation"},{"floor":24.0,"key":"hubris:BottledRain"},{"floor":28.0,"key":"reliquary:JackalopeAntler"},{"floor":30.0,"key":"Art of War"},{"floor":41.0,"key":"reliquary:Stiletto"},{"floor":52.0,"key":"reliquary:HotPoker"}],"event_choices":[],"is_beta":false,"boss_relics":[{"not_picked":["Sozu","champ:ChampionCrownUpgraded"],"picked":"halation:CatFaceCupcake"},{"not_picked":["Replay:Ancient Bell","halation:MonkeysPaw","Calling Bell"]}],"items_purged_floors":[5,53],"is_endless":false,"potions_floor_spawned":[3,6,12,14,15,20,26,27,28,29,32,33,38,39,44],"killed_by":"downfall:NeowBoss","ascension_level":0}}