{"host":"6xsbn6ynqlzwllfm","time":1613392010,"event":{"mods":["2.2 Compatiblity","BaseMod","Bestiary","Colored Map","Colored Powertips","Curses Come First","Downfall","Highlight Path","Keyboard Shortcuts","Minty Spire (QoL Compilation)","Relic Stats","Slay the Relics Exporter","StSLib","SuperFastMode"],"gold_per_floor":[99,114,128,578,578,608,635,654,654,689,699,724,624,83,102,173,173,173,183,198,198,214,225,225,238,238,238,255,273,273,273,286,286,286,286],"floor_reached":33,"language":"ENG","playtime":1560,"items_purged":["downfall:Icky"],"score":447,"play_id":"4e39cff6-f016-4c60-a453-432035ad954b","local_time":"20210215072650","is_ascension_mode":true,"campfire_choices":[{"data":"bronze:Goto","floor":1,"key":"SMITH"},{"data":"bronze:DelayedGuard","floor":9,"key":"SMITH"},{"floor":13,"key":"REST"},{"data":"downfall:Icky","floor":18,"key":"PURGE"},{"data":"downfall:Icky","floor":26,"key":"PURGE"},{"data":"bronze:Defend","floor":30,"key":"PURGE"}],"circlet_count":0,"master_deck":["AscendersBane","bronze:Defend","bronze:Defend","bronze:Replicate","bronze:Goto+1","bronze:Deprecate","bronze:ThunderWave","bronze:DelayedGuard+1","bronze:OilSpill","bronze:Safeguard","bronze:Turbo","bronze:DelayedGuard","bronze:Branch","bronze:HyperBeam","bronze:AlphaBuild","bronze:Overheat","bronze:ClassDefault+1","Shame"],"relics":["bronze:BronzeCore","Turnip","Shuriken","Blood Vial","Pen Nib","CaptainsWheel","downfall:HeartBlessingGreen","Bag of Preparation","Peace Pipe","Sozu","Lantern"],"acts_visited":["Exordium","TheCity"],"potions_floor_usage":[6,12,16,16,33],"damage_taken":[{"damage":0,"enemies":"2 Louse","floor":2,"turns":3},{"damage":0,"enemies":"Small Slimes","floor":3,"turns":3},{"damage":20,"enemies":"3 Sentries","floor":6,"turns":10},{"damage":0,"enemies":"Jaw Worm","floor":8,"turns":3},{"damage":9,"enemies":"Gremlin Nob","floor":10,"turns":5},{"damage":0,"enemies":"Large Slime","floor":11,"turns":8},{"damage":32,"enemies":"3 Sentries","floor":12,"turns":12},{"damage":0,"enemies":"downfall:FleeingMerchant","floor":14,"turns":4},{"damage":0,"enemies":"Lots of Slimes","floor":15,"turns":5},{"damage":5,"enemies":"IC_STATUS_ARCHETYPE","floor":16,"turns":7},{"damage":0,"enemies":"3 Byrds","floor":19,"turns":6},{"damage":0,"enemies":"Chosen","floor":20,"turns":3},{"damage":4,"enemies":"Snecko","floor":22,"turns":4},{"damage":6,"enemies":"Snake Plant","floor":23,"turns":5},{"damage":0,"enemies":"3 Cultists","floor":25,"turns":3},{"damage":9,"enemies":"Snecko","floor":28,"turns":6},{"damage":0,"enemies":"Sentry and Sphere","floor":29,"turns":6},{"damage":0,"enemies":"3 Cultists","floor":32,"turns":4},{"damage":49,"enemies":"DF_ARCHETYPE_CLAW","floor":33,"turns":8}],"seed_played":"-6464369504066345925","potions_obtained":[{"floor":3,"key":"bronze:BuildAFunctionPotion"},{"floor":10,"key":"CultistPotion"},{"floor":11,"key":"SkillPotion"},{"floor":15,"key":"Regen Potion"},{"floor":16,"key":"sneckomod:MuddlingPotion"}],"is_trial":false,"path_per_floor":["R","M","M","?","?","E","T","M","R","E","M","E","R","$","M","B",null,"R","M","M","?","M","M","T","M","R","?","M","M","R","?","M","B"],"character_chosen":"THE_AUTOMATON","items_purchased":["Bag of Preparation","Peace Pipe"],"campfire_rested":1,"item_purchase_floors":[14,14],"current_hp_per_floor":[63,63,63,63,56,36,36,38,38,31,33,3,21,23,25,36,56,56,58,60,60,58,54,54,56,56,56,49,51,51,40,42,0,0,0],"gold":286,"neow_bonus":"TRANSFORM_TWO_CARDS","is_daily":false,"chose_seed":false,"campfire_upgraded":2,"win_rate":0.0,"timestamp":1613392010,"path_taken":["R","M","M","?","?","E","T","M","R","E","M","E","R","$","M","BOSS","R","M","M","?","M","M","T","M","R","?","M","?","R","?","M","BOSS"],"items_purchased_type":["Relic","Relic"],"build_version":"2020-12-22","purchased_purges":1,"victory":false,"max_hp_per_floor":[63,63,63,63,63,63,63,63,63,63,63,63,63,63,63,63,63,63,63,63,63,63,63,63,63,63,63,63,63,63,68,68,68,68,68],"relic_stats":{"Blood Vial":32,"Peace Pipe":3,"Sozu":3,"counters":[19,105],"Shuriken":[26],"Turnip":[41],"Pen Nib":[14],"Bag of Preparation":[22],"obtain_stats":[{"Blood Vial":7,"Peace Pipe":14,"Sozu":17,"CaptainsWheel":12,"Lantern":24,"bronze:BronzeCore":0,"Shuriken":6,"downfall:HeartBlessingGreen":13,"Turnip":5,"Pen Nib":10,"Bag of Preparation":14},{"Blood Vial":3,"Peace Pipe":8,"Sozu":10,"CaptainsWheel":7,"Lantern":14,"bronze:BronzeCore":0,"Shuriken":3,"downfall:HeartBlessingGreen":7,"Turnip":2,"Pen Nib":5,"Bag of Preparation":8},{"Blood Vial":16,"Peace Pipe":48,"Sozu":60,"CaptainsWheel":44,"Lantern":78,"bronze:BronzeCore":0,"Shuriken":16,"downfall:HeartBlessingGreen":44,"Turnip":6,"Pen Nib":24,"Bag of Preparation":48}]},"card_choices":[{"not_picked":["bronze:Frontload","bronze:Allocate"],"picked":"bronze:DelayedGuard","floor":2},{"not_picked":["bronze:WhirlingStrike","bronze:Shield"],"picked":"bronze:OilSpill","floor":3},{"not_picked":["bronze:Shield","bronze:WhirlingStrike"],"picked":"bronze:Safeguard","floor":6},{"not_picked":["bronze:Backtrace","bronze:Deprecate"],"picked":"bronze:Turbo","floor":8},{"not_picked":["bronze:ForceShield","bronze:Deprecate"],"picked":"bronze:DelayedGuard","floor":10},{"not_picked":["bronze:FineTuning","bronze:TinkerersToolbox"],"picked":"bronze:Branch","floor":11},{"not_picked":["bronze:WhirlingStrike","bronze:Constructor"],"picked":"bronze:HyperBeam","floor":12},{"not_picked":["bronze:Turbo","bronze:GetLatest","bronze:Backtrace"],"picked":"SKIP","floor":14},{"not_picked":["bronze:DelayedGuard","bronze:WildBeam","bronze:Optimize"],"picked":"SKIP","floor":15},{"not_picked":["bronze:ThunderWave","bronze:FindAndReplace"],"picked":"bronze:AlphaBuild","floor":16},{"not_picked":["bronze:BitShift","bronze:Turbo+1"],"picked":"bronze:Overheat","floor":19},{"not_picked":["bronze:Invalidate","bronze:Deprecate+1"],"picked":"bronze:ClassDefault+1","floor":20},{"not_picked":["bronze:Constructor","bronze:Iterate","bronze:Optimize"],"picked":"SKIP","floor":22},{"not_picked":["bronze:Separator","bronze:BitShift","bronze:Branch"],"picked":"SKIP","floor":23},{"not_picked":["bronze:Branch","bronze:Safeguard","bronze:Repair"],"picked":"SKIP","floor":29},{"not_picked":["bronze:TinkerersToolbox","bronze:WildBeam","bronze:Backtrace"],"picked":"SKIP","floor":32}],"player_experience":1793290,"relics_obtained":[{"floor":6,"key":"Shuriken"},{"floor":7,"key":"Blood Vial"},{"floor":10,"key":"Pen Nib"},{"floor":12,"key":"CaptainsWheel"},{"floor":24,"key":"Lantern"}],"event_choices":[{"damage_healed":0,"gold_gain":0,"player_choice":"Success","damage_taken":7,"relics_obtained":["Turnip"],"max_hp_gain":0,"max_hp_loss":0,"event_name":"Scrap Ooze","floor":5,"gold_loss":0}],"is_beta":false,"boss_relics":[{"not_picked":["Tiny House","Runic Dome"],"picked":"Sozu"}],"items_purged_floors":[14],"is_endless":false,"potions_floor_spawned":[3,10,11,15,16,19,23,28],"killed_by":"DF_ARCHETYPE_CLAW","ascension_level":13}}