{"host":"vpaavrwbmey593fx","time":1613353521,"event":{"mods":["AchievementEnabler","BaseMod","Bestiary","Colored Map","Colored Powertips","DeckTracker","Minty Spire (QoL Compilation)","Relic Sorter"],"gold_per_floor":[18,32,32,46,59,77,77,77,101,101,101,128,128,162,162,261,311,324,324,324,38,58,58,88,88,88,107,32,44,44,57,57,157,157,167,183,234,250,250,250],"floor_reached":39,"language":"ENG","playtime":2543,"items_purged":[],"score":662,"play_id":"bb9e1050-5f62-4f7c-a931-ae29034af381","local_time":"20210214174521","is_ascension_mode":true,"campfire_choices":[{"data":"Inflame","floor":8.0,"key":"SMITH"},{"data":"Havoc","floor":11.0,"key":"SMITH"},{"data":"Sword Boomerang","floor":13.0,"key":"SMITH"},{"data":"Entrench","floor":15.0,"key":"SMITH"},{"data":"Feel No Pain","floor":23.0,"key":"SMITH"},{"data":"Immolate","floor":25.0,"key":"SMITH"},{"floor":30.0,"key":"REST"},{"data":"Seeing Red","floor":32.0,"key":"SMITH"}],"circlet_count":0,"master_deck":["AscendersBane","Strike_R+1","Strike_R+1","Strike_R+1","Defend_R","Defend_R","Defend_R","Defend_R","Bash","Wild Strike","Carnage+1","Havoc+1","Disarm","Inflame+1","Sword Boomerang+1","Entrench+1","Dual Wield","Necronomicurse","Pommel Strike","Feel No Pain+1","Reaper","Spot Weakness","Immolate+1","True Grit","Power Through","Seeing Red+1","Feed","Shrug It Off+1","True Grit+1"],"relics":["Burning Blood","Orichalcum","Mango","MealTicket","Potion Belt","Tiny House","Necronomicon","Vajra","Strawberry","Frozen Egg 2","Fusion Hammer","Ginger"],"acts_visited":["Exordium","TheCity","TheBeyond"],"potions_floor_usage":[],"damage_taken":[{"damage":10.0,"enemies":"Small Slimes","floor":1.0,"turns":4.0},{"damage":1.0,"enemies":"Cultist","floor":2.0,"turns":3.0},{"damage":4.0,"enemies":"Jaw Worm","floor":4.0,"turns":3.0},{"damage":13.0,"enemies":"Large Slime","floor":5.0,"turns":4.0},{"damage":10.0,"enemies":"2 Fungi Beasts","floor":6.0,"turns":3.0},{"damage":22.0,"enemies":"Gremlin Nob","floor":12.0,"turns":4.0},{"damage":19.0,"enemies":"3 Sentries","floor":14.0,"turns":6.0},{"damage":24.0,"enemies":"Hexaghost","floor":16.0,"turns":8.0},{"damage":21.0,"enemies":"Spheric Guardian","floor":18.0,"turns":4.0},{"damage":10.0,"enemies":"Chosen","floor":22.0,"turns":4.0},{"damage":56.0,"enemies":"Gremlin Leader","floor":24.0,"turns":7.0},{"damage":12.0,"enemies":"Snake Plant","floor":27.0,"turns":3.0},{"damage":22.0,"enemies":"3 Cultists","floor":29.0,"turns":4.0},{"damage":5.0,"enemies":"Sentry and Sphere","floor":31.0,"turns":3.0},{"damage":102.0,"enemies":"Collector","floor":33.0,"turns":9.0},{"damage":0.0,"enemies":"3 Darklings","floor":35.0,"turns":1.0},{"damage":22.0,"enemies":"Orb Walker","floor":36.0,"turns":4.0},{"damage":34.0,"enemies":"2 Orb Walkers","floor":37.0,"turns":5.0},{"damage":52.0,"enemies":"Sphere and 2 Shapes","floor":38.0,"turns":5.0},{"damage":37,"enemies":"Writhing Mass","floor":39,"turns":3}],"seed_played":"-6552243512789960312","potions_obtained":[{"floor":1.0,"key":"Dexterity Potion"},{"floor":5.0,"key":"Block Potion"},{"floor":14.0,"key":"SteroidPotion"},{"floor":16.0,"key":"HeartOfIron"},{"floor":17.0,"key":"LiquidBronze"},{"floor":22.0,"key":"Fire Potion"},{"floor":24.0,"key":"CultistPotion"},{"floor":35.0,"key":"SteroidPotion"}],"is_trial":false,"path_per_floor":["M","M","?","M","M","M","?","R","T","?","R","E","R","E","R","B",null,"M","?","?","$","M","R","E","R","T","M","?","M","R","M","R","B",null,"M","M","?","M","M"],"character_chosen":"IRONCLAD","items_purchased":["Reaper","Vajra"],"campfire_rested":1,"item_purchase_floors":[21,21],"current_hp_per_floor":[82,87,87,89,82,78,94,94,94,75,75,59,59,46,46,28,83,68,52,52,67,79,79,52,52,52,46,46,30,60,66,66,13,81,87,79,61,35,0,0],"gold":250,"neow_bonus":"ONE_RARE_RELIC","is_daily":false,"chose_seed":false,"campfire_upgraded":7,"win_rate":0.0,"timestamp":1613353521,"path_taken":["M","M","?","?","M","M","?","R","T","?","R","E","R","E","R","BOSS","M","?","?","$","M","R","E","R","T","M","?","M","R","M","R","BOSS","M","M","?","M","M"],"items_purchased_type":["Card","Relic"],"build_version":"2020-12-22","purchased_purges":0,"victory":false,"max_hp_per_floor":[94,94,94,94,94,94,94,94,94,94,94,94,94,94,94,94,99,99,99,99,99,99,99,106,106,106,106,103,103,103,103,103,103,103,103,103,103,103,103,103],"card_choices":[{"not_picked":["Fire Breathing","Thunderclap"],"picked":"Wild Strike","floor":1.0},{"not_picked":["Wild Strike","Clothesline"],"picked":"Carnage","floor":2.0},{"not_picked":["Headbutt","Anger"],"picked":"Havoc","floor":4.0},{"not_picked":["Dropkick","Headbutt"],"picked":"Disarm","floor":5.0},{"not_picked":["Body Slam","Hemokinesis"],"picked":"Inflame","floor":6.0},{"not_picked":["Intimidate","Wild Strike"],"picked":"Sword Boomerang","floor":12.0},{"not_picked":["True Grit","Pummel"],"picked":"Entrench","floor":14.0},{"not_picked":["Power Through","Perfected Strike"],"picked":"Dual Wield","floor":17.0},{"not_picked":["Thunderclap+1","Rupture","Headbutt+1"],"picked":"SKIP","floor":18.0},{"not_picked":["Thunderclap+1","Cleave"],"picked":"Spot Weakness","floor":22.0},{"not_picked":["Clothesline","Heavy Blade+1"],"picked":"Immolate","floor":24.0},{"not_picked":["Havoc","Armaments"],"picked":"True Grit","floor":27.0},{"not_picked":["Cleave","Rage+1"],"picked":"Power Through","floor":29.0},{"not_picked":["Pummel+1","Infernal Blade+1"],"picked":"Seeing Red","floor":31.0},{"not_picked":["Corruption+1","Limit Break"],"picked":"Feed","floor":33.0},{"not_picked":["Burning Pact+1","Iron Wave+1"],"picked":"Shrug It Off+1","floor":35.0},{"not_picked":["Twin Strike","Havoc","Sword Boomerang+1"],"picked":"SKIP","floor":36.0},{"not_picked":["Iron Wave+1","Pummel+1"],"picked":"True Grit+1","floor":38.0}],"player_experience":358006,"relics_obtained":[{"floor":9.0,"key":"MealTicket"},{"floor":12.0,"key":"Orichalcum"},{"floor":14.0,"key":"Potion Belt"},{"floor":19.0,"key":"Necronomicon"},{"floor":24.0,"key":"Strawberry"},{"floor":26.0,"key":"Frozen Egg 2"},{"floor":37.0,"key":"Ginger"}],"event_choices":[{"damage_healed":0.0,"max_hp_gain":0.0,"max_hp_loss":0.0,"gold_gain":0.0,"event_name":"Upgrade Shrine","player_choice":"Upgraded","floor":3.0,"gold_loss":0.0,"damage_taken":0.0,"cards_upgraded":["Carnage"]},{"damage_healed":23.0,"max_hp_gain":0.0,"max_hp_loss":0.0,"gold_gain":0.0,"event_name":"Mushrooms","player_choice":"Healed and dodged fight","floor":7.0,"gold_loss":0.0,"damage_taken":0.0,"cards_obtained":["Parasite"]},{"damage_healed":0.0,"max_hp_gain":0.0,"max_hp_loss":0.0,"gold_gain":0.0,"event_name":"Shining Light","player_choice":"Entered Light","floor":10.0,"gold_loss":0.0,"damage_taken":19.0,"cards_upgraded":["Strike_R","Strike_R"]},{"damage_healed":0.0,"max_hp_gain":0.0,"max_hp_loss":0.0,"gold_gain":0.0,"event_name":"Cursed Tome","player_choice":"Obtained Book","floor":19.0,"gold_loss":0.0,"damage_taken":16.0},{"damage_healed":0.0,"max_hp_gain":0.0,"max_hp_loss":0.0,"gold_gain":0.0,"cards_transformed":["Strike_R","Strike_R"],"event_name":"Drug Dealer","player_choice":"Became Test Subject","floor":20.0,"gold_loss":0.0,"damage_taken":0.0,"cards_obtained":["Pommel Strike","Feel No Pain"]},{"cards_removed":["Parasite"],"damage_healed":0.0,"max_hp_gain":0.0,"max_hp_loss":0.0,"gold_gain":0.0,"event_name":"Beggar","player_choice":"Gave Gold","floor":28.0,"gold_loss":75.0,"damage_taken":0.0},{"damage_healed":0.0,"max_hp_gain":0.0,"max_hp_loss":0.0,"gold_gain":0.0,"event_name":"Mysterious Sphere","player_choice":"Fight","floor":37.0,"gold_loss":0.0,"damage_taken":0.0}],"is_beta":false,"boss_relics":[{"not_picked":["Busted Crown","Ectoplasm"],"picked":"Tiny House"},{"not_picked":["Mark of Pain","Runic Dome"],"picked":"Fusion Hammer"}],"items_purged_floors":[],"is_endless":false,"potions_floor_spawned":[1,5,14,16,22,24,35],"killed_by":"Writhing Mass","ascension_level":11}}