{"host":"kpyf5rnb72uwap8k","time":1613403698,"event":{"mods":["AchievementEnabler","BaseMod","Colored Map","Colored Powertips","DeckTracker","Minty Spire (QoL Compilation)","Permanent Neow","Quick Restart","StSLib","SuperFastMode"],"gold_per_floor":[115,115,132,147,147,147,175,175,224,224,250,266,266,286,286,391,391,404,414,414,2,101,101,183,183,234,249,275,132,132,144,144,243,243,260,273,0,16,31,359,195,209,232,232,245,245,245,299,299,299,299],"floor_reached":50,"language":"KOR","playtime":985,"items_purged":["Defend_R"],"score":650,"play_id":"e553da4e-88b9-40f2-9615-e5abc3d41cd0","local_time":"20210216004138","is_ascension_mode":true,"campfire_choices":[{"data":"Perfected Strike","floor":6.0,"key":"SMITH"},{"data":"Bash","floor":8.0,"key":"SMITH"},{"data":"Pommel Strike","floor":10.0,"key":"SMITH"},{"floor":13.0,"key":"REST"},{"data":"Perfected Strike","floor":15.0,"key":"SMITH"},{"data":"Perfected Strike","floor":23.0,"key":"SMITH"},{"data":"Fire Breathing","floor":25.0,"key":"SMITH"},{"floor":30.0,"key":"REST"},{"floor":32.0,"key":"REST"},{"floor":44.0,"key":"REST"},{"data":"True Grit","floor":47,"key":"SMITH"},{"data":"Double Tap","floor":49,"key":"SMITH"}],"circlet_count":0,"master_deck":["Strike_R","Strike_R","Strike_R","Strike_R","Strike_R","Defend_R","Defend_R","Bash+1","Perfected Strike+1","Pommel Strike+1","Battle Trance","Perfected Strike+1","Perfected Strike+1","Wild Strike","Pommel Strike+1","Shrug It Off","Double Tap+1","Seeing Red","Double Tap","Perfected Strike+1","Pommel Strike","Wild Strike+1","Shrug It Off","True Grit+1","Panacea","Parasite"],"relics":["Burning Blood","NeowsBlessing","Ancient Tea Set","Akabeko","Blood Vial","Mummified Hand","Empty Cage","DollysMirror","Happy Flower","Shuriken","Strawberry","PreservedInsect","Mark of Pain","Red Mask","Old Coin","Pen Nib","Charon\u0027s Ashes"],"acts_visited":["Exordium","TheCity","TheBeyond"],"potions_floor_usage":[50,50],"damage_taken":[{"damage":0.0,"enemies":"Cultist","floor":1.0,"turns":1.0},{"damage":0.0,"enemies":"2 Louse","floor":3.0,"turns":1.0},{"damage":0.0,"enemies":"Jaw Worm","floor":4.0,"turns":1.0},{"damage":35.0,"enemies":"Gremlin Nob","floor":7.0,"turns":4.0},{"damage":21.0,"enemies":"Lagavulin","floor":11.0,"turns":3.0},{"damage":28.0,"enemies":"Gremlin Gang","floor":12.0,"turns":3.0},{"damage":12.0,"enemies":"Looter","floor":14.0,"turns":3.0},{"damage":23.0,"enemies":"Slime Boss","floor":16.0,"turns":5.0},{"damage":12.0,"enemies":"2 Thieves","floor":18.0,"turns":4.0},{"damage":23.0,"enemies":"Shell Parasite","floor":19.0,"turns":4.0},{"damage":24.0,"enemies":"Snake Plant","floor":27.0,"turns":2.0},{"damage":30.0,"enemies":"Gremlin Leader","floor":28.0,"turns":5.0},{"damage":6.0,"enemies":"Shelled Parasite and Fungi","floor":31.0,"turns":2.0},{"damage":58.0,"enemies":"Collector","floor":33.0,"turns":4.0},{"damage":3.0,"enemies":"3 Shapes","floor":35.0,"turns":3.0},{"damage":19.0,"enemies":"3 Darklings","floor":36.0,"turns":3.0},{"damage":0.0,"enemies":"Spire Growth","floor":38.0,"turns":2.0},{"damage":22.0,"enemies":"Sphere and 2 Shapes","floor":39.0,"turns":3.0},{"damage":38.0,"enemies":"Reptomancer","floor":40.0,"turns":4.0},{"damage":3.0,"enemies":"Jaw Worm Horde","floor":42.0,"turns":3.0},{"damage":4,"enemies":"Writhing Mass","floor":45,"turns":3},{"damage":9,"enemies":"2 Orb Walkers","floor":48,"turns":3},{"damage":96,"enemies":"Awakened One","floor":50,"turns":6}],"seed_played":"-3308322169225807761","potions_obtained":[{"floor":3.0,"key":"SneckoOil"},{"floor":7.0,"key":"CultistPotion"},{"floor":11.0,"key":"ElixirPotion"},{"floor":16.0,"key":"SteroidPotion"},{"floor":28.0,"key":"Weak Potion"},{"floor":33.0,"key":"CultistPotion"},{"floor":35.0,"key":"GamblersBrew"},{"floor":38.0,"key":"HeartOfIron"},{"floor":40.0,"key":"Swift Potion"}],"is_trial":false,"path_per_floor":["M","?","M","M","?","R","E","R","T","R","E","M","R","M","R","B",null,"M","M","?","$","?","R","T","R","T","M","E","$","R","M","R","B",null,"M","M","?","M","M","E","$","M","T","R","M","?","R","?","R","B"],"character_chosen":"IRONCLAD","items_purchased":["Wild Strike","Fire Breathing","DollysMirror","Happy Flower","Seeing Red","Shrug It Off","True Grit","Panacea"],"campfire_rested":4,"item_purchase_floors":[21,21,21,21,29,41,41,41],"current_hp_per_floor":[80,80,80,80,80,80,51,51,51,51,38,18,42,38,38,23,80,74,59,44,44,44,44,44,44,51,35,13,13,40,42,69,19,92,92,79,79,87,73,43,43,48,48,75,79,79,79,78,78,0,0],"gold":299,"neow_bonus":"THREE_ENEMY_KILL","is_daily":false,"chose_seed":false,"campfire_upgraded":8,"win_rate":0.0,"timestamp":1613403698,"path_taken":["M","?","M","M","?","R","E","R","T","R","E","?","R","M","R","BOSS","M","?","?","$","?","R","?","R","T","M","E","$","R","M","R","BOSS","M","M","?","M","M","E","$","M","T","R","M","?","R","?","R","BOSS"],"items_purchased_type":["Card","Card","Relic","Relic","Card","Card","Card","Card"],"build_version":"2020-12-22","purchased_purges":1,"victory":false,"max_hp_per_floor":[80,80,80,80,80,80,80,80,80,80,80,80,80,80,80,80,80,80,80,85,85,85,85,85,85,92,92,92,92,92,92,92,92,92,92,92,92,92,92,92,92,92,92,92,92,92,92,92,92,92,92],"card_choices":[{"not_picked":["Anger","Clothesline"],"picked":"Perfected Strike","floor":1.0},{"not_picked":["Body Slam","Bloodletting"],"picked":"Pommel Strike","floor":3.0},{"not_picked":["Rampage","Dark Embrace","Metallicize"],"picked":"SKIP","floor":4.0},{"not_picked":["Rampage","True Grit","Rupture"],"picked":"SKIP","floor":7.0},{"not_picked":["Thunderclap","Heavy Blade","Spot Weakness"],"picked":"SKIP","floor":11.0},{"not_picked":["Inflame","Body Slam"],"picked":"Battle Trance","floor":12.0},{"not_picked":["Rupture","Clash"],"picked":"Perfected Strike","floor":14.0},{"not_picked":["Clothesline","Shrug It Off"],"picked":"Perfected Strike","floor":18.0},{"not_picked":["Flex","Warcry","Body Slam+1"],"picked":"SKIP","floor":19.0},{"not_picked":["Whirlwind+1","Clothesline"],"picked":"Shrug It Off","floor":27.0},{"not_picked":["Searing Blow+1","Entrench"],"picked":"Double Tap","floor":28.0},{"not_picked":["Thunderclap","Whirlwind+1","Warcry"],"picked":"SKIP","floor":31.0},{"not_picked":["Reaper","Feed"],"picked":"Double Tap","floor":33.0},{"not_picked":["Dropkick+1","Dark Embrace","Sword Boomerang+1"],"picked":"SKIP","floor":35.0},{"not_picked":["True Grit+1","Spot Weakness"],"picked":"Perfected Strike+1","floor":36.0},{"not_picked":["Cleave+1","Havoc+1","Warcry"],"picked":"SKIP","floor":38.0},{"not_picked":["Fiend Fire","Wild Strike+1"],"picked":"Pommel Strike","floor":39.0},{"not_picked":["Dark Embrace+1","Sever Soul"],"picked":"Wild Strike+1","floor":40.0},{"not_picked":["Thunderclap+1","Clothesline","Dropkick+1"],"picked":"SKIP","floor":42.0},{"not_picked":["Metallicize+1","Feel No Pain","Second Wind+1"],"picked":"SKIP","floor":45}],"player_experience":276098,"relics_obtained":[{"floor":7.0,"key":"Akabeko"},{"floor":9.0,"key":"Blood Vial"},{"floor":11.0,"key":"Mummified Hand"},{"floor":24.0,"key":"Shuriken"},{"floor":26.0,"key":"Strawberry"},{"floor":28.0,"key":"PreservedInsect"},{"floor":40.0,"key":"Old Coin"},{"floor":43.0,"key":"Pen Nib"},{"floor":48,"key":"Charon\u0027s Ashes"}],"event_choices":[{"damage_healed":0.0,"max_hp_gain":0.0,"max_hp_loss":0.0,"gold_gain":0.0,"event_name":"The Cleric","player_choice":"Leave","floor":2.0,"gold_loss":0.0,"damage_taken":0.0},{"damage_healed":0.0,"max_hp_gain":0.0,"max_hp_loss":0.0,"gold_gain":0.0,"event_name":"Big Fish","player_choice":"Box","floor":5.0,"gold_loss":0.0,"damage_taken":0.0,"relics_obtained":["Ancient Tea Set"],"cards_obtained":["Regret"]},{"damage_healed":0.0,"max_hp_gain":5.0,"max_hp_loss":0.0,"gold_gain":0.0,"event_name":"Forgotten Altar","player_choice":"Shed Blood","floor":20.0,"gold_loss":0.0,"damage_taken":20.0},{"damage_healed":0.0,"max_hp_gain":0.0,"max_hp_loss":0.0,"gold_gain":99.0,"event_name":"Nest","player_choice":"Stole From Cult","floor":22.0,"gold_loss":0.0,"damage_taken":0.0},{"damage_healed":0.0,"max_hp_gain":0.0,"max_hp_loss":0.0,"gold_gain":0.0,"event_name":"Tomb of Lord Red Mask","player_choice":"Paid","floor":37.0,"gold_loss":273.0,"damage_taken":0.0,"relics_obtained":["Red Mask"]},{"cards_removed":["Fire Breathing"],"damage_healed":0,"gold_gain":0,"player_choice":"Removed Power","damage_taken":0,"max_hp_gain":0,"max_hp_loss":0,"event_name":"Falling","floor":46,"gold_loss":0},{"damage_healed":0,"gold_gain":0,"player_choice":"Fight","damage_taken":0,"max_hp_gain":0,"max_hp_loss":0,"event_name":"Mysterious Sphere","floor":48,"gold_loss":0}],"is_beta":false,"boss_relics":[{"not_picked":["Fusion Hammer","Coffee Dripper"],"picked":"Empty Cage"},{"not_picked":["Philosopher\u0027s Stone","Cursed Key"],"picked":"Mark of Pain"}],"items_purged_floors":[29],"is_endless":false,"potions_floor_spawned":[3,7,11,12,16,28,33,35,38,40,45],"killed_by":"Awakened One","ascension_level":4}}