{"host":"2d926qfvvz477zl6","time":1613355869,"event":{"mods":["Aspiration","BaseMod","Bossed Relics","Challenge The Spire","Conspire","Downfall","Energized Spire","GungeonMod","Halation","Hermit","Hubris","Infinite Spire","Marked Mod","Minty Spire (QoL Compilation)","Morshu Shopkeeper","Rare Cards Sparkle","Reliquary","Replay The Spire","Retaliation","Shedinja","Somnambulant","Spicy Shops","StSLib","Td1madao Mod","The Blue Laboratory","The Bug Knight","The Disciple","The Hierophant","The IronCluck","The Senshi","Wandering Minibosses","Wide Potions","everything is the same but u backflip on backflip","slay the spire mod where everything is the same but ironclad has a cowboy hat"],"gold_per_floor":[99,35,35,45,65,65,92,111,129,29,43,43,28,40,55,152,152,152,166,176,176,189,189,189,221,221,221,233,252,265,265,278,373,373,273,283,167,181,198,233,233,233,244,144,154,154,154,154,172,172,172,206,17,17,17,17,17,17],"floor_reached":56,"language":"ENG","playtime":2604,"items_purged":["bronze:Strike","bronze:Strike"],"score":770,"play_id":"a921e88e-fa94-489c-83d1-2ef15472a034","local_time":"20210214212429","is_ascension_mode":false,"campfire_choices":[{"floor":1,"key":"RECALL"},{"data":"bronze:Virus","floor":6,"key":"SMITH"},{"data":"bronze:OilSpill","floor":10,"key":"SMITH"},{"data":"bronze:HardenedForm","floor":12,"key":"SMITH"},{"data":"bronze:RecursiveStrike","floor":18,"key":"SMITH"},{"data":"ReplayTheSpireMod:Faulty Equipment","floor":23,"key":"SMITH"},{"data":"bronze:RecursiveStrike","floor":35,"key":"SMITH"},{"data":"bronze:OilSpill","floor":44,"key":"SMITH"},{"data":"bronze:OilSpill","floor":46,"key":"SMITH"},{"data":"bronze:BuggyMess","floor":54,"key":"SMITH"}],"circlet_count":0,"master_deck":["bronze:Defend","bronze:Defend","bronze:Defend","bronze:Replicate","bronze:Goto","bronze:Boost","bronze:DelayedSlice","bronze:FineTuning","bronze:HardenedForm+1","bronze:Virus+1","bronze:CutThrough","bronze:Turbo","bronze:Iterate","bronze:OilSpill+1","bronze:ThunderWave","bronze:OilSpill+1","bronze:RecursiveStrike+1","bronze:Virus","bronze:Format","bronze:CutThrough","bronze:WhirlingStrike","bronze:Flail+1","bronze:DelayedGuard+1","bronze:DigitalCarnage+1","bronze:Flail+1","bronze:OilSpill+1","bronze:RecursiveStrike+1","bronze:OilSpill+1","bronze:DelayedSlice","bronze:BuggyMess+1","bronze:ChildClass+1","bronze:OilSpill+1","bronze:BuggyMess+1","bronze:Branch+1","Doubt","bronze:BronzeOrb+1","bronze:BronzeOrb","bronze:Flail","Clumsy"],"relics":["bronze:BronzeCore","halation:LettersToHer","downfall:HeartBlessingRed","reliquary:WritOfMandamus","Coffee Dripper","infinitespire:CursedDice","DemoMod:DecoyRelic","hexamod:BolsterEngine","infinitespire:Cupcake","downfall:HeartBlessingBlue","Potion Belt","Lee\u0027s Waffle","Replay:Mystery Machine","aspiration:SeaSaltIceCream","aspiration:Nostalgia","hierophant:PropheticMaskRelic","hexamod:CandleOfCauterizing","hubris:Towel","downfall:HeartBlessingGreen","hubris:Icosahedron","aspiration:VileToxins","hubris:EmptyBottle"],"acts_visited":["Exordium","TheCity","TheBeyond","TheEnding"],"potions_floor_usage":[16,29,33,33,40,45,50,55,56,56],"damage_taken":[{"damage":10,"enemies":"downfall:FleeingMerchant","floor":2,"turns":4},{"damage":0,"enemies":"Jaw Worm","floor":4,"turns":3},{"damage":0,"enemies":"Cultist","floor":5,"turns":2},{"damage":3,"enemies":"Small Slimes","floor":8,"turns":2},{"damage":1,"enemies":"2 Fungi Beasts","floor":9,"turns":4},{"damage":11,"enemies":"Blue Slaver","floor":11,"turns":2},{"damage":0,"enemies":"downfall:FleeingMerchant","floor":13,"turns":4},{"damage":9,"enemies":"downfall:LooterAlt","floor":14,"turns":2},{"damage":5,"enemies":"2 Fungi Beasts","floor":15,"turns":2},{"damage":7,"enemies":"IC_STATUS_ARCHETYPE","floor":16,"turns":3},{"damage":0,"enemies":"Shell Parasite","floor":19,"turns":1},{"damage":10,"enemies":"Spheric Guardian","floor":20,"turns":3},{"damage":12,"enemies":"Snecko","floor":22,"turns":3},{"damage":19,"enemies":"Slavers","floor":25,"turns":3},{"damage":0,"enemies":"Cultist and Chosen","floor":28,"turns":2},{"damage":5,"enemies":"Chosen and Byrds","floor":29,"turns":3},{"damage":0,"enemies":"Sentry and Sphere","floor":30,"turns":1},{"damage":0,"enemies":"Snecko","floor":32,"turns":2},{"damage":34,"enemies":"SI_MIRROR_ARCHETYPE","floor":33,"turns":5},{"damage":4,"enemies":"3 Darklings","floor":36,"turns":3},{"damage":20,"enemies":"downfall:FleeingMerchant","floor":37,"turns":3},{"damage":0,"enemies":"Orb Walker","floor":38,"turns":1},{"damage":12,"enemies":"Writhing Mass","floor":39,"turns":3},{"damage":16,"enemies":"Giant Head","floor":40,"turns":6},{"damage":0,"enemies":"4 Shapes","floor":43,"turns":2},{"damage":25,"enemies":"Maw","floor":45,"turns":3},{"damage":0,"enemies":"Transient","floor":49,"turns":5},{"damage":74,"enemies":"WA_ARCHETYPE_DIVINITY","floor":50,"turns":4},{"damage":0,"enemies":"downfall:CharBossMerchant","floor":52,"turns":3},{"damage":2,"enemies":"downfall:NeowBoss","floor":55,"turns":11},{"damage":96,"enemies":"downfall:NeowBossFinal","floor":56,"turns":3}],"seed_played":"1357852741275111204","potions_obtained":[{"floor":8,"key":"SpeedPotion"},{"floor":14,"key":"SpeedPotion"},{"floor":15,"key":"blueLaboratory:FruitPunch"},{"floor":16,"key":"SkillPotion"},{"floor":27,"key":"CultistPotion"},{"floor":29,"key":"Elixir"},{"floor":36,"key":"blueLaboratory:BottledHope"},{"floor":49,"key":"blueLaboratory:FruitPunch"},{"floor":52,"key":"DemoMod:LeadSkinPotion"}],"is_trial":false,"path_per_floor":["R","$","?","M","M","R","T","M","M","R","M","R","$","M","M","B",null,"R","M","M","AVR","M","R","T","E","?","?","M","M","M","T","M","B",null,"R","M","$","M","M","E","T","?","M","R","M","R","?","?","M","B",null,"E","$","R","B","B"],"character_chosen":"THE_AUTOMATON","items_purchased":["bronze:DelayedSlice","Potion Belt","Lee\u0027s Waffle","Replay:Mystery Machine","bronze:Flail","DDmod:CleansePotion","hubris:EmptyBottle"],"campfire_rested":0,"item_purchase_floors":[2,37,37,37,53,53,53],"current_hp_per_floor":[77,67,67,67,67,67,67,64,63,63,52,52,52,43,38,33,79,79,79,69,69,57,57,57,38,38,38,38,33,33,33,33,28,79,89,85,96,96,84,68,68,68,68,68,43,43,43,96,96,24,98,98,98,98,96,0,0,0],"gold":17,"neow_bonus":"TEN_PERCENT_HP_BONUS","is_daily":false,"chose_seed":false,"campfire_upgraded":9,"win_rate":0.0,"timestamp":1613355869,"path_taken":["R","$","?","M","?","R","T","M","M","R","?","R","$","M","M","BOSS","R","M","M","AVR","M","R","T","E","?","?","M","M","M","?","M","BOSS","R","M","$","M","M","E","T","?","M","R","M","R","?","?","M","BOSS","E","$","R","BOSS","BOSS"],"items_purchased_type":["Card","Relic","Relic","Relic","Card","Potion","Relic"],"build_version":"2020-12-22","purchased_purges":2,"victory":false,"max_hp_per_floor":[77,77,77,77,77,77,77,77,77,77,77,77,77,77,77,79,79,79,79,79,79,79,79,79,79,79,79,79,79,79,79,79,79,79,89,89,96,96,96,96,96,96,96,96,96,96,96,96,96,98,98,98,98,98,98,98,98,98],"card_choices":[{"not_picked":["bronze:BronzeArmor","bronze:ChildClass"],"picked":"bronze:Boost","floor":2},{"not_picked":["bronze:BronzeArmor","bronze:BitShift"],"picked":"bronze:CutThrough","floor":4},{"not_picked":["bronze:BitShift","bronze:Deprecate"],"picked":"bronze:Turbo","floor":5},{"not_picked":["bronze:CleanCode","bronze:WhirlingStrike"],"picked":"bronze:Iterate","floor":8},{"not_picked":["bronze:Branch","bronze:WildBeam"],"picked":"bronze:OilSpill","floor":9},{"not_picked":["bronze:BuggyMess","bronze:FineTuning"],"picked":"bronze:ThunderWave","floor":11},{"not_picked":["bronze:DelayedSlice","bronze:Flail"],"picked":"bronze:OilSpill","floor":13},{"not_picked":["bronze:BitShift","bronze:Shell"],"picked":"bronze:RecursiveStrike","floor":14},{"not_picked":["bronze:DelayedSlice","bronze:Turbo"],"picked":"bronze:Virus","floor":15},{"not_picked":["bronze:HyperBeam","bronze:FindAndReplace"],"picked":"bronze:Format","floor":16},{"not_picked":["bronze:Overload+1","bronze:DarkDash"],"picked":"bronze:CutThrough","floor":19},{"not_picked":["bronze:Fortify","bronze:BugBarrage"],"picked":"bronze:WhirlingStrike","floor":20},{"not_picked":["bronze:ItsAFeature","bronze:FineTuning","bronze:Optimize"],"picked":"SKIP","floor":22},{"not_picked":["bronze:NullPointer+1","bronze:BugBarrage"],"picked":"bronze:Flail+1","floor":25},{"not_picked":["bronze:Deprecate","bronze:SpaghettiCode"],"picked":"bronze:DelayedGuard+1","floor":28},{"not_picked":["bronze:BugBarrage","bronze:ChildClass"],"picked":"bronze:DigitalCarnage+1","floor":29},{"not_picked":["bronze:CleanCode","bronze:Iterate"],"picked":"bronze:Flail+1","floor":30},{"not_picked":["bronze:Repulsor","bronze:BronzeArmor"],"picked":"bronze:OilSpill+1","floor":32},{"not_picked":["bronze:CleanCode","bronze:FindAndReplace"],"picked":"bronze:RecursiveStrike","floor":33},{"not_picked":["bronze:Shell+1","bronze:Invalidate"],"picked":"bronze:OilSpill","floor":36},{"not_picked":["bronze:Deprecate+1","bronze:Format"],"picked":"bronze:DelayedSlice","floor":37},{"not_picked":["bronze:Philosophize","bronze:FineTuning+1"],"picked":"bronze:BuggyMess","floor":38},{"not_picked":["bronze:GetLatest+1","bronze:CutThrough+1"],"picked":"bronze:ChildClass+1","floor":39},{"not_picked":["bronze:Backtrace","bronze:Iterate"],"picked":"bronze:OilSpill","floor":40},{"not_picked":["bronze:CutThrough","bronze:BurnOut"],"picked":"bronze:BuggyMess+1","floor":43},{"not_picked":["bronze:Overheat","bronze:DelayedSlice+1"],"picked":"bronze:Branch+1","floor":45},{"not_picked":["bronze:Deprecate+1","bronze:Overheat+1"],"picked":"bronze:BronzeOrb+1","floor":49},{"not_picked":["bronze:Overheat","bronze:ChildClass"],"picked":"bronze:BronzeOrb","floor":52}],"player_experience":425650,"relics_obtained":[{"floor":7,"key":"halation:LettersToHer"},{"floor":24,"key":"halation:LettersToHer"},{"floor":24,"key":"DemoMod:DecoyRelic"},{"floor":25,"key":"hexamod:BolsterEngine"},{"floor":31,"key":"halation:LettersToHer"},{"floor":40,"key":"aspiration:SeaSaltIceCream"},{"floor":41,"key":"halation:LettersToHer"},{"floor":41,"key":"hexamod:CandleOfCauterizing"},{"floor":52,"key":"aspiration:VileToxins"}],"event_choices":[],"is_beta":false,"boss_relics":[{"not_picked":["Tiny House","Runic Pyramid"],"picked":"reliquary:WritOfMandamus"},{"not_picked":["Snecko Heart","SlaversCollar"],"picked":"infinitespire:Cupcake"}],"items_purged_floors":[21,37],"is_endless":false,"potions_floor_spawned":[8,14,15,16,19,29,32,36,49,52],"killed_by":"downfall:NeowBossFinal","ascension_level":0}}