{"host":"na09lpbrez4gbfiz","time":1613419289,"event":{"mods":["Act Like it!","BaseMod","BetterRewards","Colored Map","Colored Powertips","DeckTracker","Googly Eyes","Highlight Path","Minty Spire (QoL Compilation)","Quick Restart","Spicy Shops","StSLib","SuperFastMode","Synergy Search"],"gold_per_floor":[119,119,119,136,66,66,85,85,85,103,132,194,144,144,144,144,144],"floor_reached":16,"language":"ENG","playtime":185,"items_purged":[],"score":167,"play_id":"e8cc916c-f177-4f7b-9709-773109350246","local_time":"20210215210129","is_ascension_mode":true,"campfire_choices":[{"data":"Fire Breathing","floor":6,"key":"SMITH"},{"data":"Bash","floor":8,"key":"SMITH"},{"floor":15,"key":"REST"}],"circlet_count":0,"master_deck":["AscendersBane","Strike_R","Strike_R","Strike_R","Strike_R","Defend_R","Defend_R","Defend_R","Defend_R","Bash+1","Fire Breathing+1","True Grit"],"relics":["Burning Blood","NeowsBlessing","Ice Cream","Bag of Marbles","Anchor","HornCleat"],"acts_visited":["Exordium"],"potions_floor_usage":[],"damage_taken":[{"damage":0,"enemies":"Small Slimes","floor":1,"turns":1},{"damage":0,"enemies":"Cultist","floor":4,"turns":1},{"damage":0,"enemies":"Jaw Worm","floor":7,"turns":1},{"damage":7,"enemies":"Large Slime","floor":10,"turns":5},{"damage":48,"enemies":"Lagavulin","floor":11,"turns":9},{"damage":0,"enemies":"The Guardian","floor":16,"turns":1}],"seed_played":"-633748358034367204","potions_obtained":[{"floor":1,"key":"Strength Potion"},{"floor":4,"key":"SpeedPotion"}],"is_trial":false,"path_per_floor":["M","$","?","M","$","R","M","R","T","M","E","?","?","?","R","B"],"character_chosen":"IRONCLAD","items_purchased":["Ice Cream"],"campfire_rested":1,"item_purchase_floors":[5],"current_hp_per_floor":[74,74,74,75,75,75,75,75,75,74,32,32,32,25,47,47,47],"gold":144,"neow_bonus":"THREE_ENEMY_KILL","is_daily":false,"chose_seed":false,"campfire_upgraded":2,"win_rate":0.0,"timestamp":1613419289,"path_taken":["M","$","?","?","$","R","M","R","T","M","E","?","?","?","R","BOSS"],"items_purchased_type":["Relic"],"build_version":"2020-12-22","purchased_purges":0,"victory":false,"max_hp_per_floor":[75,75,75,75,75,75,75,75,75,75,75,75,75,75,75,75,75],"card_choices":[{"not_picked":["Bloodletting","Armaments","Cleave"],"picked":"SKIP","floor":1},{"not_picked":["Clash","Sword Boomerang"],"picked":"Fire Breathing","floor":4},{"not_picked":["Thunderclap","Clothesline","Searing Blow"],"picked":"SKIP","floor":7},{"not_picked":["Dual Wield","Thunderclap","Rage"],"picked":"SKIP","floor":10},{"not_picked":["Shrug It Off","Pommel Strike"],"picked":"True Grit","floor":11}],"player_experience":219205,"relics_obtained":[{"floor":9,"key":"Bag of Marbles"},{"floor":11,"key":"Anchor"}],"event_choices":[{"damage_healed":0,"gold_gain":0,"player_choice":"Bought 0 Potions","damage_taken":0,"max_hp_gain":0,"max_hp_loss":0,"event_name":"The Woman in Blue","floor":3,"gold_loss":0},{"damage_healed":0,"gold_gain":62,"player_choice":"Gained Gold","damage_taken":0,"max_hp_gain":0,"max_hp_loss":0,"event_name":"Golden Wing","floor":12,"gold_loss":0},{"cards_removed":["Strike_R"],"damage_healed":0,"gold_gain":0,"player_choice":"Card Removal","damage_taken":0,"max_hp_gain":0,"max_hp_loss":0,"event_name":"The Cleric","floor":13,"gold_loss":50},{"damage_healed":0,"gold_gain":0,"player_choice":"Success","damage_taken":7,"relics_obtained":["HornCleat"],"max_hp_gain":0,"max_hp_loss":0,"event_name":"Scrap Ooze","floor":14,"gold_loss":0}],"is_beta":false,"boss_relics":[],"items_purged_floors":[],"is_endless":false,"potions_floor_spawned":[1,4,7,11],"killed_by":"The Guardian","ascension_level":14}}