{"host":"gyvm9iplrwbfzexe","time":1613432675,"event":{"mods":["BaseMod","Minty Spire (QoL Compilation)","StSLib","The Cursed"],"gold_per_floor":[110,285,356,372,372,388,402,422,476,476,476],"floor_reached":10,"language":"ENG","playtime":873,"items_purged":[],"score":60,"play_id":"34d734dd-3c64-4324-8edb-054d4bb89485","local_time":"20210215174435","is_ascension_mode":false,"campfire_choices":[],"circlet_count":0,"master_deck":["TheCursedMod:Strike_TheCursed","TheCursedMod:Strike_TheCursed","TheCursedMod:Strike_TheCursed","TheCursedMod:Strike_TheCursed","TheCursedMod:Defend_TheCursed","TheCursedMod:Defend_TheCursed","TheCursedMod:Defend_TheCursed","TheCursedMod:Defend_TheCursed","TheCursedMod:CursedWand","TheCursedMod:CleanUpWorkshop","TheCursedMod:Dregs","TheCursedMod:SpitefulStrike","Doubt","TheCursedMod:Obscuration","TheCursedMod:Wield","TheCursedMod:TroublousMinions","TheCursedMod:FleshFromBone"],"relics":["TheCursedMod:BlackMagic101","NeowsBlessing","Eternal Feather","Pantograph","Regal Pillow"],"acts_visited":["Exordium"],"potions_floor_usage":[],"damage_taken":[{"damage":0,"enemies":"Small Slimes","floor":1,"turns":1},{"damage":0,"enemies":"Jaw Worm","floor":4,"turns":1},{"damage":0,"enemies":"Cultist","floor":6,"turns":1},{"damage":6,"enemies":"Exordium Thugs","floor":7,"turns":8},{"damage":18,"enemies":"Lots of Slimes","floor":8,"turns":6},{"damage":67,"enemies":"Gremlin Nob","floor":10,"turns":6}],"seed_played":"4574239417230774917","potions_obtained":[{"floor":6,"key":"SpeedPotion"}],"is_trial":false,"path_per_floor":["M","?","T","M","T","M","M","M","T","E"],"character_chosen":"THE_CURSED","items_purchased":[],"campfire_rested":0,"item_purchase_floors":[],"current_hp_per_floor":[75,75,75,75,75,75,69,51,51,0,0],"gold":476,"neow_bonus":"THREE_ENEMY_KILL","is_daily":false,"chose_seed":false,"campfire_upgraded":0,"win_rate":0.0,"timestamp":1613432675,"path_taken":["M","?","?","?","?","M","M","?","T","E"],"items_purchased_type":[],"build_version":"2020-12-22","purchased_purges":0,"victory":false,"max_hp_per_floor":[75,75,75,75,75,75,75,75,75,75,75],"card_choices":[{"not_picked":["TheCursedMod:CursedShiv","TheCursedMod:ManaBullet"],"picked":"TheCursedMod:SpitefulStrike","floor":1},{"not_picked":["TheCursedMod:CursedBoomerang","TheCursedMod:Mangle"],"picked":"TheCursedMod:Obscuration","floor":4},{"not_picked":["TheCursedMod:BlessingInDisguise","TheCursedMod:Stretching"],"picked":"TheCursedMod:Wield","floor":6},{"not_picked":["TheCursedMod:Hemoplague","TheCursedMod:RapidMovement"],"picked":"TheCursedMod:TroublousMinions","floor":7},{"not_picked":["TheCursedMod:Obscuration","TheCursedMod:ForbiddenAlchemy"],"picked":"TheCursedMod:FleshFromBone","floor":8}],"player_experience":40014,"relics_obtained":[{"floor":3,"key":"Eternal Feather"},{"floor":5,"key":"Pantograph"},{"floor":9,"key":"Regal Pillow"}],"event_choices":[{"damage_healed":0,"gold_gain":175,"player_choice":"AGREE","damage_taken":0,"max_hp_gain":0,"max_hp_loss":0,"event_name":"Liars Game","floor":2,"gold_loss":0,"cards_obtained":["Doubt"]}],"is_beta":false,"boss_relics":[],"items_purged_floors":[],"is_endless":false,"potions_floor_spawned":[6],"killed_by":"Gremlin Nob","ascension_level":0}}