{"host":"2i1pijcp2h7bc3zy","time":1613370564,"event":{"mods":["2.2 Compatiblity","Abigail Mod","Aspiration","Bartender","BaseMod","Beaked The Cultist","BetterRewards","CapriCore","Colored Map","Defuse TimeMaze Blight","Friendly Minions","Gold Saver","Hubris","Infinite Spire","Koishi","Magitek Elite","Minty Spire (QoL Compilation)","Permanent Neow","Random Character Button","Relic Filter","Relic Sorter","Remilia??????","Reorder Act Four","Replay The Spire","Shade Mod","Shop Mod","StSLib","The Administrix","The Immortal","The Senshi","The Servant 0.9.4","TheSwordswoman","????"],"gold_per_floor":[109,68,68,68,79,110,110,142,142,155,155,171,190,223,223,297,297,313,328,528,545,545,545,574,574,574,609,628,640,670,680,680,802,802,870,947,947,1021,878,970,970,1059,1085,1190,1279,951,1025,1106,1106,1106,1106,870,538,605,605],"floor_reached":56,"language":"ENG","playtime":3075,"items_purged":["Strike_RM","Defend_RM","Defend_RM+1","Defend_RM+1"],"score":3854,"play_id":"9548ac93-a6fc-4703-8e85-386ef3ec73c0","local_time":"20210214232924","is_ascension_mode":true,"campfire_choices":[{"floor":7,"key":"REST"},{"data":"MastersStateliness","floor":7,"key":"SMITH"},{"data":"MastersStateliness","floor":15,"key":"SMITH"},{"data":"RedMoon","floor":23,"key":"SMITH"},{"floor":41,"key":"RECALL"}],"circlet_count":0,"master_deck":["AscendersBane","Strike_RM+1","Defend_RM+1","RedMoon+1","ScarletShoot+1","MastersStateliness+1","MastersStateliness+1","MastersStateliness+1","MastersStateliness+1","ScarletCoffin+1","HunterOfTheNight+1","AbbyMod:PrayerOfFaith+1"],"relics":["ScarletHat","Medical Kit","Durian","infinitespire:Magic Flask","MerchantsRug","aspiration:AnachronicSnailShell","infinitespire:Golems Mask","Omamori","TungstenRod","Pet Ghost","hubris:Towel","hubris:SlimyHat","infinitespire:FocusingShard","aspiration:TomeofQuesting","Singing Bowl","Orichalcum","Blue Candle","aspiration:ArtOfWarUpgrade","Velvet Choker","theSenshi:SailorFukuRelic","Juzu Bracelet","theSenshi:SuperSailorFukuRelic","aspiration:Lifesprig","Happy Flower","hubris:CrystalStatue","ReplayTheSpireMod:TigerMarble","infinitespire:EvilPickle","Frozen Egg 2","The Courier","infinitespire:BottledMercury","aspiration:FetidBarrel","Vajra","Cleaning_Rag","hubris:PeanutButter","Bronze Scales","Quantum Egg","Oddly Smooth Stone","Garlic","Nunchaku","Blue Doll","TheAbacus","hubris:SphereOfDissonance","aspiration:HummingbirdHeart"],"acts_visited":["Exordium","TheCity","TheBeyond","TheEnding"],"potions_floor_usage":[55,55],"damage_taken":[{"damage":0,"enemies":"Jaw Worm","floor":1,"turns":4},{"damage":0,"enemies":"Small Slimes","floor":5,"turns":4},{"damage":0,"enemies":"Gremlin Nob","floor":6,"turns":4},{"damage":0,"enemies":"3 Sentries","floor":8,"turns":8},{"damage":0,"enemies":"Cultist","floor":10,"turns":3},{"damage":0,"enemies":"Large Slime","floor":12,"turns":5},{"damage":0,"enemies":"Exordium Thugs","floor":13,"turns":5},{"damage":0,"enemies":"Lagavulin","floor":14,"turns":6},{"damage":0,"enemies":"The Guardian","floor":16,"turns":8},{"damage":0,"enemies":"2 Thieves","floor":18,"turns":4},{"damage":0,"enemies":"Shell Parasite","floor":19,"turns":3},{"damage":0,"enemies":"Snecko","floor":21,"turns":6},{"damage":0,"enemies":"Book of Stabbing","floor":24,"turns":4},{"damage":0,"enemies":"Gremlin Leader","floor":27,"turns":6},{"damage":0,"enemies":"Shelled Parasite and Fungi","floor":28,"turns":4},{"damage":0,"enemies":"Centurion and Healer","floor":29,"turns":4},{"damage":0,"enemies":"Replay:Snechameleon","floor":30,"turns":4},{"damage":0,"enemies":"3 Cultists","floor":31,"turns":4},{"damage":0,"enemies":"Pondfish","floor":33,"turns":6},{"damage":0,"enemies":"3 Shapes","floor":35,"turns":2},{"damage":5,"enemies":"3 Darklings","floor":38,"turns":5},{"damage":0,"enemies":"Giant Head","floor":40,"turns":5},{"damage":0,"enemies":"R_Hoarder","floor":42,"turns":4},{"damage":0,"enemies":"Giant Head","floor":44,"turns":4},{"damage":0,"enemies":"Sphere and 2 Shapes","floor":45,"turns":2},{"damage":0,"enemies":"Jaw Worm Horde","floor":47,"turns":3},{"damage":0,"enemies":"3 Darklings","floor":48,"turns":4},{"damage":0,"enemies":"Donu and Deca","floor":50,"turns":5},{"damage":0,"enemies":"Shield and Spear","floor":54,"turns":3},{"damage":0,"enemies":"The Heart","floor":55,"turns":6}],"seed_played":"-2847503545356626010","potions_obtained":[{"floor":1,"key":"Swift Potion"},{"floor":5,"key":"Swift Potion"},{"floor":10,"key":"Energy Potion"},{"floor":19,"key":"LiquidBronze"},{"floor":33,"key":"Flashbang"},{"floor":38,"key":"PowerPotion"}],"is_trial":false,"path_per_floor":["M","$","?","?","M","E","R","E","T","M","?","M","M","E","R","B",null,"M","M","?","M","AVR","R","E","R","T","E","M","M","E","M","R","B",null,"M","$","?","M","?","E","R","E","T","E","M","R","M","M","R_BF","B",null,"$","R","E","B",null],"character_chosen":"REMILIA","items_purchased":["Medical Kit","MastersStateliness","Guide Book","MerchantsRug","aspiration:AnachronicSnailShell","MastersStateliness","Omamori","ScarletCoffin","Quantum Egg","Oddly Smooth Stone","Nunchaku","Blue Doll","TheAbacus","hubris:SphereOfDissonance"],"campfire_rested":1,"item_purchase_floors":[0,0,0,0,0,0,0,2,46,46,52,52,53,53],"current_hp_per_floor":[68,68,63,63,64,68,75,75,75,75,80,82,84,86,86,88,88,90,92,92,94,94,94,96,96,96,98,100,102,104,106,106,108,108,110,110,107,113,113,120,120,124,124,126,128,128,130,132,120,128,131,131,131,133,134],"gold":605,"neow_bonus":"","is_daily":false,"chose_seed":false,"campfire_upgraded":3,"win_rate":0.0,"timestamp":1613370564,"path_taken":["M","$","?","?","M","E","R","E","T","M","?","M","M","E","R","BOSS","M","M","?","?","AVR","R","E","R","T","E","M","M","E","M","R","BOSS","M","$","?","M","?","E","R","E","T","E","M","R","M","M","R_BF","BOSS","$","R","E","BOSS"],"items_purchased_type":["Relic","Card","Relic","Relic","Relic","Card","Relic","Card","Relic","Relic","Relic","Relic","Relic","Relic"],"build_version":"2020-12-22","purchased_purges":4,"victory":true,"max_hp_per_floor":[75,75,75,75,75,75,75,75,75,75,80,82,84,86,86,88,88,90,92,92,94,94,94,96,96,96,98,100,102,104,106,106,108,108,110,110,116,118,118,120,120,124,124,126,128,128,130,132,132,132,132,132,132,134,134],"card_choices":[{"not_picked":["ScarletDevil","BombardNight"],"picked":"MastersStateliness","floor":1},{"not_picked":["CharismaGuard","Stigmanizer","Ultimatum"],"picked":"SKIP","floor":5},{"not_picked":["QueenOfMidnight","ScarletDevilSign","SuperhumanBloodyKnife"],"picked":"SKIP","floor":6},{"not_picked":["FavorOfDestiny","EmergencyRegeneration","ScarletDevilSign"],"picked":"SKIP","floor":8},{"not_picked":["BloodHunter","BadLadyScramble"],"picked":"HunterOfTheNight","floor":10},{"not_picked":["VampireKiss","BloodRain","ReincarnationDial"],"picked":"Singing Bowl","floor":12},{"not_picked":["BloodyMagicSquare","SuperhumanBloodyKnife","FavorOfDestiny"],"picked":"Singing Bowl","floor":13},{"not_picked":["SuperhumanBloodyKnife","VampireClaw","VampirishNight"],"picked":"Singing Bowl","floor":14},{"not_picked":["DemonKingCradle","BloodyCatastrophe","CeilingFear"],"picked":"Singing Bowl","floor":16},{"not_picked":["BloodyTrap","GlobalNightmare+1","CharismaGuard"],"picked":"Singing Bowl","floor":18},{"not_picked":["NightLord","ScarletImprint","ChainGang"],"picked":"Singing Bowl","floor":19},{"not_picked":["DemonKingCradle","EmergencyRegeneration","UnderTheZenith"],"picked":"Singing Bowl","floor":21},{"not_picked":["VampireKiss","TwelveNightmare","VampireFantasy"],"picked":"Singing Bowl","floor":24},{"not_picked":["HellCatastrophe","NightLord+1","Stigmanizer"],"picked":"Singing Bowl","floor":27},{"not_picked":["RedRainbow+1","DiffusionOfMisfortune","BombardNight"],"picked":"Singing Bowl","floor":28},{"not_picked":["StarOfDavid+1","CharismaGuard","BlasphemousPunishment"],"picked":"Singing Bowl","floor":29},{"not_picked":["VampireFantasy","EmergencyRegeneration","GlobalNightmare"],"picked":"Singing Bowl","floor":30},{"not_picked":["ScarletSymphony","MastersStateliness","ScarletImprint"],"picked":"Singing Bowl","floor":31},{"not_picked":["DemonKingCradle+1","KillingBlow","ChaoticDestiny"],"picked":"Singing Bowl","floor":33},{"not_picked":["DiffusionOfMisfortune","EmergencyRegeneration+1","ChainGang"],"picked":"Singing Bowl","floor":35},{"not_picked":["Forethought","Deep Breath","Blind"],"picked":"Singing Bowl","floor":37},{"not_picked":["PanicButton","Replay:Dark Deal","Purity"],"picked":"Singing Bowl","floor":37},{"not_picked":["Metamorphosis","Swift Strike","The Bomb"],"picked":"Singing Bowl","floor":37},{"not_picked":["NightDance","EndlessAdversity","UnderTheZenith"],"picked":"Singing Bowl","floor":38},{"not_picked":["DiffusionOfMisfortune","BombardNight","Stigmanizer"],"picked":"Singing Bowl","floor":40},{"not_picked":["FavorOfDestiny","ScarletSymphony","VampireKiss+1"],"picked":"Singing Bowl","floor":42},{"not_picked":["UnderTheZenith","BloodRain","ScarletDevilSign"],"picked":"Singing Bowl","floor":42},{"not_picked":["MastersStateliness+1","UnstableMagic","ScarletDevil"],"picked":"Singing Bowl","floor":44},{"not_picked":["ScarletDevil+1","ScarletImprint","UnderTheZenith+1"],"picked":"Singing Bowl","floor":45},{"not_picked":["NightDance+1","BloodRain","StarOfDavid"],"picked":"Singing Bowl","floor":47},{"not_picked":["CharismaGuard+1","StarOfDavid+1","VampireFantasy"],"picked":"Singing Bowl","floor":48},{"not_picked":["ScarletDevil","BadLadyScramble","BloodAndWine+1"],"picked":"Singing Bowl","floor":54}],"player_experience":1576399,"relics_obtained":[{"floor":6,"key":"hubris:SlimyHat"},{"floor":8,"key":"infinitespire:FocusingShard"},{"floor":8,"key":"aspiration:TomeofQuesting"},{"floor":9,"key":"Singing Bowl"},{"floor":12,"key":"Orichalcum"},{"floor":13,"key":"Blue Candle"},{"floor":14,"key":"Art of War"},{"floor":18,"key":"theSenshi:SailorFukuRelic"},{"floor":21,"key":"Juzu Bracelet"},{"floor":24,"key":"aspiration:Lifesprig"},{"floor":27,"key":"Happy Flower"},{"floor":27,"key":"hubris:CrystalStatue"},{"floor":30,"key":"ReplayTheSpireMod:TigerMarble"},{"floor":33,"key":"Frozen Egg 2"},{"floor":35,"key":"The Courier"},{"floor":38,"key":"infinitespire:BottledMercury"},{"floor":40,"key":"aspiration:FetidBarrel"},{"floor":42,"key":"Vajra"},{"floor":43,"key":"Cleaning_Rag"},{"floor":44,"key":"hubris:PeanutButter"},{"floor":44,"key":"Bronze Scales"},{"floor":47,"key":"Garlic"},{"floor":54,"key":"aspiration:HummingbirdHeart"}],"event_choices":[{"damage_healed":0,"gold_gain":0,"player_choice":"Success","damage_taken":7,"relics_obtained":["Pet Ghost"],"max_hp_gain":0,"max_hp_loss":0,"event_name":"Scrap Ooze","floor":3,"gold_loss":0},{"damage_healed":0,"gold_gain":0,"player_choice":"Donut","damage_taken":0,"max_hp_gain":5,"max_hp_loss":0,"event_name":"Big Fish","floor":11,"gold_loss":0},{"damage_healed":0,"gold_gain":200,"player_choice":"Gold","damage_taken":0,"max_hp_gain":0,"max_hp_loss":0,"event_name":"Wheel of Change","floor":20,"gold_loss":0},{"damage_healed":0,"gold_gain":0,"player_choice":"Memory 3","damage_taken":10,"max_hp_gain":0,"max_hp_loss":0,"event_name":"SensoryStone","floor":37,"gold_loss":0},{"damage_healed":0,"gold_gain":0,"player_choice":"Paid Gold","damage_taken":0,"relics_obtained":["Replay:PocketPolymizer"],"max_hp_gain":0,"max_hp_loss":0,"event_name":"WeMeetAgain","floor":39,"gold_loss":143},{"damage_healed":0,"gold_gain":0,"player_choice":"Damaged","damage_taken":13,"max_hp_gain":0,"max_hp_loss":0,"event_name":"Wheel of Change","floor":49,"gold_loss":0}],"is_beta":false,"boss_relics":[{"not_picked":["Runic Dome","beaked:MawFillet"],"picked":"Velvet Choker"},{"not_picked":["Fusion Hammer","Astrolabe"],"picked":"beaked:SacredDeck"}],"items_purged_floors":[0,22,36,46],"is_endless":false,"potions_floor_spawned":[1,5,8,10,13,19,24,28,31,33,35,38,42,44],"ascension_level":14}}