{"host":"3y2rtlgteqp2nuo3","time":1613376901,"event":{"mods":["2.2 Compatiblity","AchievementEnabler","BaseMod","Colored Map","DeckTracker","Highlight Path","Keyboard Shortcuts","Minty Spire (QoL Compilation)","Permanent Neow","Quick Restart","StSLib","SuperFastMode","everything is the same but u backflip on backflip"],"gold_per_floor":[118,118,136,148,168,168,168,168,236,236,246,313,343,354,354,431,431,450,500,239,256,272,272,299,349,349,362,430,430,443,37,37,37,37],"floor_reached":33,"language":"KOR","playtime":610,"items_purged":["Strike_R","Strike_R"],"score":447,"play_id":"18cccf29-c427-4aa6-b7da-1391684b7ce9","local_time":"20210215171501","is_ascension_mode":true,"campfire_choices":[{"data":"Searing Blow","floor":6.0,"key":"SMITH"},{"data":"Searing Blow+1","floor":8.0,"key":"SMITH"},{"data":"Searing Blow+2","floor":10.0,"key":"SMITH"},{"data":"Searing Blow+3","floor":15.0,"key":"SMITH"},{"data":"Searing Blow+4","floor":23.0,"key":"SMITH"},{"floor":29.0,"key":"REST"},{"floor":32.0,"key":"REST"}],"circlet_count":0,"master_deck":["AscendersBane","Strike_R","Defend_R","Defend_R","Defend_R","Defend_R","Bash+1","Pommel Strike","Whirlwind","Searing Blow+5","Seeing Red","Corruption","Headbutt","Bludgeon","Double Tap","Exhume","Uppercut","Dark Embrace+1","Ghostly Armor","Decay","Dropkick"],"relics":["Burning Blood","SsserpentHead","Mercury Hourglass","Red Skull","Cursed Key","OrangePellets","Kunai","Blue Candle","Prayer Wheel"],"acts_visited":["Exordium","TheCity"],"potions_floor_usage":[33],"damage_taken":[{"damage":6.0,"enemies":"2 Louse","floor":1.0,"turns":3.0},{"damage":3.0,"enemies":"Small Slimes","floor":3.0,"turns":3.0},{"damage":1.0,"enemies":"Cultist","floor":4.0,"turns":3.0},{"damage":12.0,"enemies":"Exordium Thugs","floor":5.0,"turns":3.0},{"damage":14.0,"enemies":"Blue Slaver","floor":11.0,"turns":4.0},{"damage":10.0,"enemies":"Exordium Wildlife","floor":12.0,"turns":3.0},{"damage":20.0,"enemies":"3 Sentries","floor":13.0,"turns":4.0},{"damage":10.0,"enemies":"Gremlin Gang","floor":14.0,"turns":2.0},{"damage":28.0,"enemies":"The Guardian","floor":16.0,"turns":7.0},{"damage":2.0,"enemies":"Chosen","floor":18.0,"turns":3.0},{"damage":14.0,"enemies":"Shell Parasite","floor":21.0,"turns":2.0},{"damage":21.0,"enemies":"Centurion and Healer","floor":22.0,"turns":4.0},{"damage":35.0,"enemies":"Slavers","floor":24.0,"turns":4.0},{"damage":0.0,"enemies":"Snecko","floor":27.0,"turns":2.0},{"damage":14.0,"enemies":"Snake Plant","floor":28.0,"turns":2.0},{"damage":9.0,"enemies":"Cultist and Chosen","floor":30.0,"turns":4.0},{"damage":75,"enemies":"Automaton","floor":33,"turns":6}],"seed_played":"-3989436988586713151","potions_obtained":[{"floor":4.0,"key":"GamblersBrew"},{"floor":11.0,"key":"CultistPotion"},{"floor":18.0,"key":"SmokeBomb"}],"is_trial":false,"path_per_floor":["M","?","M","M","M","R","?","R","T","R","M","M","E","M","R","B",null,"M","?","$","M","M","R","E","?","T","M","M","R","M","$","R","B"],"character_chosen":"IRONCLAD","items_purchased":["OrangePellets","Uppercut","Prayer Wheel"],"campfire_rested":2,"item_purchase_floors":[20,20,31],"current_hp_per_floor":[72,72,75,80,74,74,74,74,74,74,66,62,48,44,44,22,66,70,70,70,62,47,47,18,18,18,24,16,40,37,37,61,0,0],"gold":37,"neow_bonus":"UPGRADE_CARD","is_daily":false,"chose_seed":false,"campfire_upgraded":5,"win_rate":0.0,"timestamp":1613376901,"path_taken":["M","?","M","M","M","R","?","R","T","R","M","?","E","M","R","BOSS","M","?","$","M","M","R","E","?","T","M","?","R","M","$","R","BOSS"],"items_purchased_type":["Relic","Card","Relic"],"build_version":"2020-12-22","purchased_purges":2,"victory":false,"max_hp_per_floor":[80,80,80,80,80,80,80,80,80,80,80,80,80,80,80,80,80,80,80,80,80,80,80,80,80,80,80,80,80,80,80,80,80,80],"card_choices":[{"not_picked":["Fire Breathing","Wild Strike"],"picked":"Pommel Strike","floor":1.0},{"not_picked":["Twin Strike","Sword Boomerang"],"picked":"Whirlwind","floor":3.0},{"not_picked":["Flex","Metallicize"],"picked":"Searing Blow","floor":4.0},{"not_picked":["Pommel Strike","Clothesline"],"picked":"Seeing Red","floor":5.0},{"not_picked":["Iron Wave","Sword Boomerang"],"picked":"Corruption","floor":11.0},{"not_picked":["Rupture","Heavy Blade"],"picked":"Headbutt","floor":12.0},{"not_picked":["Heavy Blade","True Grit","Entrench"],"picked":"SKIP","floor":13.0},{"not_picked":["Body Slam","Twin Strike","Warcry"],"picked":"SKIP","floor":14.0},{"not_picked":["Impervious","Brutality"],"picked":"Bludgeon","floor":16.0},{"not_picked":["Perfected Strike","Sever Soul","Flex"],"picked":"SKIP","floor":18.0},{"not_picked":["Rampage","Wild Strike","Havoc"],"picked":"SKIP","floor":21.0},{"not_picked":["Cleave","Ghostly Armor+1"],"picked":"Dark Embrace+1","floor":22.0},{"not_picked":["Flex","Sever Soul"],"picked":"Ghostly Armor","floor":24.0},{"not_picked":["Pummel","Havoc"],"picked":"Dropkick","floor":27.0},{"not_picked":["Warcry","Havoc","Sword Boomerang"],"picked":"SKIP","floor":28.0},{"not_picked":["Havoc","Thunderclap","Rampage+1"],"picked":"SKIP","floor":30.0}],"player_experience":790462,"relics_obtained":[{"floor":9.0,"key":"Mercury Hourglass"},{"floor":13.0,"key":"Red Skull"},{"floor":24.0,"key":"Kunai"},{"floor":26.0,"key":"Blue Candle"}],"event_choices":[{"damage_healed":0.0,"max_hp_gain":0.0,"max_hp_loss":0.0,"gold_gain":0.0,"event_name":"Shining Light","player_choice":"Ignored","floor":2.0,"gold_loss":0.0,"damage_taken":0.0},{"damage_healed":0.0,"max_hp_gain":0.0,"max_hp_loss":0.0,"gold_gain":0.0,"event_name":"FaceTrader","player_choice":"Trade","floor":7.0,"gold_loss":0.0,"damage_taken":0.0,"relics_obtained":["SsserpentHead"]},{"damage_healed":0.0,"max_hp_gain":0.0,"max_hp_loss":0.0,"gold_gain":0.0,"cards_transformed":["Strike_R","Strike_R"],"event_name":"Drug Dealer","player_choice":"Became Test Subject","floor":19.0,"gold_loss":0.0,"damage_taken":0.0,"cards_obtained":["Double Tap","Exhume"]},{"damage_healed":0.0,"max_hp_gain":0.0,"max_hp_loss":0.0,"gold_gain":0.0,"event_name":"Cursed Tome","player_choice":"Ignored","floor":25.0,"gold_loss":0.0,"damage_taken":0.0}],"is_beta":false,"boss_relics":[{"not_picked":["Empty Cage","Calling Bell"],"picked":"Cursed Key"}],"items_purged_floors":[20,31],"is_endless":false,"potions_floor_spawned":[4,11,12,16,18,22,27],"killed_by":"Automaton","ascension_level":13}}