{"host":"q2n6tlickby1elp8","time":1613371947,"event":{"mods":["BaseMod","BetterRewards","Colored Powertips","Marisa£®ÏF”Í°°ƒß¿Ì…≥£©","Minty Spire (QoL Compilation)","Remilia£®¿Ÿ√◊¿Ú—«£©","SOS£®Àπ∞Õ¥Ô÷Æ◊”£©","Shop Mod","SuperFastMode","The Construct","The Disciple","The Servant 0.9.4","Youmu£®ªÍ∆«—˝√Œ£©","[IsaacMod]“‘»ˆº‚À˛"],"gold_per_floor":[211,229,249,249,260,260,276,276,276,276,276,37,56,30,30,134,134,145,2,2,2,2,2,13,13,13,31,43,70,84,84,84,187,237,249,259,21,34,34,34,34,34,84,84,0,0,0,0,0,20],"floor_reached":51,"language":"ZHS","playtime":1418,"items_purged":["Greed_TH"],"score":728,"play_id":"06cb0e01-2b9d-4d01-8068-8b3f9aae6c20","local_time":"20210215145227","is_ascension_mode":false,"campfire_choices":[{"data":"AfternoonTea","floor":6,"key":"SMITH"},{"data":"SuperhumanBloodyKnife","floor":8,"key":"SMITH"},{"data":"EndlessAdversity","floor":11,"key":"SMITH"},{"data":"BloodHunter","floor":15,"key":"SMITH"},{"data":"BloodRain","floor":23,"key":"SMITH"},{"data":"BombardNight","floor":25,"key":"SMITH"},{"floor":32,"key":"REST"},{"floor":40,"key":"REST"},{"data":"EndlessPower","floor":42,"key":"SMITH"},{"data":"HeartBreak","floor":44,"key":"SMITH"},{"data":"StarOfDavid","floor":47,"key":"SMITH"},{"data":"GlobalNightmare","floor":49,"key":"SMITH"}],"circlet_count":0,"master_deck":["Strike_RM","Strike_RM","Strike_RM","Defend_RM","Defend_RM","Defend_RM","Defend_RM","RedMoon+1","ScarletShoot+1","GlobalNightmare+1","SuperhumanBloodyKnife+1","DevilSight","AfternoonTea+1","EndlessAdversity+1","BloodHunter+1","VampireKiss","BloodRain+1","BombardNight+1","EndlessPower+1","EndlessAdversity+1","StarOfDavid+1","RedRainbow","BombardNight+1","LeisurelyOfLord+1","HeartBreak+1","ScarletDevil","MastersStateliness+1","ScarletDevil","FavorOfDestiny+1"],"relics":["ScarletHat","HushsDoor","BFFS","UnicornStump","AntiCross","ScarletEmblem","Membership Card","RedBat","Whetstone","Tiny House","Matryoshka","NineVolt","TheBean","Orichalcum","Red Mask"],"acts_visited":["Exordium","TheCity","TheBeyond"],"potions_floor_usage":[16,16,33,50,50,50],"damage_taken":[{"damage":0,"enemies":"Cultist","floor":1,"turns":4},{"damage":0,"enemies":"2 Louse","floor":2,"turns":4},{"damage":0,"enemies":"Small Slimes","floor":3,"turns":4},{"damage":0,"enemies":"Blue Slaver","floor":5,"turns":3},{"damage":0,"enemies":"Red Slaver","floor":7,"turns":4},{"damage":0,"enemies":"Exordium Wildlife","floor":13,"turns":2},{"damage":28,"enemies":"Hexaghost","floor":16,"turns":8},{"damage":0,"enemies":"3 Byrds","floor":18,"turns":2},{"damage":0,"enemies":"Chosen","floor":24,"turns":3},{"damage":21,"enemies":"Centurion and Healer","floor":27,"turns":6},{"damage":4,"enemies":"Cultist and Chosen","floor":28,"turns":3},{"damage":23,"enemies":"Gremlin Leader","floor":29,"turns":4},{"damage":20,"enemies":"Snake Plant","floor":30,"turns":3},{"damage":0,"enemies":"Automaton","floor":33,"turns":1},{"damage":0,"enemies":"Orb Walker","floor":35,"turns":2},{"damage":7,"enemies":"3 Darklings","floor":36,"turns":2},{"damage":30,"enemies":"4 Shapes","floor":38,"turns":3},{"damage":40,"enemies":"Time Eater","floor":50,"turns":8}],"seed_played":"915605062666127024","potions_obtained":[{"floor":2,"key":"ColorlessPotion"},{"floor":7,"key":"SteroidPotion"},{"floor":16,"key":"ColorlessPotion"},{"floor":18,"key":"Swift Potion"},{"floor":28,"key":"Weak Potion"},{"floor":34,"key":"SpeedPotion"}],"is_trial":false,"path_per_floor":["M","M","M","?","M","R","M","R","T","?","R","$","M","$","R","B",null,"M","$","?","?","$","R","M","R","T","M","M","E","M","?","R","B",null,"M","M","$","M","?","R","$","R","T","R","$","?","R","?","R","B",null],"character_chosen":"REMILIA","items_purchased":["AntiCross","VampireKiss","Membership Card","Matryoshka","NineVolt","Bomb"],"campfire_rested":2,"item_purchase_floors":[12,14,19,37,37,37],"current_hp_per_floor":[75,75,75,75,75,75,75,75,75,75,75,75,75,75,75,63,75,75,75,75,75,75,75,75,75,75,70,75,55,44,44,66,66,80,80,74,74,54,54,78,78,78,78,78,73,73,73,73,73,80],"gold":20,"neow_bonus":"HUNDRED_GOLD","is_daily":false,"chose_seed":false,"campfire_upgraded":10,"win_rate":0.0,"timestamp":1613371947,"path_taken":["M","?","M","?","M","R","M","R","T","?","R","$","M","?","R","BOSS","M","$","?","?","$","R","?","R","T","M","M","E","M","?","R","BOSS","M","M","$","M","?","R","$","R","T","R","$","?","R","?","R","BOSS"],"items_purchased_type":["Relic","Card","Relic","Relic","Relic","Card"],"build_version":"2020-12-22","purchased_purges":1,"victory":true,"max_hp_per_floor":[75,75,75,75,75,75,75,75,75,75,75,75,75,75,75,75,75,75,75,75,75,75,75,75,75,75,75,75,75,75,75,75,75,80,80,80,80,80,80,80,80,80,80,80,80,80,80,80,80,80],"card_choices":[{"not_picked":["ScarletDevil","Bomb"],"picked":"GlobalNightmare","floor":1},{"not_picked":["EmergencyRegeneration","Bomb"],"picked":"SuperhumanBloodyKnife","floor":2},{"not_picked":["UltimateOffering","ChainGang"],"picked":"DevilSight","floor":3},{"not_picked":["EmergencyRegeneration","MiserableFate"],"picked":"AfternoonTea","floor":5},{"not_picked":["AfternoonTea","BadLadyScramble"],"picked":"EndlessAdversity","floor":7},{"not_picked":["UnderTheZenith","FavorOfDestiny"],"picked":"BloodHunter","floor":13},{"not_picked":["BatForm","CeilingFear"],"picked":"BloodRain","floor":16},{"not_picked":["DiffusionOfMisfortune","BloodyMagicSquare"],"picked":"BombardNight","floor":18},{"not_picked":["BombardNight","ScarletSymphony"],"picked":"EndlessAdversity+1","floor":24},{"not_picked":["MastersStateliness+1","Stigmanizer"],"picked":"StarOfDavid","floor":27},{"not_picked":["TransientEternity","EndlessAdversity"],"picked":"RedRainbow","floor":28},{"not_picked":["Septette","UltimateOffering+1"],"picked":"BombardNight+1","floor":29},{"not_picked":["GlobalNightmare","UnderTheZenith"],"picked":"LeisurelyOfLord","floor":30},{"not_picked":["TransientEternity","QueenOfMidnight"],"picked":"HeartBreak","floor":33},{"not_picked":["RedMagic","UnderTheZenith"],"picked":"ScarletDevil","floor":34},{"not_picked":["GlobalNightmare+1","MiserableFate"],"picked":"MastersStateliness+1","floor":35},{"not_picked":["CharismaGuard","UnderTheZenith"],"picked":"ScarletDevil","floor":36},{"not_picked":["UnstableMagic","CurseOfVladTepes"],"picked":"FavorOfDestiny+1","floor":38}],"player_experience":133219,"relics_obtained":[{"floor":9,"key":"UnicornStump"},{"floor":26,"key":"RedBat"},{"floor":29,"key":"Whetstone"},{"floor":43,"key":"TheBean"},{"floor":43,"key":"Orichalcum"}],"event_choices":[{"damage_healed":0,"gold_gain":0,"player_choice":"Ignored","damage_taken":0,"max_hp_gain":0,"max_hp_loss":0,"event_name":"Golden Wing","floor":4,"gold_loss":0},{"damage_healed":0,"gold_gain":0,"player_choice":"Forge","damage_taken":0,"max_hp_gain":0,"max_hp_loss":0,"event_name":"Accursed Blacksmith","floor":31,"gold_loss":0,"cards_upgraded":["LeisurelyOfLord"]},{"damage_healed":0,"gold_gain":0,"cards_transformed":["Wrath_TH"],"player_choice":"Transformed","damage_taken":0,"max_hp_gain":0,"max_hp_loss":0,"event_name":"Transmorgrifier","floor":39,"gold_loss":0,"cards_obtained":["Greed_TH"]},{"damage_healed":0,"gold_gain":0,"player_choice":"Paid","damage_taken":0,"relics_obtained":["Red Mask"],"max_hp_gain":0,"max_hp_loss":0,"event_name":"Tomb of Lord Red Mask","floor":46,"gold_loss":0},{"cards_removed":["Strike_RM"],"damage_healed":0,"gold_gain":0,"player_choice":"Removed Attack","damage_taken":0,"max_hp_gain":0,"max_hp_loss":0,"event_name":"Falling","floor":48,"gold_loss":0}],"is_beta":false,"boss_relics":[{"not_picked":["construct:ClawGrip","Black Star"],"picked":"ScarletEmblem"},{"not_picked":[]},{"not_picked":["Philosopher\u0027s Stone","Runic Dome"],"picked":"Tiny House"},{"not_picked":[]}],"items_purged_floors":[45],"is_endless":false,"potions_floor_spawned":[2,7,16,18,28,30,35],"ascension_level":0}}