{"host":"04aht2z7d1qbuefv","time":1613414026,"event":{"mods":["AchievementEnabler","BaseMod","Downfall","Minty Spire (QoL Compilation)","StSLib","The Cursed","The Necromancer"],"gold_per_floor":[99,119,119,138,238,248,322,349,367,380,380,398,98,112,127,127,127,127],"floor_reached":16,"language":"SPA","playtime":558,"items_purged":[],"score":131,"play_id":"b4777137-ceee-4a21-ab42-dfbb460702cd","local_time":"20210215153346","is_ascension_mode":false,"campfire_choices":[{"floor":1,"key":"RECALL"},{"floor":13,"key":"REST"}],"circlet_count":0,"master_deck":["bronze:Strike","bronze:Strike","bronze:Strike","bronze:Defend","bronze:Defend","bronze:Defend","bronze:Defend","bronze:Replicate","bronze:Goto","bronze:Flail","bronze:Invalidate","bronze:BuggyMess","bronze:Repulsor","bronze:MaxOutput","bronze:ShipIt","bronze:ItsAFeature","bronze:Fortify"],"relics":["bronze:BronzeCore","Bottled Tornado","Sundial","downfall:HeartBlessingBlue","downfall:HeartBlessingRed","downfall:HeartBlessingGreen"],"acts_visited":["Exordium"],"potions_floor_usage":[4,8,8,10,16],"damage_taken":[{"damage":1,"enemies":"2 Louse","floor":2,"turns":3},{"damage":0,"enemies":"Cultist","floor":4,"turns":2},{"damage":0,"enemies":"Small Slimes","floor":6,"turns":2},{"damage":21,"enemies":"Lagavulin","floor":8,"turns":4},{"damage":6,"enemies":"Gremlin Gang","floor":9,"turns":2},{"damage":8,"enemies":"Exordium Thugs","floor":10,"turns":4},{"damage":16,"enemies":"Blue Slaver","floor":12,"turns":4},{"damage":10,"enemies":"3 Louse","floor":14,"turns":2},{"damage":10,"enemies":"Exordium Thugs","floor":15,"turns":2},{"damage":57,"enemies":"DF_ARCHETYPE_STREAMLINE","floor":16,"turns":6}],"seed_played":"-8811195965323070915","potions_obtained":[{"floor":0,"key":"BlessingOfTheForge"},{"floor":0,"key":"Fruit Juice"},{"floor":0,"key":"LiquidMemories"},{"floor":4,"key":"EssenceOfSteel"},{"floor":9,"key":"Strength Potion"}],"is_trial":false,"path_per_floor":["R","M","?","M","?","M","T","E","M","M","T","M","R","M","M","B"],"character_chosen":"THE_AUTOMATON","items_purchased":[],"campfire_rested":1,"item_purchase_floors":[],"current_hp_per_floor":[70,69,69,74,74,74,74,53,47,39,39,23,58,48,38,0,0,0],"gold":127,"neow_bonus":"THREE_SMALL_POTIONS","is_daily":false,"chose_seed":false,"campfire_upgraded":0,"win_rate":0.0,"timestamp":1613414026,"path_taken":["R","M","?","?","?","?","T","E","M","M","?","M","R","M","M","BOSS"],"items_purchased_type":[],"build_version":"2020-12-22","purchased_purges":0,"victory":false,"max_hp_per_floor":[70,70,70,75,75,75,75,75,75,75,75,75,85,85,85,85,85,85],"card_choices":[{"not_picked":["bronze:FineTuning","bronze:ForceShield"],"picked":"bronze:Flail","floor":2},{"not_picked":["bronze:ClassDefault","bronze:FineTuning"],"picked":"bronze:BuggyMess","floor":4},{"not_picked":["bronze:Branch","bronze:DigitalCarnage"],"picked":"bronze:Repulsor","floor":6},{"not_picked":["bronze:FollowUp","bronze:DelayedGuard","bronze:ForLoop"],"picked":"SKIP","floor":8},{"not_picked":["bronze:BronzeArmor","bronze:Terminator"],"picked":"bronze:MaxOutput","floor":9},{"not_picked":["bronze:ForLoop","bronze:Branch"],"picked":"bronze:ShipIt","floor":10},{"not_picked":["bronze:CutThrough","bronze:DarkDash"],"picked":"bronze:ItsAFeature","floor":12},{"not_picked":["bronze:ChildClass","bronze:BitShift","bronze:CutThrough"],"picked":"SKIP","floor":14},{"not_picked":["bronze:Branch","bronze:Backtrace"],"picked":"bronze:Fortify","floor":15}],"player_experience":182876,"relics_obtained":[{"floor":8,"key":"Bottled Tornado"},{"floor":11,"key":"Sundial"}],"event_choices":[],"is_beta":false,"boss_relics":[],"items_purged_floors":[],"is_endless":false,"potions_floor_spawned":[4,6,9],"killed_by":"DF_ARCHETYPE_STREAMLINE","ascension_level":0}}