{"host":"idjwbq71yrpkph1r","time":1613417672,"event":{"mods":["AchievementEnabler","Alarm Clock","BaseMod","Block Reminder","Colored Map","Colored Powertips","Curses Come First","Displayed Cursed Tome","Hermit","Minty Spire (QoL Compilation)","Monster B Gone","Rare Cards Sparkle","Relic Stats","StSLib","everything is the same but u backflip on backflip"],"gold_per_floor":[113,113,123,136,147,157,157,176,249,174,174,174,190,200,200,305,305,319,143,156,169,182,182,198,198,249,263,263,263,275,288,288,385,385,395,1394,1404,1201,1201,1201,1214,797,797,814,832,832,578,590,590,590,590],"floor_reached":50,"language":"ENG","playtime":1855,"items_purged":["Strike_B","Strike_B","Normality","Normality","Strike_B"],"score":469,"play_id":"d0942e43-08c9-4a15-9bd9-9f37cd3c22a4","local_time":"20210215203432","is_ascension_mode":false,"campfire_choices":[{"data":"Zap","floor":7.0,"key":"SMITH"},{"floor":15.0,"key":"REST"},{"floor":23.0,"key":"REST"},{"floor":25.0,"key":"REST"},{"floor":29.0,"key":"REST"},{"floor":32.0,"key":"REST"},{"floor":40.0,"key":"REST"},{"floor":46.0,"key":"REST"},{"floor":49.0,"key":"REST"}],"circlet_count":0,"master_deck":["Defend_B","Defend_B","Defend_B","Defend_B","Zap+1","Dualcast","Genetic Algorithm","Ball Lightning","Thunder Strike+1","Electrodynamics","White Noise","Genetic Algorithm+1","Static Discharge+1","Melter","Fission","Capacitor+1","Loop","Apotheosis","Capacitor","Glacier","White Noise+1"],"relics":["Velvet Choker"],"acts_visited":["Exordium","TheCity","TheBeyond"],"potions_floor_usage":[50,50],"damage_taken":[{"damage":0.0,"enemies":"Small Slimes","floor":1.0,"turns":2.0},{"damage":5.0,"enemies":"Cultist","floor":3.0,"turns":4.0},{"damage":0.0,"enemies":"2 Louse","floor":4.0,"turns":2.0},{"damage":13.0,"enemies":"Lots of Slimes","floor":5.0,"turns":4.0},{"damage":17.0,"enemies":"Exordium Thugs","floor":6.0,"turns":4.0},{"damage":0.0,"enemies":"Looter","floor":8.0,"turns":2.0},{"damage":0.0,"enemies":"2 Fungi Beasts","floor":13.0,"turns":2.0},{"damage":10.0,"enemies":"Exordium Wildlife","floor":14.0,"turns":5.0},{"damage":43.0,"enemies":"The Guardian","floor":16.0,"turns":9.0},{"damage":15.0,"enemies":"2 Thieves","floor":18.0,"turns":3.0},{"damage":19.0,"enemies":"Spheric Guardian","floor":20.0,"turns":4.0},{"damage":16.0,"enemies":"Centurion and Healer","floor":21.0,"turns":5.0},{"damage":0.0,"enemies":"Cultist and Chosen","floor":22.0,"turns":4.0},{"damage":42.0,"enemies":"Sentry and Sphere","floor":24.0,"turns":7.0},{"damage":19.0,"enemies":"Shelled Parasite and Fungi","floor":27.0,"turns":5.0},{"damage":21.0,"enemies":"Snake Plant","floor":30.0,"turns":3.0},{"damage":3.0,"enemies":"Chosen and Byrds","floor":31.0,"turns":4.0},{"damage":47.0,"enemies":"Champ","floor":33.0,"turns":9.0},{"damage":18.0,"enemies":"3 Darklings","floor":35.0,"turns":3.0},{"damage":18.0,"enemies":"Orb Walker","floor":37.0,"turns":4.0},{"damage":19.0,"enemies":"Sphere and 2 Shapes","floor":41.0,"turns":5.0},{"damage":30.0,"enemies":"3 Darklings","floor":44.0,"turns":5.0},{"damage":10.0,"enemies":"Maw","floor":45.0,"turns":7.0},{"damage":5.0,"enemies":"4 Shapes","floor":48.0,"turns":3.0},{"damage":53,"enemies":"Awakened One","floor":50,"turns":10}],"seed_played":"-6822315042825711702","potions_obtained":[{"floor":1.0,"key":"GamblersBrew"},{"floor":4.0,"key":"GamblersBrew"},{"floor":6.0,"key":"Regen Potion"},{"floor":8.0,"key":"DuplicationPotion"},{"floor":16.0,"key":"Explosive Potion"},{"floor":18.0,"key":"Ancient Potion"},{"floor":21.0,"key":"LiquidMemories"},{"floor":24.0,"key":"Dexterity Potion"},{"floor":33.0,"key":"BlessingOfTheForge"},{"floor":37.0,"key":"EntropicBrew"},{"floor":48.0,"key":"PotionOfCapacity"}],"is_trial":false,"path_per_floor":["M","?","M","M","M","M","R","M","T","$","?","?","M","M","R","B",null,"M","$","M","M","M","R","M","R","T","M","?","R","M","M","R","B",null,"M","?","M","$","?","R","M","$","T","M","M","R","$","M","R","B"],"character_chosen":"DEFECT","items_purchased":["White Noise","Loop","Apotheosis","Capacitor","Glacier"],"campfire_rested":8,"item_purchase_floors":[19,38,42,42,47],"current_hp_per_floor":[75,75,70,70,57,40,40,40,40,40,45,45,45,35,59,16,80,65,65,46,30,30,54,24,48,48,29,29,53,32,29,53,6,80,62,62,44,44,44,68,49,49,49,19,9,33,33,28,52,0,0],"gold":590,"neow_bonus":"BOSS_RELIC","is_daily":false,"chose_seed":false,"campfire_upgraded":1,"win_rate":0.0,"timestamp":1613417672,"path_taken":["M","?","?","M","M","M","R","M","T","$","?","?","M","M","R","BOSS","M","$","M","M","M","R","M","R","T","?","?","R","M","M","R","BOSS","M","?","M","$","?","R","M","$","T","M","M","R","?","M","R","BOSS"],"items_purchased_type":["Card","Card","Card","Card","Card"],"build_version":"2020-12-22","purchased_purges":5,"victory":false,"max_hp_per_floor":[75,75,75,75,75,75,75,75,75,75,80,80,80,80,80,80,80,80,80,80,80,80,80,80,80,80,80,80,80,80,80,80,80,80,80,80,80,80,80,80,80,80,80,80,80,80,80,80,80,80,80],"relic_stats":{"counters":[25,115],"obtain_stats":[{"Velvet Choker":0,"Cracked Core":0},{"Velvet Choker":0,"Cracked Core":0},{"Velvet Choker":0,"Cracked Core":0}]},"card_choices":[{"not_picked":["Defragment","Barrage"],"picked":"Genetic Algorithm","floor":1.0},{"not_picked":["Beam Cell","Barrage"],"picked":"Ball Lightning","floor":3.0},{"not_picked":["Sweeping Beam","Rebound"],"picked":"Thunder Strike","floor":4.0},{"not_picked":["Barrage","Fusion","Compile Driver"],"picked":"SKIP","floor":5.0},{"not_picked":["Beam Cell","Steam","Turbo"],"picked":"SKIP","floor":6.0},{"not_picked":["Scrape","Blizzard","Leap"],"picked":"SKIP","floor":8.0},{"not_picked":["Reprogram","Leap","Echo Form"],"picked":"SKIP","floor":13.0},{"not_picked":["Compile Driver","Turbo","Undo"],"picked":"SKIP","floor":14.0},{"not_picked":["Creative AI","Multi-Cast"],"picked":"Electrodynamics","floor":16.0},{"not_picked":["Storm","Hologram","Compile Driver+1"],"picked":"SKIP","floor":18.0},{"not_picked":["Recycle+1","Steam","Rebound+1"],"picked":"SKIP","floor":20.0},{"not_picked":["Recycle","Rip and Tear","Steam Power"],"picked":"SKIP","floor":21.0},{"not_picked":["Leap+1","Compile Driver"],"picked":"Genetic Algorithm+1","floor":22.0},{"not_picked":["Steam","Sweeping Beam"],"picked":"Static Discharge+1","floor":24.0},{"not_picked":["Chaos","Storm+1","Melter"],"picked":"SKIP","floor":27.0},{"not_picked":["Chaos","Storm+1"],"picked":"Melter","floor":27.0},{"not_picked":["Turbo","Double Energy","Skim"],"picked":"SKIP","floor":30.0},{"not_picked":["Hyperbeam","Stack","Coolheaded"],"picked":"SKIP","floor":31.0},{"not_picked":["Rainbow","Seek"],"picked":"Fission","floor":33.0},{"not_picked":["Gash","Steam","Rebound+1"],"picked":"SKIP","floor":35.0},{"not_picked":["Leap","Heatsinks+1"],"picked":"Capacitor+1","floor":37.0},{"not_picked":["Streamline","Skim+1","Barrage"],"picked":"SKIP","floor":41.0},{"not_picked":["Heatsinks","Genetic Algorithm","Leap"],"picked":"SKIP","floor":44.0},{"not_picked":["Meteor Strike","Static Discharge","Leap+1"],"picked":"SKIP","floor":45.0},{"not_picked":["Steam","Sweeping Beam+1"],"picked":"White Noise+1","floor":48.0}],"player_experience":361860,"relics_obtained":[],"event_choices":[{"damage_healed":0.0,"max_hp_gain":0.0,"max_hp_loss":0.0,"gold_gain":0.0,"event_name":"WeMeetAgain","player_choice":"Ignored","floor":2.0,"gold_loss":0.0,"damage_taken":0.0},{"damage_healed":0.0,"max_hp_gain":5.0,"max_hp_loss":0.0,"gold_gain":0.0,"event_name":"Big Fish","player_choice":"Donut","floor":11.0,"gold_loss":0.0,"damage_taken":0.0},{"damage_healed":0.0,"max_hp_gain":0.0,"max_hp_loss":0.0,"gold_gain":0.0,"event_name":"Upgrade Shrine","player_choice":"Upgraded","floor":12.0,"gold_loss":0.0,"damage_taken":0.0,"cards_upgraded":["Thunder Strike"]},{"damage_healed":0.0,"max_hp_gain":0.0,"max_hp_loss":0.0,"gold_gain":0.0,"event_name":"Vampires","player_choice":"Ignored","floor":28.0,"gold_loss":0.0,"damage_taken":0.0},{"damage_healed":0.0,"max_hp_gain":0.0,"max_hp_loss":0.0,"gold_gain":999.0,"event_name":"MindBloom","player_choice":"Gold","floor":36.0,"gold_loss":0.0,"damage_taken":0.0,"cards_obtained":["Normality","Normality"]},{"cards_removed":["Strike_B"],"damage_healed":0.0,"max_hp_gain":0.0,"max_hp_loss":0.0,"gold_gain":0.0,"event_name":"Falling","player_choice":"Removed Attack","floor":39.0,"gold_loss":0.0,"damage_taken":0.0}],"is_beta":false,"boss_relics":[{"not_picked":["SlaversCollar","Fusion Hammer","Pandora\u0027s Box"]},{"not_picked":["Nuclear Battery","SacredBark","Calling Bell"]}],"items_purged_floors":[10,19,38,42,47],"is_endless":false,"potions_floor_spawned":[1,4,6,8,16,18,21,24,33,37,48],"killed_by":"Awakened One","ascension_level":0}}