{"host":"i9o3eksapkmftcbs","time":1613432102,"event":{"mods":["2.2 Compatiblity","AchievementEnabler","Act Like it!","Arknights","Bard","BaseMod","BetterRewards","Colored Map","Colored Powertips","Conspire","Duelist Mod","Halation","Hubris","Infinite Spire","Lobotomy","Minty Spire (QoL Compilation)","Rare Cards Sparkle","Reliquary","Robot Space Explorer","StSLib","The Blackbeard","The Clintock","The Disciple","The Dragon Tamer","The Mystic","Transform Curses"],"gold_per_floor":[116,116,116,7,23,23,41,41,41,76,76,107,125,154,154,249,249,269,269,296,296,321,47,47,64,64,14,14,129,129,169,210,66,66,76,76],"floor_reached":39,"language":"ENG","playtime":2499,"items_purged":["hubris:Disease"],"score":840,"play_id":"a107a46d-5d4a-4da7-87d1-ce79cc39f0e4","local_time":"20210215173502","is_ascension_mode":true,"campfire_choices":[{"floor":8.0,"key":"REST"},{"floor":11.0,"key":"RECALL"},{"data":"LockedAnchor","floor":15.0,"key":"SMITH"},{"data":"OracleForm","floor":23.0,"key":"SMITH"},{"floor":32.0,"key":"REST"}],"circlet_count":0,"master_deck":["Allegro","Allegro","Rallentando","Strike_Br","Strike_Br","Strike_Br","Strike_Br","Defend_Br","Defend_Br+1","Defend_Br","Defend_Br+1","SecondHand","PatternShift","Dramatic Entrance","Dramatic Entrance","ExoVibe","ExoVibe","ReapSow","Parity","hubris:Sloth","infinitespire:Starlight","Goo","BeatsPerMinute","Cuckoo","BiteCommand","CrunchTime","LockedAnchor+1","LockedBlood","Keepsakes","OracleForm+1","Analog","Vivace","Vivace","HandsUpC","HandsUpC","conspire:SpireCoStock","LockedPlans","LockedPlans","LockedPlans","LockedPlans","LockedPlans","LockedPlans","LockedPlans","LockedPlans","LockedPlans","LockedPlans","LockedPlans","LockedPlans","LockedPlans","LockedPlans","LockedPlans","LockedPlans","LockedPlans","LockedPlans","LockedPlans","LockedPlans","LockedPlans","LockedPlans","LockedPlans","LockedPlans","LockedPlans","LockedPlans","LockedPlans","LockedPlans","LockedPlans","LockedPlans","LockedPlans","LockedPlans","LockedPlans","LockedPlans","LockedPlans","LockedPlans","LockedPlans","LockedPlans","LockedPlans","LockedPlans","LockedPlans","LockedPlans","LockedPlans","LockedPlans","LockedPlans","LockedPlans","LockedPlans","LockedPlans","LockedPlans","LockedPlans","LockedPlans","LockedPlans","LockedPlans","LockedPlans","LockedPlans","LockedPlans","LockedPlans","LockedPlans","LockedPlans","LockedPlans","LockedPlans","LockedPlans","LockedPlans","Pain","Pain","Pain","Pain","Pain","Pain","Pain","Pain","Pain","Pain","Pain","Pain","Pain","Pain","Ritenuto","Ritenuto","Ritenuto","Ritenuto","Ritenuto","Ritenuto","Ritenuto","Ritenuto","Ritenuto","Ritenuto","Ritenuto","Ritenuto","Ritenuto","Ritenuto","Ritenuto","Ritenuto","Ritenuto","Ritenuto","Ritenuto","Ritenuto","Ritenuto","Ritenuto","Ritenuto","Ritenuto","Ritenuto","Ritenuto","Ritenuto","Ritenuto","Ritenuto","Ritenuto","Ritenuto","Ritenuto","Ritenuto","Ritenuto","Ritenuto","Ritenuto","Ritenuto","Ritenuto","Ritenuto","Ritenuto","Ritenuto","Ritenuto","Ritenuto","Ritenuto","Ritenuto","Ritenuto","Ritenuto","Ritenuto","Ritenuto","Ritenuto","Ritenuto","Ritenuto","Ritenuto","Ritenuto","Ritenuto","Ritenuto","Ritenuto","Ritenuto","Ritenuto","Ritenuto","Ritenuto","Ritenuto","Ritenuto","Ritenuto","Ritenuto","Ritenuto","Ritenuto","Ritenuto","Ritenuto","Ritenuto","Ritenuto","Ritenuto","Ritenuto","Ritenuto","Ritenuto","Ritenuto","Ritenuto","Ritenuto","Ritenuto","Ritenuto","Ritenuto","Ritenuto","Ritenuto","Ritenuto","Ritenuto","Ritenuto","Ritenuto","Ritenuto","Ritenuto","Ritenuto","Ritenuto","Ritenuto","Ritenuto","Ritenuto","Ritenuto","Ritenuto","Ritenuto","Ritenuto","Ritenuto","Ritenuto"],"relics":["Chronometer","Matryoshka","halation:NonexistentMirror","Mercury Hourglass","infinitespire:CheckeredPen","hubris:Teleporter","Strawberry","Incense Burner","hubris:GrandSneckoEye","Enchiridion","reliquary:Knoch","infinitespire:Midas Blood","Paper Turtyl","reliquary:Sideboard","hubris:VirtuousBlindfold","WarpedTongs"],"acts_visited":["Exordium","TheCity","TheBeyond"],"potions_floor_usage":[35,39,39],"damage_taken":[{"damage":2.0,"enemies":"ats:Genji","floor":1.0,"turns":4.0},{"damage":0.0,"enemies":"2 Louse","floor":5.0,"turns":1.0},{"damage":0.0,"enemies":"Jaw Worm","floor":7.0,"turns":3.0},{"damage":1.0,"enemies":"3 Sentries","floor":10.0,"turns":4.0},{"damage":22.0,"enemies":"Gremlin Nob","floor":12.0,"turns":4.0},{"damage":11.0,"enemies":"Large Slime","floor":13.0,"turns":3.0},{"damage":23.0,"enemies":"3 Sentries","floor":14.0,"turns":4.0},{"damage":24.0,"enemies":"Slime Boss","floor":16.0,"turns":11.0},{"damage":0.0,"enemies":"3 Byrds","floor":18.0,"turns":2.0},{"damage":128.0,"enemies":"Nightmare","floor":24.0,"turns":12.0},{"damage":0.0,"enemies":"Spheric Guardian","floor":27.0,"turns":3.0},{"damage":7.0,"enemies":"Champ","floor":33.0,"turns":10.0},{"damage":23,"enemies":"3 Shapes","floor":35,"turns":2},{"damage":45,"enemies":"3 Darklings","floor":36,"turns":6},{"damage":6,"enemies":"Spire Growth","floor":39,"turns":4}],"seed_played":"-4781769867435190464","potions_obtained":[{"floor":5.0,"key":"FearPotion"},{"floor":6.0,"key":"EntropicBrew"},{"floor":6.0,"key":"AttackPotion"},{"floor":6.0,"key":"Block Potion"},{"floor":7.0,"key":"FairyPotion"},{"floor":13.0,"key":"HastePotion"},{"floor":24.0,"key":"Strength Potion"},{"floor":27.0,"key":"DistilledChaos"},{"floor":33.0,"key":"FearPotion"},{"floor":35,"key":"Strength Potion"},{"floor":36,"key":"Weak Potion"}],"is_trial":false,"path_per_floor":["M","?","?","$","M","?","M","R","T","E","R","E","M","E","R","B",null,"M","?","T","R","NM","$","T","M","?","?","R","B",null,"M","M","$","?","M"],"character_chosen":"CHRONO_CLASS","items_purchased":["Matryoshka","halation:NonexistentMirror","Dramatic Entrance","ExoVibe","ReapSow","Goo","BeatsPerMinute","Paper Turtyl","HandsUpC","LockedPlans"],"campfire_rested":2,"item_purchase_floors":[0,0,0,0,0,4,4,25,25,37],"current_hp_per_floor":[44,31,31,31,31,31,31,50,50,59,59,54,53,40,40,32,72,72,56,56,56,9,9,9,11,35,35,56,69,72,49,22,22,22,16,16],"gold":76,"neow_bonus":"","is_daily":false,"chose_seed":false,"campfire_upgraded":2,"win_rate":0.0,"timestamp":1613432102,"path_taken":["M","?","?","?","?","?","?","R","T","E","R","E","M","E","R","BOSS","M","?","?","R","NM","$","T","M","?","?","R","BOSS","M","M","$","?","?"],"items_purchased_type":["Relic","Relic","Card","Card","Card","Card","Card","Relic","Card","Card"],"build_version":"2020-12-22","purchased_purges":1,"victory":false,"max_hp_per_floor":[65,65,65,65,65,65,65,65,65,65,65,72,72,72,72,72,72,72,72,72,72,72,72,72,72,72,72,72,72,72,72,72,72,72,72,72],"card_choices":[{"not_picked":["PrimeTime","LockedThread"],"picked":"Parity","floor":1.0},{"not_picked":["infinitespire:FutureSight","infinitespire:NeuralNetwork"],"picked":"infinitespire:Starlight","floor":3.0},{"not_picked":["Parity","BiteCommand"],"picked":"Cuckoo","floor":5.0},{"not_picked":["WakeUpCall","HandsUpC"],"picked":"BiteCommand","floor":7.0},{"not_picked":["Cuckoo","LockedOrichalcum"],"picked":"CrunchTime","floor":10.0},{"not_picked":["CrunchTime","Engulf"],"picked":"LockedAnchor","floor":12.0},{"not_picked":["BackFourSeconds","WatchCommand"],"picked":"LockedBlood","floor":13.0},{"not_picked":["Engulf","TickedOff"],"picked":"Keepsakes","floor":14.0},{"not_picked":["BackFourSeconds","LockedFlame"],"picked":"OracleForm","floor":16.0},{"not_picked":["BeatsPerMinute","WindUp"],"picked":"Analog","floor":18.0},{"not_picked":["ExoVibe","OldTimer"],"picked":"HandsUpC","floor":24.0},{"not_picked":["Engulf+1","WatchCommand"],"picked":"ResonantCall","floor":27.0},{"not_picked":["LockedFlame","MasterKey"],"picked":"OldTimer","floor":33.0},{"not_picked":["LockedThread","HandsUpC"],"picked":"LockedBlood","floor":35},{"not_picked":["Facsimile+1","LockedBlood"],"picked":"WindUp+1","floor":36}],"player_experience":435937,"relics_obtained":[{"floor":9.0,"key":"Mercury Hourglass"},{"floor":9.0,"key":"infinitespire:CheckeredPen"},{"floor":10.0,"key":"hubris:Teleporter"},{"floor":12.0,"key":"Strawberry"},{"floor":14.0,"key":"Incense Burner"},{"floor":19.0,"key":"Enchiridion"},{"floor":21.0,"key":"reliquary:Knoch"},{"floor":24.0,"key":"infinitespire:Midas Blood"},{"floor":26.0,"key":"reliquary:Sideboard"}],"event_choices":[{"damage_healed":0.0,"max_hp_gain":0.0,"max_hp_loss":0.0,"gold_gain":0.0,"event_name":"Shining Light","player_choice":"Entered Light","floor":2.0,"gold_loss":0.0,"damage_taken":13.0,"cards_upgraded":["Defend_Br","Defend_Br"]},{"damage_healed":0.0,"max_hp_gain":0.0,"max_hp_loss":0.0,"gold_gain":0.0,"event_name":"Lab","player_choice":"Got Potions","floor":6.0,"gold_loss":0.0,"damage_taken":0.0},{"damage_healed":0.0,"max_hp_gain":0.0,"max_hp_loss":0.0,"gold_gain":0.0,"event_name":"Cursed Tome","player_choice":"Obtained Book","floor":19.0,"gold_loss":0.0,"damage_taken":16.0},{"damage_healed":24.0,"max_hp_gain":0.0,"max_hp_loss":0.0,"gold_gain":0.0,"event_name":"The Library","player_choice":"Heal","floor":29.0,"gold_loss":0.0,"damage_taken":0.0},{"damage_healed":0.0,"max_hp_gain":0.0,"max_hp_loss":0.0,"gold_gain":0.0,"event_name":"conspire:Investor","player_choice":"Invest 1","floor":31.0,"gold_loss":0.0,"damage_taken":0.0},{"damage_healed":0,"gold_gain":0,"player_choice":"Rummage","damage_taken":0,"relics_obtained":["WarpedTongs"],"max_hp_gain":0,"max_hp_loss":0,"event_name":"Accursed Blacksmith","floor":38,"gold_loss":0,"cards_obtained":["Pain"]}],"is_beta":false,"boss_relics":[{"not_picked":["conspire:SpecialSausage","reliquary:Ember"],"picked":"hubris:GrandSneckoEye"},{"not_picked":["halation:ForbiddenBikini","reliquary:WritOfMandamus"],"picked":"hubris:VirtuousBlindfold"}],"items_purged_floors":[37],"is_endless":true,"potions_floor_spawned":[5,7,13,24,27,33,35,36],"killed_by":"Spire Growth","ascension_level":1}}