{"host":"8am31i0j9qpslrrv","time":1613350950,"event":{"mods":["BaseMod","Curses Come First","Minty Spire (QoL Compilation)","Quick Restart","Replay The Spire","StSLib"],"gold_per_floor":[111,11,24,24,35,35,49,49,103,113,113,113,148,166,166,240,240,253,253,86,86,86],"floor_reached":21,"language":"ENG","playtime":867,"items_purged":["Strike_B","Hyperbeam"],"score":340,"play_id":"22879c78-c7b2-4d79-afd8-bb12eb435f6a","local_time":"20210214200230","is_ascension_mode":true,"campfire_choices":[{"floor":6.0,"key":"REST"},{"floor":12.0,"key":"REST"},{"floor":15.0,"key":"REST"}],"circlet_count":0,"master_deck":["AscendersBane","Strike_B+1","Defend_B","Defend_B","Zap+1","Dualcast","BasicCrystalCard+1","Crystallizer","Seek+1","Chaos","Multi-Cast","Fission","Crystallizer","Crystallizer"],"relics":["FrozenCore","Gremlin Food","Strawberry","Anchor"],"acts_visited":["Exordium","TheCity"],"potions_floor_usage":[21,21],"damage_taken":[{"damage":6.0,"enemies":"Small Slimes","floor":1.0,"turns":4.0},{"damage":2.0,"enemies":"2 Louse","floor":3.0,"turns":3.0},{"damage":1.0,"enemies":"Cultist","floor":5.0,"turns":3.0},{"damage":3.0,"enemies":"3 Louse","floor":7.0,"turns":4.0},{"damage":21.0,"enemies":"Exordium Thugs","floor":10.0,"turns":4.0},{"damage":28.0,"enemies":"3 Sentries","floor":13.0,"turns":8.0},{"damage":0.0,"enemies":"2 Fungi Beasts","floor":14.0,"turns":2.0},{"damage":65,"enemies":"The Guardian","floor":16,"turns":10},{"damage":27,"enemies":"Spheric Guardian","floor":18,"turns":6},{"damage":36,"enemies":"Masked Bandits","floor":21,"turns":4}],"seed_played":"429263967647881881","potions_obtained":[{"floor":3.0,"key":"Ancient Potion"},{"floor":5.0,"key":"Strength Potion"},{"floor":10.0,"key":"LifebloodPotion"},{"floor":13.0,"key":"Energy Potion"},{"floor":18,"key":"LiquidMemories"}],"is_trial":false,"path_per_floor":["M","$","M","?","M","R","M","?","T","M","?","R","E","M","R","B",null,"M","?","$","?"],"character_chosen":"DEFECT","items_purchased":["BasicCrystalCard","Crystallizer"],"campfire_rested":3,"item_purchase_floors":[2,20],"current_hp_per_floor":[58,58,56,56,55,71,68,68,75,54,54,77,49,49,72,7,60,33,33,33,0,0],"gold":86,"neow_bonus":"RANDOM_COMMON_RELIC","is_daily":false,"chose_seed":false,"campfire_upgraded":0,"win_rate":0.0,"timestamp":1613350950,"path_taken":["M","$","M","?","M","R","M","?","T","?","?","R","E","M","R","BOSS","M","?","$","?"],"items_purchased_type":["Card","Card"],"build_version":"2020-12-22","purchased_purges":2,"victory":false,"max_hp_per_floor":[71,71,71,71,71,71,71,71,78,78,78,78,78,78,78,78,78,78,78,78,78,78],"card_choices":[{"not_picked":["Steam","Streamline","Leap"],"picked":"SKIP","floor":1.0},{"not_picked":["Recycle","Storm","Auto Shields"],"picked":"SKIP","floor":3.0},{"not_picked":["Steam Power","BasicCrystalCard"],"picked":"Crystallizer","floor":5.0},{"not_picked":["Tempest","Redo"],"picked":"Seek","floor":7.0},{"not_picked":["Go for the Eyes","Aggregate","Streamline"],"picked":"SKIP","floor":10.0},{"not_picked":["Beam Cell","Melter","Cold Snap"],"picked":"SKIP","floor":13.0},{"not_picked":["Fusion","Streamline"],"picked":"Chaos","floor":14.0},{"not_picked":["All For One","Core Surge"],"picked":"Multi-Cast","floor":16},{"not_picked":["Go for the Eyes","Rebound","Compile Driver"],"picked":"SKIP","floor":18}],"player_experience":792380,"relics_obtained":[{"floor":9.0,"key":"Strawberry"},{"floor":13.0,"key":"Anchor"}],"event_choices":[{"cards_removed":["Defend_B"],"damage_healed":0.0,"max_hp_gain":0.0,"max_hp_loss":0.0,"gold_gain":0.0,"event_name":"Living Wall","player_choice":"Forget","floor":4.0,"gold_loss":0.0,"damage_taken":0.0},{"damage_healed":0.0,"max_hp_gain":0.0,"max_hp_loss":0.0,"gold_gain":0.0,"event_name":"Upgrade Shrine","player_choice":"Upgraded","floor":8.0,"gold_loss":0.0,"damage_taken":0.0,"cards_upgraded":["Zap"]},{"cards_removed":["Strike_B"],"damage_healed":0.0,"max_hp_gain":0.0,"max_hp_loss":0.0,"gold_gain":0.0,"event_name":"Purifier","player_choice":"Purged","floor":11.0,"gold_loss":0.0,"damage_taken":0.0},{"damage_healed":0,"gold_gain":0,"cards_transformed":["Strike_B","Defend_B"],"player_choice":"Became Test Subject","damage_taken":0,"max_hp_gain":0,"max_hp_loss":0,"event_name":"Drug Dealer","floor":19,"gold_loss":0,"cards_obtained":["Hyperbeam","Fission"]},{"damage_healed":0,"gold_gain":0,"player_choice":"Fought Bandits","damage_taken":0,"max_hp_gain":0,"max_hp_loss":0,"event_name":"Masked Bandits","floor":21,"gold_loss":0}],"is_beta":false,"boss_relics":[{"not_picked":["Velvet Choker","Sozu"],"picked":"FrozenCore"}],"items_purged_floors":[2,20],"is_endless":false,"potions_floor_spawned":[3,5,10,13,18],"killed_by":"Masked Bandits","ascension_level":18}}