{"host":"qwv9nni2x0umspiu","time":1613361618,"event":{"mods":["BaseMod","Downfall","Minty Spire (QoL Compilation)","Replay The Spire","StSLib","The Hierophant","Wandering Minibosses"],"gold_per_floor":[116,116,126,201,126,161,177,189,189,189,189,205,105,101,101,101,101],"floor_reached":16,"language":"ENG","playtime":385,"items_purged":["hierophant:Strike_Hierophant","Delirium"],"score":254,"play_id":"a41b7c21-5d31-4828-b36d-1da57567ced1","local_time":"20210214200018","is_ascension_mode":true,"campfire_choices":[{"data":"hierophant:ChurchCoffers","floor":10,"key":"SMITH"},{"data":"hierophant:Defend_Hierophant","floor":15,"key":"PURGE"}],"circlet_count":0,"master_deck":["hierophant:Strike_Hierophant","hierophant:Strike_Hierophant","hierophant:Strike_Hierophant","hierophant:Punish","hierophant:Defend_Hierophant","hierophant:Defend_Hierophant","hierophant:Defend_Hierophant","hierophant:ChurchCoffers+1","hierophant:Zeal","hierophant:Racketeering","hierophant:Exaltation"],"relics":["hierophant:PropheticMaskRelic","NeowsBlessing","Mummified Hand","Replay:Bottled Flurry","Mirror"],"acts_visited":["Exordium"],"potions_floor_usage":[7,8,16],"damage_taken":[{"damage":0,"enemies":"Cultist","floor":1,"turns":1},{"damage":0,"enemies":"Small Slimes","floor":3,"turns":1},{"damage":0,"enemies":"Lagavulin","floor":6,"turns":1},{"damage":0,"enemies":"Jaw Worm","floor":7,"turns":3},{"damage":1,"enemies":"Looter","floor":8,"turns":2},{"damage":6,"enemies":"Lots of Slimes","floor":12,"turns":2},{"damage":4,"enemies":"Red Slaver","floor":14,"turns":3},{"damage":0,"enemies":"The Guardian","floor":16,"turns":2}],"seed_played":"-251210296697801108","potions_obtained":[{"floor":6,"key":"BlessingOfTheForge"},{"floor":7,"key":"champ:CounterPotion"},{"floor":12,"key":"LiquidBronze"},{"floor":14,"key":"AttackPotion"}],"is_trial":false,"path_per_floor":["M","T","M","?","$","E","M","M","T","R","?","M","$","M","R","B"],"character_chosen":"HIEROPHANT","items_purchased":[],"campfire_rested":0,"item_purchase_floors":[],"current_hp_per_floor":[68,68,68,57,57,57,57,56,56,56,56,50,50,46,46,46,46],"gold":101,"neow_bonus":"THREE_ENEMY_KILL","is_daily":false,"chose_seed":false,"campfire_upgraded":1,"win_rate":0.0,"timestamp":1613361618,"path_taken":["M","?","M","?","?","E","M","M","T","R","?","M","$","M","R","BOSS"],"items_purchased_type":[],"build_version":"2020-12-22","purchased_purges":2,"victory":false,"max_hp_per_floor":[75,75,75,75,75,75,75,75,75,75,75,75,75,75,75,75,75],"card_choices":[{"not_picked":["hierophant:Remorse","hierophant:Purify","hierophant:Sermon"],"picked":"SKIP","floor":1},{"not_picked":["hierophant:FlamingChariot","hierophant:ArchangelShield"],"picked":"hierophant:Zeal","floor":3},{"not_picked":["hierophant:Blessing","hierophant:OrnateJavelin","hierophant:Zeal"],"picked":"SKIP","floor":6},{"not_picked":["hierophant:RustyCrate","hierophant:Mercenaries"],"picked":"hierophant:Racketeering","floor":7},{"not_picked":["hierophant:SealAway","hierophant:Shelter"],"picked":"hierophant:Exaltation","floor":8},{"not_picked":["hierophant:Remorse","hierophant:ThreeLashes","hierophant:RepressedViolence"],"picked":"SKIP","floor":12},{"not_picked":["hierophant:FieryStrike","hierophant:ThreeLashes","hierophant:RecallFunds"],"picked":"SKIP","floor":14}],"player_experience":1366046,"relics_obtained":[{"floor":2,"key":"Mummified Hand"},{"floor":6,"key":"Replay:Bottled Flurry"},{"floor":9,"key":"Mirror"}],"event_choices":[{"damage_healed":0,"gold_gain":75,"player_choice":"Gather Gold","damage_taken":11,"max_hp_gain":0,"max_hp_loss":0,"event_name":"World of Goop","floor":4,"gold_loss":0}],"is_beta":false,"boss_relics":[],"items_purged_floors":[5,13],"is_endless":false,"potions_floor_spawned":[6,7,12,14],"killed_by":"The Guardian","ascension_level":20}}