{"host":"bz6w3lfmpwgz81o3","time":1613412915,"event":{"mods":["BaseMod","Downfall","Hermit","Minty Spire (QoL Compilation)","StSLib"],"gold_per_floor":[12,28,28,38,55,84,84,9,32,32,32,48,74,87,87,183,183,202,202,46,56,70,105,122,122,122,122,122],"floor_reached":27,"language":"ENG","playtime":1045,"items_purged":["hermit:Strike_Hermit"],"score":270,"play_id":"4e56dce0-74ec-4194-a675-ebc5e3cba2b9","local_time":"20210215191515","is_ascension_mode":true,"campfire_choices":[{"data":"hermit:Headshot","floor":10,"key":"SMITH"},{"floor":15,"key":"REST"},{"floor":25,"key":"REST"}],"circlet_count":0,"master_deck":["hermit:Defend_Hermit","hermit:Defend_Hermit","hermit:Defend_Hermit","hermit:Defend_Hermit","hermit:Snapshot","hermit:Covet","hermit:WideOpen","hermit:Headshot+1","hermit:Headshot","hermit:Misfire+1","hermit:Adapt","hermit:Shortfuse+1","hermit:BigShot+1","hermit:EternalForm","hermit:Feint"],"relics":["hermit:Momento","Mango","Potion Belt","Bag of Preparation","Astrolabe","champ:Barbells","hexamod:BolsterEngine","CaptainsWheel"],"acts_visited":["Exordium","TheCity"],"potions_floor_usage":[14,16,18,18,21,22],"damage_taken":[{"damage":8,"enemies":"Jaw Worm","floor":1,"turns":4},{"damage":1,"enemies":"Cultist","floor":2,"turns":3},{"damage":0,"enemies":"2 Louse","floor":4,"turns":2},{"damage":9,"enemies":"Large Slime","floor":5,"turns":3},{"damage":14,"enemies":"Gremlin Nob","floor":6,"turns":3},{"damage":6,"enemies":"Exordium Thugs","floor":12,"turns":4},{"damage":11,"enemies":"3 Sentries","floor":13,"turns":7},{"damage":6,"enemies":"Lots of Slimes","floor":14,"turns":3},{"damage":36,"enemies":"Hexaghost","floor":16,"turns":8},{"damage":3,"enemies":"3 Byrds","floor":18,"turns":4},{"damage":1,"enemies":"Spheric Guardian","floor":21,"turns":4},{"damage":18,"enemies":"3 Cultists","floor":22,"turns":5},{"damage":24,"enemies":"Slavers","floor":23,"turns":6},{"damage":36,"enemies":"Snake Plant","floor":24,"turns":5},{"damage":43,"enemies":"Gremlin Leader","floor":27,"turns":6}],"seed_played":"-3889544801712601271","potions_obtained":[{"floor":2,"key":"Strength Potion"},{"floor":5,"key":"SteroidPotion"},{"floor":12,"key":"GamblersBrew"},{"floor":14,"key":"Explosive Potion"},{"floor":18,"key":"PowerPotion"},{"floor":21,"key":"SkillPotion"}],"is_trial":false,"path_per_floor":["M","M","?","M","M","E","?","$","T","R","$","M","E","M","R","B",null,"M","?","$","M","M","E","M","R","T","E"],"character_chosen":"HERMIT","items_purchased":["champ:Barbells"],"campfire_rested":2,"item_purchase_floors":[20],"current_hp_per_floor":[81,80,80,80,71,57,50,50,50,50,50,44,33,27,53,17,89,86,86,86,85,67,43,7,33,33,0,0],"gold":122,"neow_bonus":"ONE_RARE_RELIC","is_daily":false,"chose_seed":false,"campfire_upgraded":1,"win_rate":0.0,"timestamp":1613412915,"path_taken":["M","M","?","?","M","E","?","$","T","R","?","?","E","M","R","BOSS","M","?","$","?","?","E","M","R","T","E"],"items_purchased_type":["Relic"],"build_version":"2020-12-22","purchased_purges":1,"victory":false,"max_hp_per_floor":[89,89,89,89,89,89,89,89,89,89,89,89,89,89,89,89,89,89,89,89,89,89,89,89,89,89,89,89],"card_choices":[{"not_picked":["hermit:Brawl","hermit:Ricochet"],"picked":"hermit:TrackingShot","floor":1},{"not_picked":["hermit:Coalescence","hermit:NoHoldsBarred"],"picked":"hermit:WideOpen","floor":2},{"not_picked":["hermit:Grudge","hermit:Ricochet","hermit:Snipe"],"picked":"SKIP","floor":4},{"not_picked":["hermit:PistolWhip","hermit:CalledShot"],"picked":"hermit:Headshot","floor":5},{"not_picked":["hermit:Virtue","hermit:Dissolve"],"picked":"hermit:Misfire","floor":6},{"not_picked":["hermit:LowProfile","hermit:Roulette","hermit:Coalescence"],"picked":"SKIP","floor":12},{"not_picked":["hermit:Virtue","hermit:BigShot","hermit:WideOpen"],"picked":"SKIP","floor":13},{"not_picked":["hermit:Malice","hermit:LoneWolf","hermit:Ricochet"],"picked":"SKIP","floor":14},{"not_picked":["hermit:Gambit","hermit:Roughhouse"],"picked":"hermit:Adapt","floor":16},{"not_picked":["hermit:Dive","hermit:BodyArmor","hermit:HighCaliber"],"picked":"SKIP","floor":18},{"not_picked":["hermit:Headshot","hermit:Vantage","hermit:Misfire"],"picked":"SKIP","floor":21},{"not_picked":["hermit:HighCaliber","hermit:Gambit"],"picked":"hermit:Feint","floor":22},{"not_picked":["hermit:Brawl","hermit:Roulette+1","hermit:SprayPray+1"],"picked":"SKIP","floor":23},{"not_picked":["hermit:Ricochet","hermit:Vantage","hermit:LowProfile"],"picked":"SKIP","floor":24}],"player_experience":53627,"relics_obtained":[{"floor":6,"key":"Potion Belt"},{"floor":13,"key":"Bag of Preparation"},{"floor":23,"key":"hexamod:BolsterEngine"},{"floor":26,"key":"CaptainsWheel"}],"event_choices":[{"damage_healed":0,"gold_gain":0,"player_choice":"1 cards matched","damage_taken":0,"max_hp_gain":0,"max_hp_loss":0,"event_name":"Match and Keep!","floor":3,"gold_loss":0,"cards_obtained":["hermit:Headshot"]},{"cards_removed":["hermit:Strike_Hermit"],"damage_healed":0,"gold_gain":0,"player_choice":"Card Removal","damage_taken":7,"max_hp_gain":0,"max_hp_loss":0,"event_name":"Golden Wing","floor":7,"gold_loss":0},{"damage_healed":0,"gold_gain":0,"cards_transformed":["hermit:GhostlyPresence"],"player_choice":"Transformed","damage_taken":0,"max_hp_gain":0,"max_hp_loss":0,"event_name":"Transmorgrifier","floor":19,"gold_loss":0,"cards_obtained":["hermit:EternalForm"]}],"is_beta":false,"boss_relics":[{"not_picked":["Philosopher\u0027s Stone","Snecko Eye"],"picked":"Astrolabe"}],"items_purged_floors":[8],"is_endless":false,"potions_floor_spawned":[2,5,12,14,18,21],"killed_by":"Gremlin Leader","ascension_level":2}}