{"host":"rc0y5s0pznrxft0n","time":1613426659,"event":{"mods":["BaseMod","Hermit","Minty Spire (QoL Compilation)","StSLib"],"gold_per_floor":[364,31,206,206,217,245,245,245,268,268,293,309,326,33,33,129,129,158,185,16,16,16,16,50,61,361,388,388,388,414,434,434,538,538,557,570,40,58,42,67,67,67,67,97,124,155,155,168,168,168],"floor_reached":51,"language":"ENG","playtime":3320,"items_purged":["hermit:Strike_Hermit","hermit:DeadOrAlive"],"score":1030,"play_id":"c8f31874-b97b-4c64-9721-84f86bb61bbf","local_time":"20210215170419","is_ascension_mode":true,"campfire_choices":[{"data":"hermit:Feint","floor":7.0,"key":"SMITH"},{"floor":10.0,"key":"REST"},{"data":"hermit:Snapshot","floor":15.0,"key":"SMITH"},{"floor":23,"key":"REST"},{"floor":29,"key":"REST"},{"floor":32,"key":"REST"},{"data":"hermit:Dive","floor":42,"key":"SMITH"},{"floor":49,"key":"REST"}],"circlet_count":0,"master_deck":["hermit:Snapshot+1","hermit:Covet","hermit:Malice","hermit:Snipe","Regret","hermit:HighCaliber","hermit:Feint+1","hermit:HeroicBravado","hermit:Misfire","hermit:EternalForm","hermit:WideOpen","hermit:Snipe","hermit:Purgatory","hermit:HoleUp","hermit:Magnum","hermit:DeadOrAlive","hermit:FlashPowder+1","hermit:Dive+1","hermit:ShadowCloak","Shame","hermit:Quickdraw","hermit:Dive+1","hermit:GhostlyPresence","hermit:Spite","hermit:Spite+1","hermit:RoundhouseKick","hermit:Glare","hermit:Brawl","hermit:Manifest","hermit:NoHoldsBarred","hermit:Dive+1","hermit:Dive+1","hermit:Roughhouse","Forethought","hermit:Horror"],"relics":["hermit:Momento","ClockworkSouvenir","Vajra","Nunchaku","Orichalcum","Tiny Chest","Strawberry","Bag of Preparation","Pandora\u0027s Box","Membership Card","Potion Belt","Regal Pillow","Old Coin","The Courier","Bottled Flame","hermit:BartenderGlass","Lee\u0027s Waffle","Art of War","Lizard Tail","Meat on the Bone","Bag of Marbles","Toy Ornithopter","InkBottle","Juzu Bracelet","Pantograph"],"acts_visited":["Exordium","TheCity","TheBeyond"],"potions_floor_usage":[24,25,33,35,35,36,38,38,38,40,40,40,44,44,44,45,45,46,46,46,46,50,50,50,50,50],"damage_taken":[{"damage":0.0,"enemies":"Cultist","floor":1.0,"turns":3.0},{"damage":0.0,"enemies":"2 Louse","floor":5.0,"turns":2.0},{"damage":29.0,"enemies":"3 Sentries","floor":6.0,"turns":6.0},{"damage":6.0,"enemies":"Gremlin Nob","floor":11.0,"turns":4.0},{"damage":0.0,"enemies":"Small Slimes","floor":12.0,"turns":2.0},{"damage":15.0,"enemies":"Exordium Thugs","floor":13.0,"turns":5.0},{"damage":27.0,"enemies":"The Guardian","floor":16.0,"turns":13.0},{"damage":38.0,"enemies":"3 Byrds","floor":18.0,"turns":3.0},{"damage":0.0,"enemies":"Chosen","floor":19.0,"turns":3.0},{"damage":15,"enemies":"Gremlin Leader","floor":24,"turns":5},{"damage":13,"enemies":"Snake Plant","floor":25,"turns":4},{"damage":30,"enemies":"3 Cultists","floor":27,"turns":6},{"damage":10,"enemies":"Book of Stabbing","floor":30,"turns":7},{"damage":4,"enemies":"Snecko","floor":31,"turns":3},{"damage":42,"enemies":"Collector","floor":33,"turns":12},{"damage":10,"enemies":"3 Darklings","floor":35,"turns":3},{"damage":12,"enemies":"3 Shapes","floor":36,"turns":6},{"damage":12,"enemies":"Writhing Mass","floor":38,"turns":4},{"damage":16,"enemies":"Reptomancer","floor":40,"turns":6},{"damage":38,"enemies":"Nemesis","floor":44,"turns":8},{"damage":13,"enemies":"4 Shapes","floor":45,"turns":3},{"damage":3,"enemies":"Giant Head","floor":46,"turns":6},{"damage":13,"enemies":"Maw","floor":48,"turns":8},{"damage":169,"enemies":"Donu and Deca","floor":50,"turns":13}],"seed_played":"-6867017590537180087","potions_obtained":[{"floor":1.0,"key":"Dexterity Potion"},{"floor":5.0,"key":"SpeedPotion"},{"floor":12.0,"key":"FairyPotion"},{"floor":18.0,"key":"Weak Potion"},{"floor":19.0,"key":"GamblersBrew"},{"floor":31,"key":"LiquidMemories"},{"floor":33,"key":"SteroidPotion"},{"floor":38,"key":"Strength Potion"},{"floor":44,"key":"Block Potion"},{"floor":45,"key":"PowerPotion"},{"floor":48,"key":"Explosive Potion"}],"is_trial":false,"path_per_floor":["M","$","?","?","M","E","R","?","T","R","E","M","M","$","R","B",null,"M","M","$","?","?","R","E","M","T","M","T","R","E","M","R","B",null,"M","M","$","M","$","E","?","R","T","E","M","E","?","M","R","B",null],"character_chosen":"HERMIT","items_purchased":["ClockworkSouvenir","hermit:Snipe","Weak Potion","Strawberry","Bag of Preparation","Membership Card","hermit:ShadowCloak","Lee\u0027s Waffle","Art of War","Lizard Tail","SteroidPotion","Swift Potion","Strength Potion","hermit:Brawl","Meat on the Bone","Bag of Marbles","hermit:NoHoldsBarred"],"campfire_rested":5,"item_purchase_floors":[2,2,2,14,14,20,20,37,37,37,37,37,37,37,37,37,39],"current_hp_per_floor":[68,68,68,68,68,39,39,32,32,52,46,46,31,38,38,11,75,37,37,37,37,37,59,44,31,31,1,1,38,28,24,61,19,75,65,53,82,75,75,59,59,59,59,48,45,62,62,49,83,20],"gold":168,"neow_bonus":"TWO_FIFTY_GOLD","is_daily":false,"chose_seed":false,"campfire_upgraded":3,"win_rate":0.0,"timestamp":1613426659,"path_taken":["M","$","?","?","M","E","R","?","T","R","E","M","M","$","R","BOSS","M","M","$","?","?","R","E","M","T","?","?","R","E","M","R","BOSS","M","M","$","M","?","E","?","R","T","E","M","E","?","M","R","BOSS"],"items_purchased_type":["Relic","Card","Potion","Relic","Relic","Relic","Card","Relic","Relic","Relic","Potion","Potion","Potion","Card","Relic","Relic","Card"],"build_version":"2020-12-22","purchased_purges":2,"victory":true,"max_hp_per_floor":[68,68,68,68,68,68,68,68,68,68,68,68,68,75,75,75,75,75,75,75,75,75,75,75,75,75,75,75,75,75,75,75,75,75,75,75,82,87,87,87,83,83,83,83,83,83,83,83,83,83],"card_choices":[{"not_picked":["hermit:Roulette","hermit:Enervate"],"picked":"hermit:Malice","floor":1.0},{"not_picked":["hermit:Showdown","hermit:Desperado"],"picked":"hermit:HighCaliber","floor":5.0},{"not_picked":["hermit:Deadeye","hermit:FinalCanter"],"picked":"hermit:Feint","floor":6.0},{"not_picked":["hermit:LoneWolf","hermit:Magnum"],"picked":"hermit:HeroicBravado","floor":11.0},{"not_picked":["hermit:LowProfile","hermit:TrackingShot"],"picked":"hermit:Misfire","floor":12.0},{"not_picked":["hermit:Shortfuse","hermit:ItchyTrigger","hermit:Malice"],"picked":"SKIP","floor":13.0},{"not_picked":["hermit:Roughhouse","hermit:Dissolve"],"picked":"hermit:EternalForm","floor":16.0},{"not_picked":["hermit:TakeCover","hermit:Quickdraw"],"picked":"hermit:FlashPowder+1","floor":18.0},{"not_picked":["hermit:Spite","hermit:CalledShot+1"],"picked":"hermit:Dive","floor":19.0},{"not_picked":["hermit:Feint","hermit:GoldenBullet"],"picked":"hermit:Quickdraw","floor":24},{"not_picked":["hermit:CalledShot+1","hermit:HighCaliber"],"picked":"hermit:Dive","floor":25},{"not_picked":["hermit:Misfire","hermit:SprayPray"],"picked":"hermit:GhostlyPresence","floor":27},{"not_picked":["hermit:TrackingShot","hermit:Ricochet"],"picked":"hermit:Spite","floor":30},{"not_picked":["hermit:SprayPray","hermit:DeadOrAlive"],"picked":"hermit:Spite+1","floor":31},{"not_picked":["hermit:DeadOrAlive","hermit:Reprieve"],"picked":"hermit:RoundhouseKick","floor":33},{"not_picked":["hermit:Combo","hermit:Desperado"],"picked":"hermit:Glare","floor":35},{"not_picked":["hermit:BodyArmor+1","hermit:Spite","hermit:Malice+1"],"picked":"SKIP","floor":36},{"not_picked":["hermit:Manifest","hermit:Roulette+1","hermit:CalledShot"],"picked":"SKIP","floor":38},{"not_picked":["hermit:Roulette+1","hermit:CalledShot"],"picked":"hermit:Manifest","floor":38},{"not_picked":["hermit:HighCaliber+1","hermit:TrackingShot"],"picked":"hermit:Dive+1","floor":40},{"not_picked":["hermit:Quickdraw","hermit:Headshot+1"],"picked":"hermit:Dive+1","floor":44},{"not_picked":["hermit:SprayPray","hermit:Deadeye+1","hermit:Cheat+1"],"picked":"SKIP","floor":45},{"not_picked":["hermit:EyeOfTheStorm","hermit:Manifest+1"],"picked":"hermit:Roughhouse","floor":46},{"not_picked":["Trip","Metamorphosis"],"picked":"Forethought","floor":47},{"not_picked":["hermit:Cheat+1","hermit:Misfire+1"],"picked":"hermit:Horror","floor":48}],"player_experience":727233,"relics_obtained":[{"floor":6.0,"key":"Nunchaku"},{"floor":9.0,"key":"Orichalcum"},{"floor":11.0,"key":"Tiny Chest"},{"floor":24,"key":"Regal Pillow"},{"floor":26,"key":"Old Coin"},{"floor":28,"key":"The Courier"},{"floor":30,"key":"Bottled Flame"},{"floor":40,"key":"Toy Ornithopter"},{"floor":43,"key":"InkBottle"},{"floor":44,"key":"Juzu Bracelet"},{"floor":46,"key":"Pantograph"}],"event_choices":[{"damage_healed":0.0,"max_hp_gain":0.0,"max_hp_loss":0.0,"gold_gain":175.0,"event_name":"Liars Game","player_choice":"AGREE","floor":3.0,"gold_loss":0.0,"damage_taken":0.0,"cards_obtained":["Doubt"]},{"damage_healed":0.0,"max_hp_gain":0.0,"max_hp_loss":0.0,"gold_gain":0.0,"event_name":"Big Fish","player_choice":"Box","floor":4.0,"gold_loss":0.0,"damage_taken":0.0,"relics_obtained":["Vajra"],"cards_obtained":["Regret"]},{"cards_removed":["Doubt"],"damage_healed":0.0,"max_hp_gain":0.0,"max_hp_loss":0.0,"gold_gain":0.0,"event_name":"Golden Wing","player_choice":"Card Removal","floor":8.0,"gold_loss":0.0,"damage_taken":7.0},{"damage_healed":0,"gold_gain":0,"player_choice":"Stole Relic","damage_taken":0,"relics_obtained":["Potion Belt"],"max_hp_gain":0,"max_hp_loss":0,"event_name":"Addict","floor":21,"gold_loss":0,"cards_obtained":["Shame"]},{"damage_healed":0,"gold_gain":0,"player_choice":"Forge","damage_taken":0,"max_hp_gain":0,"max_hp_loss":0,"event_name":"Accursed Blacksmith","floor":22,"gold_loss":0,"cards_upgraded":["hermit:Dive"]},{"damage_healed":0,"gold_gain":0,"player_choice":"Max HP","damage_taken":0,"max_hp_gain":0,"max_hp_loss":4,"event_name":"Winding Halls","floor":41,"gold_loss":0},{"damage_healed":0,"gold_gain":0,"player_choice":"Memory 1","damage_taken":0,"max_hp_gain":0,"max_hp_loss":0,"event_name":"SensoryStone","floor":47,"gold_loss":0}],"is_beta":false,"boss_relics":[{"not_picked":["Runic Dome","Empty Cage"],"picked":"Pandora\u0027s Box"},{"not_picked":["Philosopher\u0027s Stone","SlaversCollar"],"picked":"hermit:BartenderGlass"}],"items_purged_floors":[2,37],"is_endless":false,"potions_floor_spawned":[1,5,12,18,19,31,33,38,44,45,48],"ascension_level":4}}