{"host":"qflgfqskngnvva1a","time":1613432683,"event":{"mods":["AchievementEnabler","BaseMod","Better Altar","Better Match","Better Note","Better Sensory Stone","Better Skull","Colored Map","Minty Spire (QoL Compilation)","Permanent Neow","Relic Stats","StSLib","UnlockEverythingMod"],"gold_per_floor":[112,112,133,147,163,163,198,198,198,223,244,16,16,50,50,145,145,166,166,166,184,84,84,107,140,140,178,191,235,235,235,235,329,329,342,342,373,373,393,393,428,428,428,761,796,816,816,848,848,848,848,848,17,50,50],"floor_reached":56,"language":"ENG","playtime":3471,"items_purged":["Strike_G","Strike_G","Defend_G"],"score":2311,"play_id":"bc4eb025-6cd3-4b17-b002-67590a219e05","local_time":"20210215184443","is_ascension_mode":true,"campfire_choices":[{"data":"Noxious Fumes","floor":6.0,"key":"SMITH"},{"data":"Predator","floor":13.0,"key":"SMITH"},{"data":"Deadly Poison","floor":15.0,"key":"SMITH"},{"data":"Wraith Form v2","floor":23,"key":"SMITH"},{"data":"Wraith Form v2","floor":30,"key":"SMITH"},{"data":"Well Laid Plans","floor":32,"key":"SMITH"},{"data":"Catalyst","floor":40,"key":"SMITH"},{"floor":42,"key":"RECALL"},{"data":"Malaise","floor":49,"key":"SMITH"},{"data":"PiercingWail","floor":52,"key":"SMITH"}],"circlet_count":0,"master_deck":["AscendersBane","Defend_G","Defend_G","Defend_G","Survivor","Neutralize+1","Noxious Fumes+1","Leg Sweep","Dash","Predator+1","Deadly Poison+1","Well Laid Plans+1","Wraith Form v2+1","Wraith Form v2+1","PiercingWail","PiercingWail+1","Night Terror","Dagger Spray+1","Leg Sweep+1","Backstab+1","Catalyst+1","Bouncing Flask+1","Malaise+1","Crippling Poison","Predator"],"relics":["Ring of the Snake","Incense Burner","CaptainsWheel","Odd Mushroom","Lee\u0027s Waffle","Ice Cream","Velvet Choker","InkBottle","Anchor","Tiny Chest","Juzu Bracelet","Astrolabe","TungstenRod","Girya","Letter Opener","Akabeko","Toy Ornithopter","Vajra","Boot","Chemical X","Nunchaku"],"acts_visited":["Exordium","TheCity","TheBeyond","TheEnding"],"potions_floor_usage":[21,55,55,55,55],"damage_taken":[{"damage":0.0,"enemies":"Cultist","floor":1.0,"turns":5.0},{"damage":0.0,"enemies":"2 Louse","floor":3.0,"turns":3.0},{"damage":0.0,"enemies":"Small Slimes","floor":4.0,"turns":5.0},{"damage":0.0,"enemies":"2 Fungi Beasts","floor":5.0,"turns":4.0},{"damage":43.0,"enemies":"Gremlin Nob","floor":7.0,"turns":6.0},{"damage":1.0,"enemies":"The Mushroom Lair","floor":10.0,"turns":5.0},{"damage":0.0,"enemies":"Exordium Wildlife","floor":11.0,"turns":5.0},{"damage":0.0,"enemies":"3 Sentries","floor":14.0,"turns":6.0},{"damage":3.0,"enemies":"The Guardian","floor":16.0,"turns":10.0},{"damage":1,"enemies":"Shell Parasite","floor":18,"turns":4},{"damage":1,"enemies":"Chosen","floor":21,"turns":5},{"damage":0,"enemies":"Snecko","floor":24,"turns":7},{"damage":3,"enemies":"Book of Stabbing","floor":25,"turns":7},{"damage":1,"enemies":"Gremlin Leader","floor":27,"turns":7},{"damage":0,"enemies":"Cultist and Chosen","floor":28,"turns":7},{"damage":0,"enemies":"Book of Stabbing","floor":29,"turns":8},{"damage":13,"enemies":"Champ","floor":33,"turns":18},{"damage":0,"enemies":"3 Darklings","floor":35,"turns":7},{"damage":0,"enemies":"Mind Bloom Boss Battle","floor":37,"turns":9},{"damage":0,"enemies":"3 Shapes","floor":39,"turns":6},{"damage":0,"enemies":"Nemesis","floor":41,"turns":5},{"damage":0,"enemies":"Giant Head","floor":45,"turns":5},{"damage":0,"enemies":"Writhing Mass","floor":46,"turns":4},{"damage":0,"enemies":"Reptomancer","floor":48,"turns":6},{"damage":19,"enemies":"Awakened One","floor":50,"turns":12},{"damage":0,"enemies":"Shield and Spear","floor":54,"turns":6},{"damage":12,"enemies":"The Heart","floor":55,"turns":9}],"seed_played":"4102853891399052811","potions_obtained":[{"floor":1.0,"key":"GhostInAJar"},{"floor":7.0,"key":"Fire Potion"},{"floor":28,"key":"AttackPotion"},{"floor":29,"key":"Energy Potion"}],"is_trial":false,"path_per_floor":["M","?","M","M","M","R","E","?","T","?","M","$","R","E","R","B",null,"M","?","?","M","$","R","M","E","T","E","M","E","R","?","R","B",null,"M","?","?","T","M","R","E","R","T","?","E","M","?","E","R","B",null,"R","$","E","B",null],"character_chosen":"THE_SILENT","items_purchased":["Lee\u0027s Waffle","EntropicBrew","Crippling Poison","Predator","Vajra","Boot","Chemical X"],"campfire_rested":0,"item_purchase_floors":[12,53,53,53,53,53,53],"current_hp_per_floor":[59,59,59,59,59,59,16,9,9,8,8,67,67,67,67,64,66,65,65,49,48,48,48,48,45,45,44,44,44,44,44,44,31,58,58,58,58,58,58,58,58,58,58,58,58,58,58,58,58,39,58,58,58,58,52],"gold":50,"neow_bonus":"UPGRADE_CARD","is_daily":false,"chose_seed":false,"campfire_upgraded":9,"win_rate":0.0,"timestamp":1613432683,"path_taken":["M","?","M","M","M","R","E","?","T","?","M","$","R","E","R","BOSS","M","?","?","?","$","R","M","E","T","E","M","E","R","?","R","BOSS","M","?","?","?","M","R","E","R","T","?","E","M","?","E","R","BOSS","R","$","E","BOSS"],"items_purchased_type":["Relic","Potion","Card","Card","Relic","Relic","Relic"],"build_version":"2020-12-22","purchased_purges":3,"victory":true,"max_hp_per_floor":[66,60,60,60,60,60,60,60,60,60,60,67,67,67,67,67,67,67,67,67,67,67,67,67,67,67,67,67,67,67,67,67,67,67,67,64,64,64,64,64,64,64,64,64,64,64,64,64,64,64,64,64,64,64,64],"relic_stats":{"Lee\u0027s Waffle":59,"counters":[27,181],"Astrolabe":["Dagger Spray","Leg Sweep","Backstab"],"Juzu Bracelet":1,"Letter Opener":[25],"Boot":[3],"Nunchaku":[0],"Tiny Chest":1,"Chemical X":[3],"obtain_stats":[{"Ice Cream":14,"Girya":41,"Lee\u0027s Waffle":12,"Golden Idol":2,"Astrolabe":34,"Velvet Choker":17,"Vajra":53,"Incense Burner":7,"Juzu Bracelet":29,"Letter Opener":43,"Odd Mushroom":10,"Boot":53,"Akabeko":45,"CaptainsWheel":9,"Anchor":26,"Nunchaku":54,"Tiny Chest":27,"Chemical X":53,"InkBottle":25,"TungstenRod":37,"Toy Ornithopter":48,"Ring of the Snake":0},{"Ice Cream":8,"Girya":21,"Lee\u0027s Waffle":7,"Golden Idol":1,"Astrolabe":17,"Velvet Choker":9,"Vajra":25,"Incense Burner":5,"Juzu Bracelet":16,"Letter Opener":21,"Odd Mushroom":6,"Boot":25,"Akabeko":22,"CaptainsWheel":5,"Anchor":13,"Nunchaku":26,"Tiny Chest":14,"Chemical X":25,"InkBottle":13,"TungstenRod":19,"Toy Ornithopter":24,"Ring of the Snake":0},{"Ice Cream":39,"Girya":139,"Lee\u0027s Waffle":33,"Golden Idol":5,"Astrolabe":112,"Velvet Choker":49,"Vajra":166,"Incense Burner":23,"Juzu Bracelet":94,"Letter Opener":139,"Odd Mushroom":28,"Boot":166,"Akabeko":144,"CaptainsWheel":23,"Anchor":72,"Nunchaku":172,"Tiny Chest":79,"Chemical X":166,"InkBottle":72,"TungstenRod":128,"Toy Ornithopter":154,"Ring of the Snake":0}],"InkBottle":[30],"TungstenRod":72,"Toy Ornithopter":6,"Ring of the Snake":[54]},"card_choices":[{"not_picked":["Finisher","Deadly Poison"],"picked":"Noxious Fumes","floor":1.0},{"not_picked":["Flechettes","Catalyst"],"picked":"Leg Sweep","floor":3.0},{"not_picked":["Bane","Slice"],"picked":"Dash","floor":4.0},{"not_picked":["Dodge and Roll","Backstab","Outmaneuver"],"picked":"SKIP","floor":5.0},{"not_picked":["Riddle With Holes","All Out Attack"],"picked":"Predator","floor":7.0},{"not_picked":["Prepared","Outmaneuver"],"picked":"Deadly Poison","floor":10.0},{"not_picked":["Backflip","Unload","Outmaneuver"],"picked":"SKIP","floor":11.0},{"not_picked":["Dodge and Roll","Sucker Punch"],"picked":"Well Laid Plans","floor":14.0},{"not_picked":["Burst","Venomology"],"picked":"Wraith Form v2","floor":16.0},{"not_picked":["Underhanded Strike+1","Bane","Slice"],"picked":"SKIP","floor":18},{"not_picked":["Terror","Dagger Throw","Cloak And Dagger"],"picked":"SKIP","floor":21},{"not_picked":["Terror","Outmaneuver","Dodge and Roll"],"picked":"SKIP","floor":24},{"not_picked":["Quick Slash","Deadly Poison","Prepared"],"picked":"SKIP","floor":25},{"not_picked":["Outmaneuver","Dagger Throw"],"picked":"PiercingWail","floor":27},{"not_picked":["Masterful Stab","Eviscerate","Backstab"],"picked":"SKIP","floor":28},{"not_picked":["Blade Dance","Heel Hook"],"picked":"PiercingWail","floor":29},{"not_picked":["Unload","After Image"],"picked":"Night Terror","floor":33},{"not_picked":["Eviscerate","Backflip+1"],"picked":"Catalyst","floor":35},{"not_picked":["Deflect","Sucker Punch"],"picked":"Bouncing Flask+1","floor":39},{"not_picked":["Blade Dance","Poisoned Stab+1","Endless Agony+1"],"picked":"SKIP","floor":41},{"not_picked":["Cloak And Dagger","Underhanded Strike","Dagger Throw"],"picked":"SKIP","floor":45},{"not_picked":["Choke","Prepared","Cloak And Dagger"],"picked":"SKIP","floor":46},{"not_picked":["Backflip+1","Finisher"],"picked":"Malaise","floor":48},{"not_picked":["Masterful Stab+1","Sucker Punch","Terror"],"picked":"SKIP","floor":54}],"player_experience":0,"relics_obtained":[{"floor":7.0,"key":"Incense Burner"},{"floor":9.0,"key":"CaptainsWheel"},{"floor":10.0,"key":"Odd Mushroom"},{"floor":14.0,"key":"Ice Cream"},{"floor":25,"key":"InkBottle"},{"floor":26,"key":"Anchor"},{"floor":27,"key":"Tiny Chest"},{"floor":29,"key":"Juzu Bracelet"},{"floor":37,"key":"TungstenRod"},{"floor":41,"key":"Girya"},{"floor":43,"key":"Letter Opener"},{"floor":45,"key":"Akabeko"},{"floor":48,"key":"Toy Ornithopter"},{"floor":54,"key":"Nunchaku"}],"event_choices":[{"damage_healed":0.0,"max_hp_gain":0.0,"max_hp_loss":6.0,"gold_gain":0.0,"event_name":"Golden Idol","player_choice":"Lose Max HP","floor":2.0,"gold_loss":0.0,"damage_taken":0.0,"relics_obtained":["Golden Idol"]},{"cards_removed":["Strike_G"],"damage_healed":0.0,"max_hp_gain":0.0,"max_hp_loss":0.0,"gold_gain":0.0,"event_name":"Golden Wing","player_choice":"Card Removal","floor":8.0,"gold_loss":0.0,"damage_taken":7.0},{"damage_healed":0.0,"max_hp_gain":0.0,"max_hp_loss":0.0,"gold_gain":0.0,"event_name":"Mushrooms","player_choice":"Fought Mushrooms","floor":10.0,"gold_loss":0.0,"damage_taken":0.0},{"cards_removed":["Predator"],"damage_healed":0,"gold_gain":0,"player_choice":"Give","damage_taken":0,"max_hp_gain":0,"max_hp_loss":0,"event_name":"betterNote:BetterNote","floor":19,"gold_loss":0,"cards_obtained":["None"]},{"damage_healed":0,"gold_gain":2,"player_choice":"2","damage_taken":0,"max_hp_gain":0,"max_hp_loss":16,"event_name":"betterStone:BetterStone","floor":20,"gold_loss":0},{"damage_healed":0,"gold_gain":0,"player_choice":"Ignored","damage_taken":0,"max_hp_gain":0,"max_hp_loss":0,"event_name":"Vampires","floor":31,"gold_loss":0},{"damage_healed":0,"gold_gain":0,"player_choice":"Max HP","damage_taken":0,"max_hp_gain":0,"max_hp_loss":3,"event_name":"Winding Halls","floor":36,"gold_loss":0},{"damage_healed":0,"gold_gain":0,"player_choice":"Fight","damage_taken":0,"max_hp_gain":0,"max_hp_loss":0,"event_name":"MindBloom","floor":37,"gold_loss":0},{"damage_healed":0,"gold_gain":333,"player_choice":"Gave Idol","damage_taken":0,"max_hp_gain":0,"max_hp_loss":0,"event_name":"The Moai Head","floor":44,"relics_lost":["Golden Idol"],"gold_loss":0},{"damage_healed":0,"gold_gain":0,"player_choice":"Ignored","damage_taken":0,"max_hp_gain":0,"max_hp_loss":0,"event_name":"Tomb of Lord Red Mask","floor":47,"gold_loss":0}],"is_beta":false,"boss_relics":[{"not_picked":["Ectoplasm","WristBlade"],"picked":"Velvet Choker"},{"not_picked":["Calling Bell","Empty Cage"],"picked":"Astrolabe"}],"items_purged_floors":[12,22,53],"is_endless":false,"potions_floor_spawned":[1,7,11,14,16,18,28,29,33,39,41,45],"ascension_level":15}}