{"host":"txona5ehdq2r96f3","time":1613428763,"event":{"mods":["2.2 Compatiblity","AchievementEnabler","Aspiration","Bard","BaseMod","Beaked The Cultist","Colored Powertips","Conspire","Downfall","Halation","Hubris","Infinite Spire","Mad Scientist","Marisa????????","Minty Spire (QoL Compilation)","Random Character Button","Rare Cards Sparkle","Reliquary","Replay The Spire","StSLib","The Animator","The Cursed","The Disciple","The Necromancer","The Runesmith","The Servant 0.9.4","Unceasing Turn Reminder","egg","everything is the same but u backflip on backflip"],"gold_per_floor":[123,123,26,26,41,41,76,96,96,96,96,96],"floor_reached":11,"language":"ENG","playtime":781,"items_purged":[],"score":96,"play_id":"be3c7c7a-5999-4008-8e57-8dad502d3b74","local_time":"20210215233923","is_ascension_mode":false,"campfire_choices":[{"data":"animator:Urushihara","floor":6,"key":"SMITH"}],"circlet_count":0,"master_deck":["animator:Strike_Konosuba","animator:Defend_Konosuba","animator:Strike","animator:Strike","animator:Strike","animator:Defend","animator:Defend","animator:Defend","animator:Kazuma+1","animator:Aqua","animator:YunYun","animator:Urushihara+1","animator:Evileye","animator:Tet"],"relics":["animator:LivingPicture","animator:TheMissingPiece","animator:PurgingStone","NeowsBlessing","reliquary:Spinner","animator:BattleDrones","hubris:Towel"],"acts_visited":["Exordium"],"potions_floor_usage":[],"damage_taken":[{"damage":0,"enemies":"Jaw Worm","floor":1,"turns":1},{"damage":0,"enemies":"2 Louse","floor":5,"turns":2},{"damage":0,"enemies":"Lagavulin","floor":7,"turns":2},{"damage":0,"enemies":"conspire:RoseBush","floor":8,"turns":4},{"damage":71,"enemies":"Gremlin Nob","floor":11,"turns":6}],"seed_played":"-7279521678003584838","potions_obtained":[],"is_trial":false,"path_per_floor":["M","?","$","?","M","R","E","M","T","?","E"],"character_chosen":"THE_ANIMATOR","items_purchased":["animator:Urushihara"],"campfire_rested":0,"item_purchase_floors":[3],"current_hp_per_floor":[66,66,66,66,66,66,66,66,66,66,0,0],"gold":96,"neow_bonus":"THREE_ENEMY_KILL","is_daily":false,"chose_seed":false,"campfire_upgraded":1,"win_rate":0.0,"timestamp":1613428763,"path_taken":["M","?","$","?","M","R","E","M","T","?","E"],"items_purchased_type":["Card"],"build_version":"2020-12-22","purchased_purges":0,"victory":false,"max_hp_per_floor":[66,66,66,66,66,66,66,66,66,66,66,66],"card_choices":[{"not_picked":["animator:Mitsuba","animator:Ara"],"picked":"animator:YunYun","floor":1},{"not_picked":["animator:ChaikaBohdan","animator:IrohaTamaki"],"picked":"animator:Evileye","floor":5},{"not_picked":["animator:OrikoMikuni","animator:Guren","animator:Guy"],"picked":"SKIP","floor":7},{"not_picked":["animator:ChlammyZell","animator:DolaSchwi"],"picked":"animator:Tet","floor":8}],"player_experience":144000,"relics_obtained":[{"floor":7,"key":"reliquary:Spinner"},{"floor":9,"key":"animator:BattleDrones"}],"event_choices":[{"damage_healed":0,"gold_gain":0,"player_choice":"Leave","damage_taken":0,"max_hp_gain":0,"max_hp_loss":0,"event_name":"conspire:Investor","floor":2,"gold_loss":0}],"is_beta":false,"boss_relics":[],"items_purged_floors":[],"is_endless":false,"potions_floor_spawned":[],"killed_by":"Gremlin Nob","ascension_level":0}}