{"host":"i0avyit1s6jb1siw","time":1613421140,"event":{"mods":["BaseMod","DeckTracker","Dota2Spire","Highlight Path","Minty Spire (QoL Compilation)","Quick Restart","StSLib","SuperFastMode"],"gold_per_floor":[116,61,61,136,149,180,180,213,213,213,213,38,49,66,81,81,81,158,158,111,131,31,47,47,47,47,47],"floor_reached":26,"language":"ENG","playtime":523,"items_purged":["Strike_R","Strike_R"],"score":432,"play_id":"edef23fb-da07-4c2f-98b9-46ad12833f35","local_time":"20210215213220","is_ascension_mode":true,"campfire_choices":[{"data":"Carnage","floor":7.0,"key":"SMITH"},{"floor":11.0,"key":"DIG"},{"data":"Demon Form","floor":16.0,"key":"SMITH"},{"floor":17.0,"key":"DIG"},{"floor":25.0,"key":"DIG"}],"circlet_count":0,"master_deck":["AscendersBane","Strike_R","Defend_R","Defend_R","Defend_R","Defend_R","Bash+1","Wild Strike+1","Shrug It Off","Carnage+1","Spot Weakness","Demon Form+1","Flame Barrier","Armaments","Shrug It Off","Power Through","Feed","Pommel Strike","Second Wind+1","Writhe"],"relics":["Burning Blood","Eternal Feather","Shovel","Dota2Spire:AghanimScepter","CaptainsWheel","Orichalcum","Empty Cage","Anchor","Omamori"],"acts_visited":["Exordium","TheCity"],"potions_floor_usage":[26],"damage_taken":[{"damage":10.0,"enemies":"2 Louse","floor":1.0,"turns":4.0},{"damage":7.0,"enemies":"Small Slimes","floor":5.0,"turns":4.0},{"damage":28.0,"enemies":"Gremlin Nob","floor":6.0,"turns":4.0},{"damage":30.0,"enemies":"3 Sentries","floor":8.0,"turns":7.0},{"damage":0.0,"enemies":"Jaw Worm","floor":13.0,"turns":2.0},{"damage":11.0,"enemies":"Looter","floor":14.0,"turns":2.0},{"damage":3.0,"enemies":"Exordium Thugs","floor":15.0,"turns":6.0},{"damage":47.0,"enemies":"The Guardian","floor":18.0,"turns":11.0},{"damage":27.0,"enemies":"2 Thieves","floor":20.0,"turns":5.0},{"damage":4.0,"enemies":"Chosen","floor":21.0,"turns":7.0},{"damage":35.0,"enemies":"Centurion and Healer","floor":23.0,"turns":10.0},{"damage":37,"enemies":"Gremlin Leader","floor":26,"turns":4}],"seed_played":"-2087656231205095216","potions_obtained":[{"floor":5.0,"key":"Dota2Spire:HealingSalve"},{"floor":6.0,"key":"ColorlessPotion"},{"floor":8.0,"key":"Regen Potion"},{"floor":23.0,"key":"AttackPotion"}],"is_trial":false,"path_per_floor":["M","$","?","?","M","E","R","E","T","T","R","$","M","M","M","R","R","B",null,"M","M","$","M","?","R","E"],"character_chosen":"IRONCLAD","items_purchased":["Shrug It Off","Flame Barrier","Armaments"],"campfire_rested":0,"item_purchase_floors":[2,12,12],"current_hp_per_floor":[64,64,64,53,52,39,48,24,24,24,33,33,39,34,37,46,55,29,64,46,51,51,25,25,37,0,0],"gold":47,"neow_bonus":"UPGRADE_CARD","is_daily":false,"chose_seed":false,"campfire_upgraded":2,"win_rate":0.0,"timestamp":1613421140,"path_taken":["M","$","?","?","M","E","R","E","T","T","R","?","M","M","M","R","R","BOSS","M","M","$","M","?","R","E"],"items_purchased_type":["Card","Card","Card"],"build_version":"2020-12-22","purchased_purges":2,"victory":false,"max_hp_per_floor":[75,75,75,75,75,75,75,75,75,75,75,75,75,75,75,75,75,75,75,78,81,81,84,84,84,84,84],"card_choices":[{"not_picked":["Iron Wave","Thunderclap"],"picked":"Wild Strike","floor":1.0},{"not_picked":["Thunderclap","Rage"],"picked":"Carnage","floor":5.0},{"not_picked":["Limit Break","Thunderclap"],"picked":"Spot Weakness","floor":6.0},{"not_picked":["Havoc","Armaments"],"picked":"Demon Form","floor":8.0},{"not_picked":["Warcry","Thunderclap","Pommel Strike"],"picked":"SKIP","floor":13.0},{"not_picked":["Body Slam","Evolve"],"picked":"Shrug It Off","floor":14.0},{"not_picked":["Anger","Sword Boomerang"],"picked":"Power Through","floor":15.0},{"not_picked":["Limit Break","Juggernaut"],"picked":"Feed","floor":18.0},{"not_picked":["Havoc","Dark Embrace+1"],"picked":"Pommel Strike","floor":20.0},{"not_picked":["Pommel Strike","Headbutt","Intimidate"],"picked":"SKIP","floor":21.0},{"not_picked":["Intimidate","Pommel Strike"],"picked":"Second Wind+1","floor":23.0}],"player_experience":2438756,"relics_obtained":[{"floor":6.0,"key":"Eternal Feather"},{"floor":8.0,"key":"Shovel"},{"floor":9.0,"key":"Dota2Spire:AghanimScepter"},{"floor":11.0,"key":"CaptainsWheel"},{"floor":17.0,"key":"Orichalcum"},{"floor":25.0,"key":"Omamori"}],"event_choices":[{"damage_healed":0.0,"max_hp_gain":0.0,"max_hp_loss":0.0,"gold_gain":0.0,"event_name":"Living Wall","player_choice":"Grow","floor":3.0,"gold_loss":0.0,"damage_taken":0.0,"cards_upgraded":["Wild Strike"]},{"damage_healed":0.0,"max_hp_gain":0.0,"max_hp_loss":0.0,"gold_gain":75.0,"event_name":"World of Goop","player_choice":"Gather Gold","floor":4.0,"gold_loss":0.0,"damage_taken":11.0},{"damage_healed":0.0,"max_hp_gain":0.0,"max_hp_loss":0.0,"gold_gain":0.0,"event_name":"The Mausoleum","player_choice":"Opened","floor":24.0,"gold_loss":0.0,"damage_taken":0.0,"relics_obtained":["Anchor"],"cards_obtained":["Writhe"]}],"is_beta":false,"boss_relics":[{"not_picked":["SlaversCollar","Black Star"],"picked":"Empty Cage"}],"items_purged_floors":[12,22],"is_endless":false,"potions_floor_spawned":[5,6,8,23],"killed_by":"Gremlin Leader","ascension_level":20}}