{"host":"b9sas8jv6tsy9swm","time":1613388502,"event":{"mods":["AchievementEnabler","BaseMod","Minty Spire (QoL Compilation)","Permanent Neow","Quick Restart","Replay The Spire","StSLib"],"gold_per_floor":[118,136,136,136,386,427,427,466,513,513,529,542,567,567,567,567,567],"floor_reached":16,"language":"ZHS","playtime":1419,"items_purged":[],"score":149,"play_id":"e70d08eb-e3ab-4831-b70c-96f4922a04fe","local_time":"20210215192822","is_ascension_mode":true,"campfire_choices":[{"data":"Blade Dance","floor":7.0,"key":"SMITH"},{"floor":10.0,"key":"REST"},{"floor":15.0,"key":"REST"}],"circlet_count":0,"master_deck":["Strike_G","Strike_G","Strike_G","Strike_G","Strike_G","Defend_G","Defend_G","Defend_G","Defend_G","Defend_G","Survivor","Neutralize","Hidden Blade","Blade Dance+1","Acrobatics","Eviscerate","Tools of the Trade"],"relics":["Ring of the Snake","Unceasing Top","Golden Idol","Nunchaku","Toy Ornithopter","Juzu Bracelet"],"acts_visited":["Exordium"],"potions_floor_usage":[],"damage_taken":[{"damage":0.0,"enemies":"Jaw Worm","floor":1.0,"turns":6.0},{"damage":0.0,"enemies":"Small Slimes","floor":2.0,"turns":3.0},{"damage":19.0,"enemies":"3 Sentries","floor":6.0,"turns":8.0},{"damage":15.0,"enemies":"Lagavulin","floor":8.0,"turns":6.0},{"damage":0.0,"enemies":"Cultist","floor":11.0,"turns":2.0},{"damage":5.0,"enemies":"Lots of Slimes","floor":12.0,"turns":5.0},{"damage":16.0,"enemies":"Exordium Thugs","floor":13.0,"turns":6.0},{"damage":0,"enemies":"Fading Forest","floor":16,"turns":1}],"seed_played":"-2591898782986206486","potions_obtained":[{"floor":1.0,"key":"Fire Potion"},{"floor":2.0,"key":"Explosive Potion"},{"floor":6.0,"key":"SmokeBomb"},{"floor":12.0,"key":"LiquidMemories"}],"is_trial":false,"path_per_floor":["M","M","?","?","?","E","R","E","T","R","M","M","M","?","R","B"],"character_chosen":"THE_SILENT","items_purchased":[],"campfire_rested":2,"item_purchase_floors":[],"current_hp_per_floor":[63,63,63,58,58,39,39,24,24,41,41,36,20,20,37,37,37],"gold":567,"neow_bonus":"ONE_RARE_RELIC","is_daily":false,"chose_seed":false,"campfire_upgraded":1,"win_rate":0.0,"timestamp":1613388502,"path_taken":["M","M","?","?","?","E","R","E","T","R","M","M","M","?","R","BOSS"],"items_purchased_type":[],"build_version":"2020-12-22","purchased_purges":0,"victory":false,"max_hp_per_floor":[63,63,63,58,58,58,58,58,58,58,58,58,58,58,58,58,58],"card_choices":[{"not_picked":["Flechettes","Cloak And Dagger"],"picked":"Heel Hook","floor":1.0},{"not_picked":["Bane","All Out Attack"],"picked":"Hidden Blade","floor":2.0},{"not_picked":["Leg Sweep","Terror"],"picked":"Blade Dance","floor":5.0},{"not_picked":["ReplayTheSpireMod:Exploit Weakness","Blade Dance","Dagger Throw"],"picked":"SKIP","floor":6.0},{"not_picked":["Flechettes","ReplayTheSpireMod:Scrap Shanks","Hidden Blade"],"picked":"SKIP","floor":8.0},{"not_picked":["Hidden Blade","Infinite Blades"],"picked":"Acrobatics","floor":11.0},{"not_picked":["PiercingWail","Poison Darts","Backflip"],"picked":"SKIP","floor":12.0},{"not_picked":["Predator","Noxious Fumes"],"picked":"Eviscerate","floor":13.0}],"player_experience":379883,"relics_obtained":[{"floor":6.0,"key":"Nunchaku"},{"floor":8.0,"key":"Toy Ornithopter"},{"floor":9.0,"key":"Juzu Bracelet"}],"event_choices":[{"damage_healed":0.0,"max_hp_gain":0.0,"max_hp_loss":0.0,"gold_gain":0.0,"event_name":"Liars Game","player_choice":"Ignored","floor":3.0,"gold_loss":0.0,"damage_taken":0.0},{"damage_healed":0.0,"max_hp_gain":0.0,"max_hp_loss":5.0,"gold_gain":0.0,"event_name":"Golden Idol","player_choice":"Lose Max HP","floor":4.0,"gold_loss":0.0,"damage_taken":0.0,"relics_obtained":["Golden Idol"]},{"damage_healed":0.0,"max_hp_gain":0.0,"max_hp_loss":0.0,"gold_gain":0.0,"cards_transformed":["Heel Hook"],"event_name":"Transmorgrifier","player_choice":"Transformed","floor":14.0,"gold_loss":0.0,"damage_taken":0.0,"cards_obtained":["Tools of the Trade"]}],"is_beta":false,"boss_relics":[],"items_purged_floors":[],"is_endless":false,"potions_floor_spawned":[1,2,6,12],"killed_by":"Fading Forest","ascension_level":7}}