{"host":"o88u0awh8mkwl1l8","time":1613366033,"event":{"mods":["BaseMod","Colored Map","Highlight Path","Minty Spire (QoL Compilation)"],"gold_per_floor":[113,130,130,146,166,191,191,223,223,242,273,273,300,318,318,392,392,405,251,251,270,286,286,286],"floor_reached":23,"language":"JPN","playtime":1505,"items_purged":["Strike_P"],"score":496,"play_id":"726cdf2b-0809-4897-aba2-f99d7df20c24","local_time":"20210215141353","is_ascension_mode":true,"campfire_choices":[{"data":"Eruption","floor":7.0,"key":"SMITH"},{"data":"CutThroughFate","floor":12.0,"key":"SMITH"},{"data":"SpiritShield","floor":15.0,"key":"SMITH"}],"circlet_count":0,"master_deck":["AscendersBane","Strike_P","Strike_P","Strike_P","Defend_P","Defend_P","Defend_P","Eruption+1","Vigilance","CutThroughFate+1","BattleHymn","CrushJoints","Protect","Consecrate","EmptyMind","FearNoEvil","SpiritShield+1","Blasphemy","Wallop","Wallop"],"relics":["PureWater","Ancient Tea Set","Kunai","Turnip","Torii","FossilizedHelix","Black Star"],"acts_visited":["Exordium","TheCity"],"potions_floor_usage":[23,23],"damage_taken":[{"damage":0.0,"enemies":"Jaw Worm","floor":1.0,"turns":5.0},{"damage":2.0,"enemies":"Cultist","floor":2.0,"turns":3.0},{"damage":1.0,"enemies":"Small Slimes","floor":4.0,"turns":4.0},{"damage":0.0,"enemies":"Blue Slaver","floor":5.0,"turns":4.0},{"damage":0.0,"enemies":"Lagavulin","floor":6.0,"turns":4.0},{"damage":5.0,"enemies":"3 Sentries","floor":8.0,"turns":5.0},{"damage":8.0,"enemies":"Gremlin Gang","floor":10.0,"turns":3.0},{"damage":6.0,"enemies":"Lagavulin","floor":11.0,"turns":7.0},{"damage":1.0,"enemies":"Gremlin Nob","floor":13.0,"turns":3.0},{"damage":0.0,"enemies":"3 Louse","floor":14.0,"turns":4.0},{"damage":8.0,"enemies":"The Guardian","floor":16.0,"turns":9.0},{"damage":1.0,"enemies":"Shell Parasite","floor":18.0,"turns":4.0},{"damage":35.0,"enemies":"3 Byrds","floor":21.0,"turns":6.0},{"damage":8.0,"enemies":"Snake Plant","floor":22.0,"turns":5.0},{"damage":32,"enemies":"Book of Stabbing","floor":23,"turns":4}],"seed_played":"1064597488265402166","potions_obtained":[{"floor":4.0,"key":"BottledMiracle"},{"floor":5.0,"key":"FearPotion"},{"floor":8.0,"key":"Block Potion"},{"floor":10.0,"key":"DuplicationPotion"},{"floor":13.0,"key":"DistilledChaos"},{"floor":21.0,"key":"StancePotion"}],"is_trial":false,"path_per_floor":["M","M","?","M","M","E","R","E","T","M","E","R","E","M","R","B",null,"M","$","?","M","M","E"],"character_chosen":"WATCHER","items_purchased":["Wallop"],"campfire_rested":0,"item_purchase_floors":[19],"current_hp_per_floor":[67,65,70,69,69,69,69,64,64,56,50,50,49,49,49,41,70,69,69,69,34,26,0,0],"gold":286,"neow_bonus":"TEN_PERCENT_HP_BONUS","is_daily":false,"chose_seed":false,"campfire_upgraded":3,"win_rate":0.0,"timestamp":1613366033,"path_taken":["M","M","?","M","M","E","R","E","T","M","E","R","E","M","R","BOSS","M","$","?","M","M","E"],"items_purchased_type":["Card"],"build_version":"2020-12-22","purchased_purges":1,"victory":false,"max_hp_per_floor":[74,74,79,79,79,79,79,79,79,79,79,79,79,79,79,79,79,79,79,79,79,79,79,79],"card_choices":[{"not_picked":["SandsOfTime","WheelKick"],"picked":"CutThroughFate","floor":1.0},{"not_picked":["MentalFortress","CutThroughFate"],"picked":"BattleHymn","floor":2.0},{"not_picked":["Indignation","Prostrate","BattleHymn"],"picked":"SKIP","floor":4.0},{"not_picked":["Perseverance","SignatureMove"],"picked":"CrushJoints","floor":5.0},{"not_picked":["Perseverance","Adaptation"],"picked":"Protect","floor":6.0},{"not_picked":["PathToVictory","FlyingSleeves"],"picked":"Consecrate","floor":8.0},{"not_picked":["Nirvana","Vengeance"],"picked":"EmptyMind","floor":10.0},{"not_picked":["Weave","EmptyMind"],"picked":"FearNoEvil","floor":11.0},{"not_picked":["Adaptation","BowlingBash"],"picked":"SpiritShield","floor":13.0},{"not_picked":["EmptyMind","Halt","ClearTheMind"],"picked":"SKIP","floor":14.0},{"not_picked":["MasterReality","Brilliance"],"picked":"Blasphemy","floor":16.0},{"not_picked":["ThirdEye","EmptyBody"],"picked":"Wallop","floor":21.0},{"not_picked":["FollowUp+1","Prostrate","Evaluate"],"picked":"SKIP","floor":22.0},{"not_picked":["FollowUp+1","Prostrate","Evaluate"],"picked":"SKIP","floor":22.0}],"player_experience":1242834,"relics_obtained":[{"floor":6.0,"key":"Ancient Tea Set"},{"floor":8.0,"key":"Kunai"},{"floor":9.0,"key":"Turnip"},{"floor":11.0,"key":"Torii"},{"floor":13.0,"key":"FossilizedHelix"}],"event_choices":[{"damage_healed":0.0,"max_hp_gain":5.0,"max_hp_loss":0.0,"gold_gain":0.0,"event_name":"Big Fish","player_choice":"Donut","floor":3.0,"gold_loss":0.0,"damage_taken":0.0},{"cards_removed":["Defend_P"],"damage_healed":0.0,"max_hp_gain":0.0,"max_hp_loss":0.0,"gold_gain":0.0,"event_name":"Purifier","player_choice":"Purged","floor":20.0,"gold_loss":0.0,"damage_taken":0.0}],"is_beta":false,"boss_relics":[{"not_picked":["Astrolabe","Runic Dome"],"picked":"Black Star"}],"items_purged_floors":[19],"is_endless":false,"potions_floor_spawned":[4,5,8,10,13,21,22],"killed_by":"Book of Stabbing","ascension_level":20}}