{"host":"6ulps5ednfgqn0to","time":1613410046,"event":{"mods":["AchievementEnabler","BaseMod","Colored Map","Highlight Path","Minty Spire (QoL Compilation)","Relic Sorter","Relic Stats","StSLib"],"gold_per_floor":[113,113,125,141,416,450,450,462,530,530,530],"floor_reached":10,"language":"ENG","playtime":232,"items_purged":[],"score":68,"play_id":"2da6e334-dcfa-4714-b828-5f0a3a95a864","local_time":"20210215192726","is_ascension_mode":false,"campfire_choices":[{"floor":7,"key":"REST"}],"circlet_count":0,"master_deck":["Strike_B+1","Strike_B","Strike_B","Strike_B+1","Defend_B","Defend_B","Defend_B","Defend_B","Zap","Dualcast","Ball Lightning","Streamline","Fission","Regret","Biased Cognition","Ball Lightning"],"relics":["Sozu","Ice Cream","Blue Candle"],"acts_visited":["Exordium"],"potions_floor_usage":[],"damage_taken":[{"damage":0,"enemies":"Small Slimes","floor":1,"turns":3},{"damage":0,"enemies":"Cultist","floor":3,"turns":3},{"damage":11,"enemies":"Jaw Worm","floor":4,"turns":2},{"damage":48,"enemies":"Gremlin Nob","floor":6,"turns":5},{"damage":17,"enemies":"Exordium Thugs","floor":8,"turns":4},{"damage":8,"enemies":"3 Sentries","floor":10,"turns":2}],"seed_played":"9071401689203757668","potions_obtained":[],"is_trial":false,"path_per_floor":["M","?","M","M","?","E","R","M","T","E"],"character_chosen":"DEFECT","items_purchased":[],"campfire_rested":1,"item_purchase_floors":[],"current_hp_per_floor":[75,60,60,49,49,1,23,6,6,0,0],"gold":530,"neow_bonus":"BOSS_RELIC","is_daily":false,"chose_seed":false,"campfire_upgraded":0,"win_rate":0.0,"timestamp":1613410046,"path_taken":["M","?","M","M","?","E","R","?","T","E"],"items_purchased_type":[],"build_version":"2020-12-22","purchased_purges":0,"victory":false,"max_hp_per_floor":[75,75,75,75,75,75,75,75,75,75,75],"relic_stats":{"Sozu":1,"counters":[6,19],"Blue Candle":[0],"obtain_stats":[{"Sozu":0,"Ice Cream":6,"Blue Candle":9,"Cracked Core":0},{"Sozu":0,"Ice Cream":4,"Blue Candle":5,"Cracked Core":0},{"Sozu":0,"Ice Cream":13,"Blue Candle":17,"Cracked Core":0}]},"card_choices":[{"not_picked":["Stack","Sweeping Beam"],"picked":"Ball Lightning","floor":1},{"not_picked":["Aggregate","White Noise"],"picked":"Streamline","floor":3},{"not_picked":["Consume","Stack"],"picked":"Fission","floor":4},{"not_picked":["Chill","Steam"],"picked":"Biased Cognition","floor":6},{"not_picked":["Chaos","Go for the Eyes"],"picked":"Ball Lightning","floor":8}],"player_experience":30397,"relics_obtained":[{"floor":6,"key":"Ice Cream"},{"floor":9,"key":"Blue Candle"}],"event_choices":[{"damage_healed":0,"gold_gain":0,"player_choice":"Entered Light","damage_taken":15,"max_hp_gain":0,"max_hp_loss":0,"event_name":"Shining Light","floor":2,"gold_loss":0,"cards_upgraded":["Strike_B","Strike_B"]},{"damage_healed":0,"gold_gain":275,"player_choice":"Desecrate","damage_taken":0,"max_hp_gain":0,"max_hp_loss":0,"event_name":"Golden Shrine","floor":5,"gold_loss":0,"cards_obtained":["Regret"]}],"is_beta":false,"boss_relics":[],"items_purged_floors":[],"is_endless":false,"potions_floor_spawned":[8],"killed_by":"3 Sentries","ascension_level":0}}