{"host":"d52brwsy6af8zvaq","time":1613358037,"event":{"mods":["AchievementEnabler","BaseMod","Bestiary","Highlight Path","Minty Spire (QoL Compilation)","Quick Restart","Relic Stats","ojb\u0027s Better Paths Mod"],"gold_per_floor":[112,112,129,146,160,160,160,160],"floor_reached":7,"language":"ENG","playtime":379,"items_purged":[],"score":86,"play_id":"f9834262-11ec-435e-9434-4261407e3c36","local_time":"20210214200037","is_ascension_mode":true,"campfire_choices":[{"data":"Zap","floor":6.0,"key":"SMITH"}],"circlet_count":0,"master_deck":["AscendersBane","Strike_B","Strike_B","Strike_B","Defend_B","Defend_B","Defend_B","Defend_B","Zap+1","Dualcast","Reboot","Coolheaded","Seek","Zap","Compile Driver","Barrage","Melter"],"relics":["Cracked Core"],"acts_visited":["Exordium"],"potions_floor_usage":[7],"damage_taken":[{"damage":7.0,"enemies":"Cultist","floor":1.0,"turns":4.0},{"damage":2.0,"enemies":"2 Louse","floor":3.0,"turns":3.0},{"damage":4.0,"enemies":"Jaw Worm","floor":4.0,"turns":7.0},{"damage":8.0,"enemies":"Large Slime","floor":5.0,"turns":5.0},{"damage":32,"enemies":"3 Sentries","floor":7,"turns":6}],"seed_played":"-2071935476509197335","potions_obtained":[{"floor":3.0,"key":"SneckoOil"},{"floor":4.0,"key":"SkillPotion"},{"floor":5.0,"key":"Ancient Potion"}],"is_trial":false,"path_per_floor":["M","?","M","M","M","R","E"],"character_chosen":"DEFECT","items_purchased":[],"campfire_rested":0,"item_purchase_floors":[],"current_hp_per_floor":[57,57,55,51,43,43,11,11],"gold":160,"neow_bonus":"TRANSFORM_CARD","is_daily":false,"chose_seed":false,"campfire_upgraded":1,"win_rate":0.0,"timestamp":1613358037,"path_taken":["M","?","M","M","?","R","E"],"items_purchased_type":[],"build_version":"2020-12-22","purchased_purges":0,"victory":false,"max_hp_per_floor":[71,71,71,71,71,71,71,71],"relic_stats":{"counters":[5,25],"obtain_stats":[{"Cracked Core":0},{"Cracked Core":0},{"Cracked Core":0}]},"card_choices":[{"not_picked":["Turbo","Rip and Tear"],"picked":"Coolheaded","floor":1.0},{"not_picked":["Undo","Loop"],"picked":"Compile Driver","floor":3.0},{"not_picked":["Heatsinks","Compile Driver"],"picked":"Barrage","floor":4.0},{"not_picked":["Coolheaded","White Noise"],"picked":"Melter","floor":5.0}],"player_experience":2270503,"relics_obtained":[],"event_choices":[{"damage_healed":0.0,"max_hp_gain":0.0,"max_hp_loss":0.0,"gold_gain":0.0,"event_name":"Match and Keep!","player_choice":"2 cards matched","floor":2.0,"gold_loss":0.0,"damage_taken":0.0,"cards_obtained":["Seek","Zap"]}],"is_beta":false,"boss_relics":[],"items_purged_floors":[],"is_endless":false,"potions_floor_spawned":[3,4,5],"killed_by":"3 Sentries","ascension_level":20}}