{"host":"y6zg4wwu39otf01a","time":1613414268,"event":{"mods":["Act Like it!","Aspiration","BaseMod","Better Altar","Better Match","Better Note","Better Sensory Stone","Better Skull","Better Third Choice","Challenge The Spire","Colored Map","Colored Powertips","Conspire","GifTheSpireLib","Glutton Mod","Halation","Hermit","Highlight Path","Hubris","Infinite Spire","Mimic Mod","Minty Spire (QoL Compilation)","Quick Restart","Random Character Button","Rare Cards Sparkle","Replay The Spire","Retaliation","Spicy Shops","StSLib","Stuff the Spire","The Blue Laboratory","The Jungle"],"gold_per_floor":[113,40,57,57,75,75,7,26,26,57,72,83,203,221,221,221,221],"floor_reached":16,"language":"ENG","playtime":682,"items_purged":[],"score":153,"play_id":"7472f9bc-4728-4401-bf27-352539593952","local_time":"20210215123748","is_ascension_mode":true,"campfire_choices":[{"data":"Venomology","floor":6,"key":"SMITH"},{"data":"ForeignInfluence","floor":15,"key":"SMITH"}],"circlet_count":0,"master_deck":["Strike_P","Strike_P","Strike_P","Strike_P","Defend_P","Defend_P","Eruption","Vigilance","Tantrum","Deadly Poison","StuffTheSpire:Python","Venomology+1","Crescendo","FollowUp","WreathOfFlame","ForeignInfluence+1"],"relics":["PureWater","StuffTheSpire:HistoryBook","Happy Flower","StuffTheSpire:TintedRock","Regal Pillow"],"acts_visited":["Exordium"],"potions_floor_usage":[5,8,10,12,13,13,14,16,16,16],"damage_taken":[{"damage":0,"enemies":"Cultist","floor":1,"turns":3},{"damage":0,"enemies":"2 Louse","floor":3,"turns":2},{"damage":0,"enemies":"Small Slimes","floor":5,"turns":2},{"damage":9,"enemies":"Blue Slaver","floor":8,"turns":2},{"damage":23,"enemies":"Lagavulin","floor":10,"turns":3},{"damage":0,"enemies":"Large Slime","floor":11,"turns":4},{"damage":0,"enemies":"Exordium Wildlife","floor":12,"turns":2},{"damage":0,"enemies":"Gremlin Nob","floor":13,"turns":2},{"damage":11,"enemies":"Looter","floor":14,"turns":2},{"damage":42,"enemies":"The Guardian","floor":16,"turns":3}],"seed_played":"-3936777275197198536","potions_obtained":[{"floor":5,"key":"Energy Potion"},{"floor":11,"key":"blueLaboratory:AlphaPotion"},{"floor":14,"key":"blueLaboratory:MidnightOil"}],"is_trial":false,"path_per_floor":["M","$","M","?","M","R","$","M","T","E","M","M","E","M","R","B"],"character_chosen":"WATCHER","items_purchased":["StuffTheSpire:HistoryBook","FollowUp"],"campfire_rested":0,"item_purchase_floors":[2,7],"current_hp_per_floor":[79,79,79,79,79,79,79,70,70,49,49,49,49,38,38,0,0],"gold":221,"neow_bonus":"TEN_PERCENT_HP_BONUS","is_daily":false,"chose_seed":false,"campfire_upgraded":2,"win_rate":0.0,"timestamp":1613414268,"path_taken":["M","$","?","?","M","R","?","M","T","E","M","M","E","M","R","BOSS"],"items_purchased_type":["Relic","Card"],"build_version":"2020-12-22","purchased_purges":0,"victory":false,"max_hp_per_floor":[79,79,79,79,79,79,79,79,79,81,81,81,81,81,81,81,81],"card_choices":[{"not_picked":["CrushJoints","ThirdEye"],"picked":"Halt","floor":1},{"not_picked":["Conclude","CrushJoints"],"picked":"Tantrum","floor":3},{"not_picked":["JustLucky","Study"],"picked":"Crescendo","floor":5},{"not_picked":["EmptyFist","FlyingSleeves","FollowUp"],"picked":"SKIP","floor":8},{"not_picked":["Sanctity","Replay:Anticipation","Consecrate"],"picked":"SKIP","floor":10},{"not_picked":["JustLucky","FlyingSleeves"],"picked":"WreathOfFlame","floor":11},{"not_picked":["InnerPeace","SashWhip","EmptyFist"],"picked":"SKIP","floor":12},{"not_picked":["FollowUp","Evaluate","FearNoEvil"],"picked":"SKIP","floor":13},{"not_picked":["SignatureMove","Prostrate"],"picked":"ForeignInfluence","floor":14}],"player_experience":834758,"relics_obtained":[{"floor":9,"key":"Happy Flower"},{"floor":10,"key":"StuffTheSpire:TintedRock"},{"floor":13,"key":"Regal Pillow"}],"event_choices":[],"is_beta":false,"boss_relics":[],"items_purged_floors":[],"is_endless":false,"potions_floor_spawned":[5,11,13,14],"killed_by":"The Guardian","ascension_level":2}}