{"host":"szp1d6dso4pv7ddl","time":1613360197,"event":{"mods":["AchievementEnabler","Alarm Clock","BaseMod","Bestiary","Block Reminder","Colored Map","Colored Powertips","Curses Come First","Dark Map","Displayed Cursed Tome","Highlight Path","Minty Spire (QoL Compilation)","Permanent Neow","Quick Restart","Relic Sorter","Relic Stats","StSLib","Synergy Search"],"gold_per_floor":[109,127,127,142,142,142,142],"floor_reached":6,"language":"ENG","playtime":307,"items_purged":[],"score":72,"play_id":"56639a86-83be-41c2-b5bf-0b58eec4d1a7","local_time":"20210214193637","is_ascension_mode":true,"campfire_choices":[],"circlet_count":0,"master_deck":["AscendersBane","Strike_G","Strike_G","Strike_G","Strike_G","Strike_G","Defend_G","Defend_G","Defend_G","Defend_G","Defend_G","Survivor","Neutralize","Finesse","Underhanded Strike","Acrobatics"],"relics":["Ring of the Snake","InkBottle"],"acts_visited":["Exordium"],"potions_floor_usage":[],"damage_taken":[{"damage":0,"enemies":"Cultist","floor":1,"turns":4},{"damage":4,"enemies":"Jaw Worm","floor":2,"turns":4},{"damage":0,"enemies":"Small Slimes","floor":4,"turns":4},{"damage":63,"enemies":"Gremlin Nob","floor":6,"turns":5}],"seed_played":"2135295086234741677","potions_obtained":[{"floor":2,"key":"Energy Potion"},{"floor":4,"key":"LiquidMemories"}],"is_trial":false,"path_per_floor":["M","M","?","M","?","E"],"character_chosen":"THE_SILENT","items_purchased":[],"campfire_rested":0,"item_purchase_floors":[],"current_hp_per_floor":[59,55,55,55,60,0,0],"gold":142,"neow_bonus":"RANDOM_COLORLESS","is_daily":false,"chose_seed":false,"campfire_upgraded":0,"win_rate":0.0,"timestamp":1613360197,"path_taken":["M","?","?","?","?","E"],"items_purchased_type":[],"build_version":"2020-12-22","purchased_purges":0,"victory":false,"max_hp_per_floor":[66,66,66,66,71,71,71],"relic_stats":{"counters":[4,17],"obtain_stats":[{"InkBottle":3,"Ring of the Snake":0},{"InkBottle":2,"Ring of the Snake":0},{"InkBottle":8,"Ring of the Snake":0}],"InkBottle":[2],"Ring of the Snake":[8]},"card_choices":[{"not_picked":["Trip","Dramatic Entrance"],"picked":"Finesse","floor":0},{"not_picked":["Concentrate","Sucker Punch"],"picked":"Underhanded Strike","floor":1},{"not_picked":["Slice","Footwork"],"picked":"Acrobatics","floor":2},{"not_picked":["Catalyst","Expertise","Dodge and Roll"],"picked":"SKIP","floor":4}],"player_experience":1580706,"relics_obtained":[],"event_choices":[{"damage_healed":0,"gold_gain":0,"player_choice":"Gave Potion","damage_taken":0,"relics_obtained":["InkBottle"],"max_hp_gain":0,"max_hp_loss":0,"event_name":"WeMeetAgain","floor":3,"gold_loss":0},{"damage_healed":0,"gold_gain":0,"player_choice":"Donut","damage_taken":0,"max_hp_gain":5,"max_hp_loss":0,"event_name":"Big Fish","floor":5,"gold_loss":0}],"is_beta":false,"boss_relics":[],"items_purged_floors":[],"is_endless":false,"potions_floor_spawned":[2,4],"killed_by":"Gremlin Nob","ascension_level":20}}