{"host":"8hlq24ta5nit70vz","time":1613419103,"event":{"mods":["Act Like it!","BaseMod","Better Skull","Better Third Choice","Friendly Minions","Highlight Path","Minty Spire (QoL Compilation)","Relic Stats","Replay The Spire","Robot Space Explorer","Shop Mod","Spicy Shops","StSLib","The Marked","The Servant 0.9.4","TheFirefly"],"gold_per_floor":[119,119,133,133,133,133,146,146,174,190,190,205,2,22,55,71,71,170,170,187,187,187,102,4,4,4,4,4],"floor_reached":27,"language":"ENG","playtime":1728,"items_purged":[],"score":221,"play_id":"6f3961cc-15aa-4a19-996c-d2e34f18f545","local_time":"20210215205823","is_ascension_mode":false,"campfire_choices":[{"data":"theMarked:Reabsorb","floor":8,"key":"SMITH"},{"floor":17,"key":"REST"}],"circlet_count":0,"master_deck":["theMarked:Strike","theMarked:Strike","theMarked:Strike","theMarked:Strike","theMarked:Defend","theMarked:Defend","theMarked:Defend","theMarked:Defend","theMarked:SoldierOfQuellstein+1","Dramatic Entrance","theMarked:Frustration","theMarked:TwofoldDefense","theMarked:Electrify","theMarked:Reabsorb+1","theMarked:Electrocute","theMarked:WardOff","theMarked:Indomitable","theMarked:Determination+1","theMarked:ChannelForce","theMarked:GodGivenPower","theMarked:Aftermath","theMarked:Vacuum+1","theMarked:Improvise","theMarked:BanishingStrike+1"],"relics":["theMarked:ArtifactOfAir","Pet Ghost","Nunchaku","Golden Egg","Mummified Hand","Ring of Chaos","Nilry\u0027s Codex","Replay:Bottled Flurry"],"acts_visited":["Exordium","TheCity"],"potions_floor_usage":[3,15,18],"damage_taken":[{"damage":0,"enemies":"Cultist","floor":1,"turns":3},{"damage":11,"enemies":"Jaw Worm","floor":3,"turns":2},{"damage":0,"enemies":"Small Slimes","floor":7,"turns":1},{"damage":21,"enemies":"Lagavulin","floor":9,"turns":5},{"damage":0,"enemies":"Blue Slaver","floor":10,"turns":3},{"damage":0,"enemies":"2 Fungi Beasts","floor":12,"turns":2},{"damage":0,"enemies":"Exordium Wildlife","floor":14,"turns":2},{"damage":4,"enemies":"Replay:BlueRogue","floor":15,"turns":4},{"damage":7,"enemies":"Blue Slaver","floor":16,"turns":4},{"damage":40,"enemies":"The Guardian","floor":18,"turns":8},{"damage":20,"enemies":"Spheric Guardian","floor":20,"turns":4},{"damage":21,"enemies":"Replay:Snechameleon","floor":27,"turns":5}],"seed_played":"7977774330439428669","potions_obtained":[{"floor":1,"key":"AttackPotion"},{"floor":10,"key":"Ancient Potion"},{"floor":14,"key":"BlessingOfTheForge"},{"floor":16,"key":"theMarked:ChargePotion"},{"floor":18,"key":"Milkshake"}],"is_trial":false,"path_per_floor":["M","?","M","?","PTL","PTL","M","R","E","M","T","M","$","M","E","M","R","B",null,"M","?","?","?","$","PTL","PTL","E"],"character_chosen":"THE_DEFAULT","items_purchased":["theMarked:Determination+1","Golden Egg","theMarked:BanishingStrike"],"campfire_rested":1,"item_purchase_floors":[13,13,24],"current_hp_per_floor":[70,70,59,59,59,59,59,59,38,38,38,38,38,38,34,27,48,8,70,50,37,21,21,21,21,21,0,0],"gold":4,"neow_bonus":"RANDOM_COLORLESS","is_daily":false,"chose_seed":false,"campfire_upgraded":1,"win_rate":0.0,"timestamp":1613419103,"path_taken":["M","?","M","?","PTL","PTL","M","R","E","M","T","M","$","M","E","?","R","BOSS","M","?","?","?","?","PTL","PTL","E"],"items_purchased_type":["Card","Relic","Card"],"build_version":"2020-12-22","purchased_purges":0,"victory":false,"max_hp_per_floor":[70,70,70,70,70,70,70,70,70,70,70,70,70,70,70,70,70,70,70,70,75,75,75,75,75,75,75,75],"relic_stats":{"Nunchaku":[4],"counters":[12,43],"Mummified Hand":[7],"obtain_stats":[{"theMarked:ArtifactOfAir":0,"Golden Egg":13,"Nunchaku":11,"Mummified Hand":15,"Nilry\u0027s Codex":22,"Ring of Chaos":19,"Replay:Bottled Flurry":23,"Pet Ghost":9},{"theMarked:ArtifactOfAir":0,"Golden Egg":6,"Nunchaku":5,"Mummified Hand":8,"Nilry\u0027s Codex":11,"Ring of Chaos":10,"Replay:Bottled Flurry":11,"Pet Ghost":4},{"theMarked:ArtifactOfAir":0,"Golden Egg":16,"Nunchaku":14,"Mummified Hand":22,"Nilry\u0027s Codex":38,"Ring of Chaos":34,"Replay:Bottled Flurry":38,"Pet Ghost":11}]},"card_choices":[{"not_picked":["Dark Shackles","Replay:Sssssssssshield"],"picked":"Dramatic Entrance","floor":0},{"not_picked":["theMarked:Overthink","theMarked:TakeCover"],"picked":"theMarked:Frustration","floor":1},{"not_picked":["theMarked:TheMission","theMarked:Heritage"],"picked":"theMarked:TwofoldDefense","floor":3},{"not_picked":["theMarked:HeightenedSenses","theMarked:Aftermath"],"picked":"theMarked:Reabsorb","floor":7},{"not_picked":["theMarked:ChannelForce","theMarked:Memento"],"picked":"theMarked:Electrocute","floor":9},{"not_picked":["theMarked:Improvise","theMarked:ChainLightning"],"picked":"theMarked:WardOff","floor":10},{"not_picked":["theMarked:TakeCover","theMarked:Determination"],"picked":"theMarked:Indomitable","floor":12},{"not_picked":["theMarked:BiggerThanFate","theMarked:Memento"],"picked":"theMarked:ChannelForce","floor":14},{"not_picked":["theMarked:Aftermath","theMarked:TwofoldDefense"],"picked":"theMarked:GodGivenPower","floor":15},{"not_picked":["theMarked:HeightenedSenses","theMarked:ChainLightning"],"picked":"theMarked:Aftermath","floor":16},{"not_picked":["theMarked:BindingBlade","theMarked:FavorableWinds"],"picked":"theMarked:Vacuum","floor":18},{"not_picked":["theMarked:TwofoldDefense","theMarked:Parkour"],"picked":"theMarked:Improvise","floor":20}],"player_experience":288662,"relics_obtained":[{"floor":9,"key":"Pet Ghost"},{"floor":11,"key":"Nunchaku"},{"floor":15,"key":"Mummified Hand"},{"floor":22,"key":"Nilry\u0027s Codex"}],"event_choices":[{"damage_healed":0,"gold_gain":0,"player_choice":"Grow","damage_taken":0,"max_hp_gain":0,"max_hp_loss":0,"event_name":"Living Wall","floor":2,"gold_loss":0,"cards_upgraded":["theMarked:SoldierOfQuellstein"]},{"damage_healed":0,"gold_gain":0,"cards_transformed":["theMarked:Strike"],"player_choice":"Transformed","damage_taken":0,"max_hp_gain":0,"max_hp_loss":0,"event_name":"Transmorgrifier","floor":4,"gold_loss":0,"cards_obtained":["theMarked:Electrify"]},{"damage_healed":0,"gold_gain":0,"player_choice":"Shed Blood","damage_taken":18,"max_hp_gain":5,"max_hp_loss":0,"event_name":"Forgotten Altar","floor":21,"gold_loss":0},{"damage_healed":0,"gold_gain":0,"player_choice":"Obtained Book","damage_taken":16,"max_hp_gain":0,"max_hp_loss":0,"event_name":"Cursed Tome","floor":22,"gold_loss":0},{"damage_healed":0,"gold_gain":0,"player_choice":"Obtained Relic","damage_taken":0,"relics_obtained":["Replay:Bottled Flurry"],"max_hp_gain":0,"max_hp_loss":0,"event_name":"Addict","floor":23,"gold_loss":85}],"is_beta":false,"boss_relics":[{"not_picked":["theMarked:SpiritSword","ChewingGum"],"picked":"Ring of Chaos"}],"items_purged_floors":[],"is_endless":false,"potions_floor_spawned":[1,10,14,16,18],"killed_by":"Replay:Snechameleon","ascension_level":0}}