{"host":"9n6i2vl93jt4o42q","time":1613389954,"event":{"mods":["BaseMod","Minty Spire (QoL Compilation)","Relic Stats"],"gold_per_floor":[115,115,140,155,155,155,174,208,280,280,294,369,385,385,385,385,385],"floor_reached":16,"language":"ENG","playtime":634,"items_purged":[],"score":204,"play_id":"e6ae612e-dce2-45c8-b746-b893c1e16cc2","local_time":"20210215125234","is_ascension_mode":true,"campfire_choices":[{"data":"Poisoned Stab","floor":6,"key":"SMITH"},{"floor":10,"key":"REST"},{"data":"Deadly Poison","floor":15,"key":"SMITH"}],"circlet_count":0,"master_deck":["AscendersBane","Strike_G","Strike_G","Strike_G","Strike_G","Strike_G","Defend_G","Defend_G","Defend_G","Defend_G","Survivor","Neutralize","Poisoned Stab+1","Blade Dance","Cloak And Dagger","Night Terror","Deadly Poison+1","Dagger Throw","Bane"],"relics":["Ring of the Snake","Golden Idol","Du-Vu Doll","Kunai","Eternal Feather"],"acts_visited":["Exordium"],"potions_floor_usage":[8,16],"damage_taken":[{"damage":4,"enemies":"Jaw Worm","floor":1,"turns":6},{"damage":4,"enemies":"Cultist","floor":3,"turns":5},{"damage":0,"enemies":"2 Louse","floor":4,"turns":3},{"damage":15,"enemies":"Exordium Wildlife","floor":7,"turns":4},{"damage":36,"enemies":"Gremlin Nob","floor":8,"turns":4},{"damage":3,"enemies":"Red Slaver","floor":11,"turns":3},{"damage":1,"enemies":"Looter","floor":13,"turns":3},{"damage":23,"enemies":"The Guardian","floor":16,"turns":5}],"seed_played":"-3224888436786298735","potions_obtained":[{"floor":3,"key":"Energy Potion"},{"floor":4,"key":"GamblersBrew"}],"is_trial":false,"path_per_floor":["M","?","M","M","?","R","M","E","T","R","M","?","M","T","R","B"],"character_chosen":"THE_SILENT","items_purchased":[],"campfire_rested":1,"item_purchase_floors":[],"current_hp_per_floor":[61,61,57,57,57,57,42,6,6,25,22,11,10,10,19,0,0],"gold":385,"neow_bonus":"TEN_PERCENT_HP_BONUS","is_daily":false,"chose_seed":false,"campfire_upgraded":2,"win_rate":0.0,"timestamp":1613389954,"path_taken":["M","?","M","M","?","R","?","E","T","R","M","?","M","?","R","BOSS"],"items_purchased_type":[],"build_version":"2020-12-22","purchased_purges":0,"victory":false,"max_hp_per_floor":[72,65,65,65,65,65,65,65,65,65,65,65,65,65,65,65,65],"relic_stats":{"counters":[8,33],"Golden Idol":25,"Eternal Feather":9,"Kunai":[6],"obtain_stats":[{"Du-Vu Doll":8,"Golden Idol":2,"Eternal Feather":14,"Kunai":9,"Ring of the Snake":0},{"Du-Vu Doll":5,"Golden Idol":1,"Eternal Feather":7,"Kunai":5,"Ring of the Snake":0},{"Du-Vu Doll":22,"Golden Idol":6,"Eternal Feather":28,"Kunai":22,"Ring of the Snake":0}],"Ring of the Snake":[16]},"card_choices":[{"not_picked":["Choke","Eviscerate"],"picked":"Poisoned Stab","floor":1},{"not_picked":["Prepared","Underhanded Strike"],"picked":"Blade Dance","floor":3},{"not_picked":["Acrobatics","Skewer"],"picked":"Cloak And Dagger","floor":4},{"not_picked":["Reflex","Crippling Poison"],"picked":"Deadly Poison","floor":7},{"not_picked":["Infinite Blades","Flying Knee"],"picked":"Dagger Throw","floor":8},{"not_picked":["Underhanded Strike","Distraction","Flying Knee"],"picked":"SKIP","floor":11},{"not_picked":["Concentrate","Acrobatics"],"picked":"Bane","floor":13}],"player_experience":2570891,"relics_obtained":[{"floor":8,"key":"Du-Vu Doll"},{"floor":9,"key":"Kunai"},{"floor":14,"key":"Eternal Feather"}],"event_choices":[{"damage_healed":0,"gold_gain":0,"player_choice":"Lose Max HP","damage_taken":0,"relics_obtained":["Golden Idol"],"max_hp_gain":0,"max_hp_loss":7,"event_name":"Golden Idol","floor":2,"gold_loss":0},{"damage_healed":0,"gold_gain":0,"cards_transformed":["Defend_G"],"player_choice":"Transformed","damage_taken":0,"max_hp_gain":0,"max_hp_loss":0,"event_name":"Transmorgrifier","floor":5,"gold_loss":0,"cards_obtained":["Night Terror"]},{"damage_healed":0,"gold_gain":75,"player_choice":"Gather Gold","damage_taken":11,"max_hp_gain":0,"max_hp_loss":0,"event_name":"World of Goop","floor":12,"gold_loss":0}],"is_beta":false,"boss_relics":[],"items_purged_floors":[],"is_endless":false,"potions_floor_spawned":[3,4],"killed_by":"The Guardian","ascension_level":20}}