{"host":"7sni158j623xchr2","time":1613373931,"event":{"mods":["BaseMod","Colored Map","Highlight Path","Minty Spire (QoL Compilation)","Permanent Neow","Potion Indicator Mod","Rare Cards Sparkle","Relic Sorter","Relic Stats","StSLib","everything is the same but u backflip on backflip"],"gold_per_floor":[20,20,35,55,80,121,140,140,163,201,201,237,237,237,237,360,360,376,376,376,395,24,24,24,63,88,88,132,157,157,182,182,310,310,330,330,330,349,362,362,398,421,421,149,149,185,185,200,200,200,200,200,63,107,107],"floor_reached":56,"language":"ENG","playtime":1649,"items_purged":["Strike_G","Strike_G+1","Strike_G+1"],"score":1657,"play_id":"a2621c6a-c643-42d7-b27e-d8eb1d62944c","local_time":"20210215012531","is_ascension_mode":true,"campfire_choices":[{"data":"Terror","floor":8,"key":"SMITH"},{"data":"Cloak And Dagger","floor":13,"key":"SMITH"},{"data":"Distraction","floor":15,"key":"SMITH"},{"data":"Distraction","floor":23,"key":"SMITH"},{"floor":30,"key":"RECALL"},{"data":"Adrenaline","floor":32,"key":"SMITH"},{"data":"Corpse Explosion","floor":40,"key":"SMITH"},{"data":"Crippling Poison","floor":45,"key":"SMITH"},{"data":"Ghostly","floor":47,"key":"SMITH"},{"floor":49,"key":"REST"},{"data":"After Image","floor":52,"key":"SMITH"}],"circlet_count":0,"master_deck":["Strike_G+1","Strike_G+1","Defend_G+1","Defend_G+1","Defend_G+1","Survivor","Neutralize","Predator","Terror+1","Dodge and Roll","Cloak And Dagger+1","Backstab","Dagger Spray","Distraction+1","Acrobatics","Corpse Explosion+1","Backstab+1","Ghostly+1","Ghostly","Ghostly","Ghostly","Ghostly","Distraction+1","Ghostly","Envenom+1","Blade Dance","Adrenaline+1","Calculated Gamble","Blade Dance+1","Adrenaline+1","Crippling Poison+1","Calculated Gamble","Deadly Poison+1","PiercingWail","After Image+1","Glass Knife+1","Die Die Die+1","Backstab+1","Backflip","Deflect+1"],"relics":["Ring of the Snake","Dead Branch","Golden Idol","Question Card","Anchor","Orichalcum","Philosopher\u0027s Stone","DollysMirror","Lizard Tail","Pen Nib","Smiling Mask","Busted Crown","Bottled Tornado","Molten Egg 2","Du-Vu Doll","Toy Ornithopter"],"acts_visited":["Exordium","TheCity","TheBeyond","TheEnding"],"potions_floor_usage":[7,10,16,55,55,55],"damage_taken":[{"damage":6,"enemies":"Jaw Worm","floor":1,"turns":6},{"damage":5,"enemies":"Small Slimes","floor":3,"turns":3},{"damage":0,"enemies":"Cultist","floor":4,"turns":3},{"damage":11,"enemies":"Looter","floor":5,"turns":2},{"damage":20,"enemies":"3 Sentries","floor":6,"turns":7},{"damage":2,"enemies":"Gremlin Gang","floor":7,"turns":3},{"damage":9,"enemies":"Lagavulin","floor":10,"turns":5},{"damage":9,"enemies":"3 Sentries","floor":12,"turns":8},{"damage":10,"enemies":"Slime Boss","floor":16,"turns":9},{"damage":2,"enemies":"2 Thieves","floor":18,"turns":3},{"damage":0,"enemies":"Chosen","floor":21,"turns":4},{"damage":2,"enemies":"Slavers","floor":25,"turns":4},{"damage":0,"enemies":"Gremlin Leader","floor":28,"turns":6},{"damage":0,"enemies":"Snake Plant","floor":29,"turns":4},{"damage":0,"enemies":"Sentry and Sphere","floor":31,"turns":4},{"damage":0,"enemies":"Collector","floor":33,"turns":5},{"damage":0,"enemies":"Orb Walker","floor":35,"turns":1},{"damage":0,"enemies":"3 Shapes","floor":38,"turns":3},{"damage":0,"enemies":"Maw","floor":39,"turns":5},{"damage":0,"enemies":"Nemesis","floor":41,"turns":5},{"damage":0,"enemies":"Sphere and 2 Shapes","floor":42,"turns":4},{"damage":0,"enemies":"Giant Head","floor":46,"turns":3},{"damage":21,"enemies":"3 Darklings","floor":48,"turns":2},{"damage":0,"enemies":"Donu and Deca","floor":50,"turns":4},{"damage":0,"enemies":"Shield and Spear","floor":54,"turns":2},{"damage":48,"enemies":"The Heart","floor":55,"turns":7}],"seed_played":"-1244601817080346179","potions_obtained":[{"floor":1,"key":"SpeedPotion"},{"floor":6,"key":"ColorlessPotion"},{"floor":10,"key":"LiquidBronze"},{"floor":12,"key":"SteroidPotion"},{"floor":16,"key":"PowerPotion"},{"floor":21,"key":"Weak Potion"}],"is_trial":false,"path_per_floor":["M","?","M","M","M","E","M","R","T","E","?","E","R","?","R","B",null,"M","?","?","M","$","R","?","E","T","?","E","M","R","M","R","B",null,"M","?","?","M","M","R","E","M","T","$","R","E","R","M","R","B",null,"R","$","E","B",null],"character_chosen":"THE_SILENT","items_purchased":["DollysMirror","Envenom","After Image","Glass Knife+1","Backstab+1","Backflip"],"campfire_rested":1,"item_purchase_floors":[22,22,44,44,53,53],"current_hp_per_floor":[64,64,59,59,48,28,26,26,26,17,38,29,29,29,29,19,65,63,32,32,32,32,32,32,30,30,30,30,30,30,30,30,30,32,32,32,32,32,32,32,32,32,32,32,32,32,32,11,20,20,32,32,32,32,17],"gold":107,"neow_bonus":"ONE_RARE_RELIC","is_daily":false,"chose_seed":false,"campfire_upgraded":9,"win_rate":0.0,"timestamp":1613373931,"path_taken":["M","?","M","M","M","E","M","R","T","E","?","E","R","?","R","BOSS","M","?","?","?","$","R","?","E","T","?","E","M","R","?","R","BOSS","M","?","?","?","M","R","E","M","T","$","R","E","R","?","R","BOSS","R","$","E","BOSS"],"items_purchased_type":["Relic","Card","Card","Card","Card","Card"],"build_version":"2020-12-22","purchased_purges":3,"victory":true,"max_hp_per_floor":[70,65,65,65,65,65,65,65,65,65,65,65,65,65,65,65,65,65,32,32,32,32,32,32,32,32,32,32,32,32,32,32,32,32,32,32,32,32,32,32,32,32,32,32,32,32,32,32,32,32,32,32,32,32,32],"relic_stats":{"Lizard Tail":16,"Busted Crown":16,"counters":[26,112],"Golden Idol":216,"Dead Branch":[343],"Pen Nib":[21],"Orichalcum":[54],"Question Card":19,"Smiling Mask":125,"obtain_stats":[{"Golden Idol":2,"Dead Branch":0,"Pen Nib":26,"Orichalcum":12,"Bottled Tornado":41,"Question Card":6,"Smiling Mask":28,"Du-Vu Doll":46,"Anchor":10,"Lizard Tail":25,"Busted Crown":34,"DollysMirror":22,"Philosopher\u0027s Stone":17,"Molten Egg 2":43,"Toy Ornithopter":54,"Ring of the Snake":0},{"Golden Idol":1,"Dead Branch":0,"Pen Nib":12,"Orichalcum":8,"Bottled Tornado":20,"Question Card":5,"Smiling Mask":13,"Du-Vu Doll":22,"Anchor":7,"Lizard Tail":12,"Busted Crown":16,"DollysMirror":11,"Philosopher\u0027s Stone":9,"Molten Egg 2":21,"Toy Ornithopter":25,"Ring of the Snake":0},{"Golden Idol":6,"Dead Branch":0,"Pen Nib":57,"Orichalcum":37,"Bottled Tornado":90,"Question Card":21,"Smiling Mask":63,"Du-Vu Doll":97,"Anchor":29,"Lizard Tail":57,"Busted Crown":76,"DollysMirror":53,"Philosopher\u0027s Stone":46,"Molten Egg 2":94,"Toy Ornithopter":105,"Ring of the Snake":0}],"Toy Ornithopter":10,"Ring of the Snake":[52]},"card_choices":[{"not_picked":["Catalyst","Underhanded Strike"],"picked":"Predator","floor":1},{"not_picked":["Well Laid Plans","Flying Knee","Underhanded Strike"],"picked":"SKIP","floor":3},{"not_picked":["Quick Slash","Flechettes"],"picked":"Terror","floor":4},{"not_picked":["Escape Plan","Flying Knee"],"picked":"Dodge and Roll","floor":5},{"not_picked":["Bane","Slice"],"picked":"Cloak And Dagger","floor":6},{"not_picked":["Noxious Fumes","Bouncing Flask","Deadly Poison"],"picked":"Backstab","floor":7},{"not_picked":["Poisoned Stab","Dagger Throw","Flechettes"],"picked":"Dagger Spray","floor":10},{"not_picked":["Dagger Spray","Outmaneuver","Endless Agony"],"picked":"Distraction","floor":12},{"not_picked":["Grand Finale","Unload","A Thousand Cuts"],"picked":"Corpse Explosion","floor":16},{"not_picked":["Dash","Slice+1","Flying Knee"],"picked":"Backstab+1","floor":18},{"not_picked":["Deadly Poison","Slice","Skewer"],"picked":"Distraction","floor":21},{"not_picked":["Distraction","Setup","Dash"],"picked":"Blade Dance","floor":25},{"not_picked":["Quick Slash+1","Well Laid Plans","Tactician"],"picked":"Adrenaline","floor":28},{"not_picked":["Slice+1","Outmaneuver+1","Deflect+1"],"picked":"Calculated Gamble","floor":29},{"not_picked":["Dagger Spray","Dagger Throw","All Out Attack"],"picked":"Blade Dance+1","floor":31},{"not_picked":["Corpse Explosion","Doppelganger","Phantasmal Killer"],"picked":"Adrenaline","floor":33},{"not_picked":["Acrobatics"],"picked":"Crippling Poison","floor":35},{"not_picked":["Backflip"],"picked":"Calculated Gamble","floor":38},{"not_picked":["Bane+1"],"picked":"Deadly Poison+1","floor":39},{"not_picked":["Underhanded Strike+1"],"picked":"PiercingWail","floor":41},{"not_picked":["Terror","Flechettes"],"picked":"SKIP","floor":42},{"not_picked":["Reflex"],"picked":"Die Die Die+1","floor":46},{"not_picked":["Cloak And Dagger+1","Dagger Spray+1"],"picked":"SKIP","floor":48},{"not_picked":["Deadly Poison+1"],"picked":"Deflect+1","floor":54}],"player_experience":1801254,"relics_obtained":[{"floor":6,"key":"Question Card"},{"floor":10,"key":"Anchor"},{"floor":12,"key":"Orichalcum"},{"floor":25,"key":"Lizard Tail"},{"floor":26,"key":"Pen Nib"},{"floor":28,"key":"Smiling Mask"},{"floor":41,"key":"Bottled Tornado"},{"floor":43,"key":"Molten Egg 2"},{"floor":46,"key":"Du-Vu Doll"},{"floor":54,"key":"Toy Ornithopter"}],"event_choices":[{"damage_healed":0,"gold_gain":0,"player_choice":"Lose Max HP","damage_taken":0,"relics_obtained":["Golden Idol"],"max_hp_gain":0,"max_hp_loss":5,"event_name":"Golden Idol","floor":2,"gold_loss":0},{"damage_healed":21,"gold_gain":0,"player_choice":"Banana","damage_taken":0,"max_hp_gain":0,"max_hp_loss":0,"event_name":"Big Fish","floor":11,"gold_loss":0},{"damage_healed":0,"gold_gain":0,"cards_transformed":["Defend_G"],"player_choice":"Transformed","damage_taken":0,"max_hp_gain":0,"max_hp_loss":0,"event_name":"Transmorgrifier","floor":14,"gold_loss":0,"cards_obtained":["Acrobatics"]},{"damage_healed":0,"gold_gain":0,"player_choice":"Became a Ghost","damage_taken":0,"max_hp_gain":0,"max_hp_loss":33,"event_name":"Ghosts","floor":19,"gold_loss":0,"cards_obtained":["Ghostly","Ghostly","Ghostly","Ghostly","Ghostly"]},{"cards_removed":["Defend_G"],"damage_healed":0,"gold_gain":0,"player_choice":"Purged","damage_taken":0,"max_hp_gain":0,"max_hp_loss":0,"event_name":"Purifier","floor":20,"gold_loss":0},{"damage_healed":0,"gold_gain":0,"player_choice":"Simplicity","damage_taken":0,"max_hp_gain":0,"max_hp_loss":0,"event_name":"Back to Basics","floor":24,"gold_loss":0,"cards_upgraded":["Strike_G","Strike_G","Strike_G","Strike_G","Defend_G","Defend_G","Defend_G"]},{"damage_healed":0,"gold_gain":0,"player_choice":"Upgraded","damage_taken":0,"max_hp_gain":0,"max_hp_loss":0,"event_name":"Upgrade Shrine","floor":27,"gold_loss":0,"cards_upgraded":["Envenom"]},{"damage_healed":0,"gold_gain":0,"player_choice":"Ignored","damage_taken":0,"max_hp_gain":0,"max_hp_loss":0,"event_name":"Tomb of Lord Red Mask","floor":36,"gold_loss":0},{"damage_healed":0,"gold_gain":0,"player_choice":"Upgraded","damage_taken":0,"max_hp_gain":0,"max_hp_loss":0,"event_name":"Upgrade Shrine","floor":37,"gold_loss":0,"cards_upgraded":["Adrenaline"]}],"is_beta":false,"boss_relics":[{"not_picked":["Runic Pyramid","HoveringKite"],"picked":"Philosopher\u0027s Stone"},{"not_picked":["Fusion Hammer","Calling Bell"],"picked":"Busted Crown"}],"items_purged_floors":[22,44,53],"is_endless":false,"potions_floor_spawned":[1,6,10,12,16,21,28,29,31,39,54],"ascension_level":2}}