{"host":"5oe6e4b9xi36nq9o","time":1613421999,"event":{"mods":["2.2 Compatiblity","AchievementEnabler","Aspiration","Bard","BaseMod","Better Altar","Better Match","Better Note","Better Sensory Stone","Better Skull","Better Third Choice","BetterRewards","Block Reminder","Colored Powertips","Conspire","Downfall","Energized Spire","Hermit","Highlight Path","Hubris","Infinite Spire","Ironclad Rager","Jedi Mod","Minty Spire (QoL Compilation)","Permanent Neow","Quick Restart","Random Character Button","Random Character Mod","Rare Cards Sparkle","Relic Stats","Replay The Spire","StSLib","The Construct","The Hierophant"],"gold_per_floor":[114,114,114,125,145,1,36,55,55,74,92,92,92,125,125,248,248,273,273,11,30,54,54,54,54],"floor_reached":23,"language":"ENG","playtime":1849,"items_purged":["sneckomod:Strike","Delirium"],"score":213,"play_id":"c0c93d03-c48f-48c4-8ba3-7fb4b5f7ef92","local_time":"20210215184639","is_ascension_mode":true,"campfire_choices":[{"data":"bard:Thunderwave","floor":13,"key":"SMITH"}],"circlet_count":0,"master_deck":["sneckomod:Defend","sneckomod:Defend","sneckomod:Defend","sneckomod:TailWhip","sneckomod:Unknown+1","sneckomod:Unknown","sneckomod:SnakeSap","sneckomod:MasterEye+1","sneckomod:UnendingSupply","sneckomod:UnknownDraw","sneckomod:ImprovisedGuard","bard:Thunderwave+1","sneckomod:UnendingSupply+1","sneckomod:UnlimitedRolls","sneckomod:UnknownClassTHE_CHAMP_GRAY","sneckomod:Mudshield","Injury","Shame","sneckomod:UnendingSupply","sneckomod:UnknownExhaust+1","sneckomod:QuickBite","sneckomod:Unknown0Cost+1","sneckomod:UnknownUncommonPower+1","sneckomod:UnknownClassBLUE+1","sneckomod:UnknownCommonSkill+1","sneckomod:SlitherStrike"],"relics":["sneckomod:SneckoSoul","Replay:Mystery Machine","Pocketwatch","Simple Rune","Golden Idol","Bag of Marbles","Replay:Ancient Bell","Lantern","infinitespire:FocusingShard","sneckomod:UnknownEgg"],"acts_visited":["Exordium","TheCity"],"potions_floor_usage":[14,18,18,18,22,23],"damage_taken":[{"damage":0,"enemies":"Small Slimes","floor":1,"turns":3},{"damage":0,"enemies":"Jaw Worm","floor":4,"turns":4},{"damage":0,"enemies":"Cultist","floor":5,"turns":3},{"damage":2,"enemies":"3 Sentries","floor":7,"turns":4},{"damage":6,"enemies":"Red Slaver","floor":8,"turns":3},{"damage":13,"enemies":"3 Louse","floor":10,"turns":3},{"damage":0,"enemies":"Blue Slaver","floor":11,"turns":5},{"damage":20,"enemies":"Gremlin Nob","floor":14,"turns":4},{"damage":14,"enemies":"Fading Forest","floor":16,"turns":11},{"damage":1,"enemies":"3 Byrds","floor":18,"turns":4},{"damage":24,"enemies":"Shell Parasite","floor":21,"turns":7},{"damage":48,"enemies":"Cultist and Chosen","floor":22,"turns":7},{"damage":24,"enemies":"Slavers","floor":23,"turns":1}],"seed_played":"-6335955170956827874","potions_obtained":[{"floor":7,"key":"sneckomod:DiceRollPotion"},{"floor":10,"key":"AttackPotion"},{"floor":14,"key":"champ:CounterPotion"},{"floor":16,"key":"EntropicBrew"}],"is_trial":false,"path_per_floor":["M","?","?","M","M","$","E","M","T","M","M","?","R","E","R","B",null,"M","?","$","M","M","E"],"character_chosen":"THE_SNECKO","items_purchased":["sneckomod:ImprovisedGuard","sneckomod:Unknown0Cost+1","sneckomod:UnknownUncommonPower+1","sneckomod:UnknownClassBLUE+1"],"campfire_rested":0,"item_purchase_floors":[6,20,20,20],"current_hp_per_floor":[90,72,72,72,72,72,70,64,64,51,51,29,29,9,36,32,90,89,89,89,65,17,0,0,0],"gold":54,"neow_bonus":"RANDOM_COMMON_RELIC","is_daily":false,"chose_seed":false,"campfire_upgraded":1,"win_rate":0.0,"timestamp":1613421999,"path_taken":["M","?","?","?","M","?","E","M","T","M","M","?","R","E","R","BOSS","M","?","$","M","M","E"],"items_purchased_type":["Card","Card","Card","Card"],"build_version":"2020-12-22","purchased_purges":2,"victory":false,"max_hp_per_floor":[90,90,90,90,90,90,90,90,90,90,90,90,90,90,90,90,90,90,90,90,90,90,90,90,90],"relic_stats":{"counters":[13,57],"Golden Idol":46,"obtain_stats":[{"Lantern":17,"Golden Idol":12,"sneckomod:UnknownEgg":17,"Simple Rune":9,"infinitespire:FocusingShard":17,"Bag of Marbles":14,"Replay:Ancient Bell":17,"Replay:Mystery Machine":0,"sneckomod:SneckoSoul":0,"Pocketwatch":7},{"Lantern":9,"Golden Idol":7,"sneckomod:UnknownEgg":9,"Simple Rune":5,"infinitespire:FocusingShard":9,"Bag of Marbles":8,"Replay:Ancient Bell":9,"Replay:Mystery Machine":0,"sneckomod:SneckoSoul":0,"Pocketwatch":4},{"Lantern":39,"Golden Idol":24,"sneckomod:UnknownEgg":39,"Simple Rune":17,"infinitespire:FocusingShard":39,"Bag of Marbles":28,"Replay:Ancient Bell":39,"Replay:Mystery Machine":0,"sneckomod:SneckoSoul":0,"Pocketwatch":14}],"Pocketwatch":[26]},"card_choices":[{"not_picked":["sneckomod:TrashToTreasure","sneckomod:UnknownStrike"],"picked":"sneckomod:SnakeSap","floor":1},{"not_picked":["sneckomod:UnknownClassDEFAULT_GRAY_COLOR","sneckomod:UnknownClassGREEN"],"picked":"sneckomod:UnendingSupply","floor":4},{"not_picked":["sneckomod:UnknownClassHIEROPHANT_GOLD_COLOR","sneckomod:DiceCrush"],"picked":"sneckomod:UnknownDraw","floor":5},{"not_picked":["sneckomod:WideSting","sneckomod:SlitherStrike"],"picked":"sneckomod:Memorize","floor":7},{"not_picked":["sneckomod:UnknownClassINFINITE_BLACK","sneckomod:SoulCleanse"],"picked":"sneckomod:UnknownCommonAttack","floor":8},{"not_picked":["sneckomod:Unknown2Cost","sneckomod:ImprovisedGuard"],"picked":"sneckomod:UnendingSupply","floor":10},{"not_picked":["sneckomod:WideSting","sneckomod:IronFang"],"picked":"sneckomod:UnlimitedRolls","floor":11},{"not_picked":["sneckomod:DiceBlock","sneckomod:TrashToTreasure"],"picked":"sneckomod:UnknownClassTHE_CHAMP_GRAY","floor":14},{"not_picked":["sneckomod:Cheat","sneckomod:SoulExchange"],"picked":"sneckomod:Mudshield","floor":16},{"not_picked":["Hallucinations","hubris:Wrath"],"picked":"Delirium","floor":17},{"not_picked":["hubris:Compulsion","Decay"],"picked":"Injury","floor":17},{"not_picked":["conspire:Blindness","ReplayTheSpireMod:Restless Dread"],"picked":"Shame","floor":17},{"not_picked":["sneckomod:IronFang+1","sneckomod:WideSting+1"],"picked":"sneckomod:UnendingSupply","floor":18},{"not_picked":["sneckomod:RainOfDice","sneckomod:PureSnecko"],"picked":"sneckomod:UnknownCommonSkill+1","floor":21},{"not_picked":["sneckomod:ImprovisedGuard+1","sneckomod:UnknownDraw+1"],"picked":"sneckomod:SlitherStrike","floor":22}],"player_experience":1226661,"relics_obtained":[{"floor":7,"key":"Pocketwatch"},{"floor":9,"key":"Simple Rune"},{"floor":14,"key":"Bag of Marbles"}],"event_choices":[{"damage_healed":90,"gold_gain":0,"player_choice":"Upgrade","damage_taken":18,"max_hp_gain":0,"max_hp_loss":90,"event_name":"betterThird:BetterShining","floor":2,"gold_loss":0,"cards_upgraded":["sneckomod:Unknown","sneckomod:Strike"]},{"damage_healed":0,"gold_gain":0,"player_choice":"Take Damage","damage_taken":22,"relics_obtained":["Golden Idol"],"max_hp_gain":0,"max_hp_loss":0,"event_name":"Golden Idol","floor":12,"gold_loss":0},{"damage_healed":0,"gold_gain":0,"cards_transformed":["sneckomod:Strike","sneckomod:Strike"],"player_choice":"Became Test Subject","damage_taken":0,"max_hp_gain":0,"max_hp_loss":0,"event_name":"Drug Dealer","floor":19,"gold_loss":0,"cards_obtained":["sneckomod:UnknownExhaust","sneckomod:QuickBite"]}],"is_beta":false,"boss_relics":[{"not_picked":["jedi:hotpepper","Painkiller Herb"],"picked":"Replay:Ancient Bell"},{"not_picked":["Pen Nib","CeramicFish"],"picked":"Lantern"},{"not_picked":["Frozen Egg 2","jedi:angrymask"],"picked":"infinitespire:FocusingShard"},{"not_picked":["infinitespire:Magic Flask","Replay:PocketPolymizer"],"picked":"sneckomod:UnknownEgg"}],"items_purged_floors":[6,20],"is_endless":false,"potions_floor_spawned":[7,10,14,16],"killed_by":"Slavers","ascension_level":1}}