{"host":"mvy2rmdvyttjfm6x","time":1613386974,"event":{"mods":["AchievementEnabler","BaseMod","Keyboard Shortcuts","Lobotomy","Minty Spire (QoL Compilation)","Quick Restart","StSLib"],"gold_per_floor":[118,118,138,153,170,182,202,202,202,218,218,218,218,233,233,233,233],"floor_reached":16,"language":"KOR","playtime":740,"items_purged":[],"score":146,"play_id":"c480dd00-b55c-4391-959e-845f871e4247","local_time":"20210215200254","is_ascension_mode":false,"campfire_choices":[],"circlet_count":0,"master_deck":["SpecialBullet","SpecialBullet","SpecialBullet","SpecialBullet","SpecialBullet","SpecialBullet","DisciplinaryCode","WelfareCode","ControlCode","Thinking Ahead","BlackSwan","Penitence","Wellcheers","TodaysExpression","OldLady","WristCuter","Scorched","Twilight","BigBadWolf","GalaxyChild","OSAHOGD","Injury","TT2Protocol","SpiderBud"],"relics":["CogitoBucket","AspirationHeart","Golden Idol"],"acts_visited":[],"potions_floor_usage":[16],"damage_taken":[{"damage":11,"enemies":"Jaw Worm","floor":1,"turns":2},{"damage":5,"enemies":"2 Louse","floor":3,"turns":2},{"damage":7,"enemies":"Small Slimes","floor":4,"turns":2},{"damage":9,"enemies":"Exordium Wildlife","floor":5,"turns":3},{"damage":0,"enemies":"3 Louse","floor":6,"turns":3},{"damage":18,"enemies":"Large Slime","floor":7,"turns":4},{"damage":0,"enemies":"Looter","floor":10,"turns":2},{"damage":0,"enemies":"3 Louse","floor":14,"turns":2},{"damage":36,"enemies":"The Guardian","floor":16,"turns":6}],"seed_played":"-7300569026317487627","potions_obtained":[{"floor":4,"key":"Energy Potion"},{"floor":5,"key":"Dexterity Potion"},{"floor":7,"key":"CultistPotion"}],"is_trial":false,"path_per_floor":["M","?","M","M","M","M","M","R","T","M","$","?","R","M","R","B"],"character_chosen":"Angela","items_purchased":[],"campfire_rested":0,"item_purchase_floors":[],"current_hp_per_floor":[38,43,38,34,28,31,26,26,26,29,29,29,29,29,29,0,0],"gold":233,"neow_bonus":"RANDOM_COLORLESS_2","is_daily":false,"chose_seed":false,"campfire_upgraded":0,"win_rate":0.0,"timestamp":1613386974,"path_taken":["M","?","M","M","M","M","M","R","T","M","$","?","R","M","R","BOSS"],"items_purchased_type":[],"build_version":"2020-12-22","purchased_purges":0,"victory":false,"max_hp_per_floor":[70,75,75,75,75,75,85,85,85,85,85,85,85,85,85,85,85],"card_choices":[{"not_picked":["Transmutation","The Bomb"],"picked":"Thinking Ahead","floor":0},{"not_picked":["HeroicMonk","VoidDream"],"picked":"BlackSwan","floor":1},{"not_picked":["ShedSkin"],"picked":"Penitence","floor":1},{"not_picked":["CrumblingArmor","WallGazer"],"picked":"Wellcheers","floor":3},{"not_picked":["Soda"],"picked":"TodaysExpression","floor":3},{"not_picked":["UniverseFragment","CherryBlossoms"],"picked":"OldLady","floor":4},{"not_picked":["MagicBullet"],"picked":"WristCuter","floor":4},{"not_picked":["SilentOrchestra","Murderer"],"picked":"Scorched","floor":5},{"not_picked":["WristCuter"],"picked":"Twilight","floor":5},{"not_picked":["BeautyBeast","HappyTeddy"],"picked":"BigBadWolf","floor":6},{"not_picked":["Penitence","CrimsonScar"],"picked":"SKIP","floor":6},{"not_picked":["MHz","SpiderBud"],"picked":"GalaxyChild","floor":7},{"not_picked":["Hornet","TodaysExpression"],"picked":"SKIP","floor":7},{"not_picked":["DreamingCurrent","RedShoes"],"picked":"OSAHOGD","floor":10},{"not_picked":["Christmas","FeatherOfHonor"],"picked":"SKIP","floor":10},{"not_picked":["BodiesMountain","Laetitia"],"picked":"SpiderBud","floor":14},{"not_picked":["Wingbeat","GrinderMk4"],"picked":"SKIP","floor":14}],"player_experience":127343,"relics_obtained":[],"event_choices":[{"damage_healed":0,"gold_gain":0,"player_choice":"Donut","damage_taken":0,"max_hp_gain":5,"max_hp_loss":0,"event_name":"Big Fish","floor":2,"gold_loss":0},{"damage_healed":0,"gold_gain":0,"player_choice":"Take Wound","damage_taken":0,"relics_obtained":["Golden Idol"],"max_hp_gain":0,"max_hp_loss":0,"event_name":"Golden Idol","floor":12,"gold_loss":0,"cards_obtained":["Injury"]}],"is_beta":false,"boss_relics":[],"items_purged_floors":[],"is_endless":false,"potions_floor_spawned":[4,5,7,14],"killed_by":"The Guardian","ascension_level":0}}