{"host":"8e3sp1tozjyrh64l","time":1613411437,"event":{"mods":["Act Like it!","BaseMod","Better Altar","Better Match","Better Note","Better Sensory Stone","Better Silent Start","Better Skull","Better Third Choice","BetterRewards","Conspire","Curses Come First","Defuse TimeMaze Blight","Infinite Spire","Minty Spire (QoL Compilation)","Permanent Neow","Rare Cards Sparkle","Relic Sorter","Reliquary","Replay The Spire","Shop Mod","Spicy Shops","StSLib","SuperFastMode","The Jungle","The Necromancer","Wandering Minibosses"],"gold_per_floor":[118,137,137,137,137,137,168,24,51,68,79,79,95,95,95,191,191,202,218,231,241,252,277,294,294,294,294,294,294],"floor_reached":28,"language":"ENG","playtime":683,"items_purged":[],"score":242,"play_id":"12789f3d-52a7-470b-b349-1d066bb77ed9","local_time":"20210215105037","is_ascension_mode":false,"campfire_choices":[{"data":"Uncharnel","floor":6,"key":"SMITH"},{"data":"Summon_Undead_Army","floor":12,"key":"SMITH"},{"data":"Summon_Undead","floor":15,"key":"SMITH"},{"floor":25,"key":"REST"}],"circlet_count":0,"master_deck":["Strike_W","Strike_W","Strike_W","Defend_W","Defend_W","Defend_W","Defend_W","Negative_Energy_Arrows","Bone_Wall","Blood_Wake","Uncharnel+1","Negative_Energy_Javelin","Summon_Undead_Army+1","Summon_Undead+1","Summon_Undead_Army+1","Death_March_Dance+1","Siphon_Strength","Summon_Undead_Army"],"relics":["Vampire_Amulet","Oddly Smooth Stone","Vajra","Strawberry","Letter Opener","conspire:RoyalGoblet","Pen Nib"],"acts_visited":["Exordium","TheCity"],"potions_floor_usage":[7,19,20,21,22],"damage_taken":[{"damage":4,"enemies":"Cultist","floor":1,"turns":3},{"damage":1,"enemies":"2 Louse","floor":2,"turns":2},{"damage":4,"enemies":"Gremlin Nob","floor":7,"turns":4},{"damage":0,"enemies":"Small Slimes","floor":10,"turns":3},{"damage":12,"enemies":"Red Slaver","floor":11,"turns":3},{"damage":2,"enemies":"3 Louse","floor":13,"turns":2},{"damage":38,"enemies":"Hexaghost","floor":16,"turns":8},{"damage":7,"enemies":"Spheric Guardian","floor":18,"turns":3},{"damage":19,"enemies":"2 Thieves","floor":19,"turns":3},{"damage":24,"enemies":"Snake Plant","floor":20,"turns":3},{"damage":11,"enemies":"Centurion and Healer","floor":21,"turns":5},{"damage":4,"enemies":"3 Cultists","floor":22,"turns":4},{"damage":23,"enemies":"Book of Stabbing","floor":23,"turns":4},{"damage":11,"enemies":"Snake Plant","floor":24,"turns":3},{"damage":47,"enemies":"Slavers","floor":28,"turns":2}],"seed_played":"-3620271870819081191","potions_obtained":[{"floor":1,"key":"SkillPotion"},{"floor":2,"key":"Block Potion"},{"floor":16,"key":"Weak Potion"},{"floor":18,"key":"LiquidBronze"},{"floor":20,"key":"AttackPotion"},{"floor":21,"key":"AttackPotion"},{"floor":24,"key":"Cursed Concoction"}],"is_trial":false,"path_per_floor":["M","M","?","?","?","R","E","$","T","M","M","R","M","?","R","B",null,"M","M","M","M","M","E","M","R","T","?","E"],"character_chosen":"NECROMANCER","items_purchased":["Vajra"],"campfire_rested":1,"item_purchase_floors":[8],"current_hp_per_floor":[73,75,75,75,75,75,73,73,80,82,72,72,76,76,76,40,82,80,65,46,39,53,32,23,47,47,47,0,0],"gold":294,"neow_bonus":"ONE_RANDOM_RARE_CARD","is_daily":false,"chose_seed":false,"campfire_upgraded":3,"win_rate":0.0,"timestamp":1613411437,"path_taken":["M","?","?","?","?","R","E","$","T","M","?","R","M","?","R","BOSS","M","M","M","M","M","E","M","R","T","?","E"],"items_purchased_type":["Relic"],"build_version":"2020-12-22","purchased_purges":0,"victory":false,"max_hp_per_floor":[75,75,75,75,75,75,75,75,82,82,82,82,82,82,82,82,82,82,82,82,82,82,82,82,82,82,82,82,82],"card_choices":[{"not_picked":["Chill_Blood","Negative_Energy_Sphere"],"picked":"Uncharnel","floor":1},{"not_picked":["Bone_Bullets","Blood_Shield"],"picked":"Negative_Energy_Javelin","floor":2},{"not_picked":["Hellfire","Bone_Spikes"],"picked":"Summon_Undead_Army","floor":7},{"not_picked":["Blood_Whip","Blood_Curse","Plague_Bolt"],"picked":"SKIP","floor":10},{"not_picked":["Death_Coil","Shade_Step"],"picked":"Summon_Undead","floor":11},{"not_picked":["Negative_Energy_Javelin","Bone_Bullets","Scare"],"picked":"SKIP","floor":13},{"not_picked":["Toxic_Smoke_Screen+1","Negative_Energy_Javelin"],"picked":"Summon_Undead_Army+1","floor":18},{"not_picked":["Shackles_Of_Pain","Negative_Energy_Shield"],"picked":"Death_March_Dance+1","floor":19},{"not_picked":["Thousand_Bone_Knives","Bone_Shift","Bones_to_Steel"],"picked":"SKIP","floor":20},{"not_picked":["Negative_Energy_Shield","Epidemic"],"picked":"Siphon_Strength","floor":21},{"not_picked":["Negative_Energy_Javelin+1","Corrupt"],"picked":"Summon_Undead_Army","floor":22},{"not_picked":["Death_March_Dance","Negative_Energy_Javelin","Life_Tap+1"],"picked":"SKIP","floor":23},{"not_picked":["Scare","Vampiric_Strike","Finger_Of_Death"],"picked":"SKIP","floor":24}],"player_experience":957419,"relics_obtained":[{"floor":7,"key":"Oddly Smooth Stone"},{"floor":9,"key":"Strawberry"},{"floor":23,"key":"Pen Nib"}],"event_choices":[{"damage_healed":0,"gold_gain":0,"player_choice":"Leave","damage_taken":0,"max_hp_gain":0,"max_hp_loss":0,"event_name":"The Cleric","floor":4,"gold_loss":0},{"cards_removed":["Strike_W"],"damage_healed":0,"gold_gain":0,"player_choice":"Purged","damage_taken":0,"max_hp_gain":0,"max_hp_loss":0,"event_name":"Purifier","floor":5,"gold_loss":0},{"damage_healed":0,"gold_gain":0,"player_choice":"Gave Potion","damage_taken":0,"relics_obtained":["Letter Opener"],"max_hp_gain":0,"max_hp_loss":0,"event_name":"WeMeetAgain","floor":14,"gold_loss":0},{"damage_healed":0,"gold_gain":0,"player_choice":"Ignored","damage_taken":0,"max_hp_gain":0,"max_hp_loss":0,"event_name":"betterNote:BetterNote","floor":27,"gold_loss":0,"cards_obtained":["Trip"]}],"is_beta":false,"boss_relics":[{"not_picked":["Ectoplasm","ChewingGum"],"picked":"conspire:RoyalGoblet"}],"items_purged_floors":[],"is_endless":false,"potions_floor_spawned":[1,2,16,18,20,21,24],"killed_by":"Slavers","ascension_level":0}}