{"host":"0fd22hpf43j6tvvm","time":1613419297,"event":{"mods":["AchievementEnabler","BaseMod","Colored Map","Minty Spire (QoL Compilation)","Relic Stats"],"gold_per_floor":[109,119,194,194,210,238,238,266,290,290,304,304,16,51,51,128,128,141,191,201,211,211,211,211,211],"floor_reached":24,"language":"ENG","playtime":1229,"items_purged":["Defend_P"],"score":430,"play_id":"7dc57a66-0cac-49d5-974f-87a9769bb381","local_time":"20210215150137","is_ascension_mode":true,"campfire_choices":[{"data":"Judgement","floor":7.0,"key":"SMITH"},{"data":"Eruption","floor":10.0,"key":"SMITH"},{"data":"DeceiveReality","floor":12.0,"key":"SMITH"},{"data":"Perseverance","floor":15.0,"key":"SMITH"},{"data":"SashWhip","floor":23,"key":"SMITH"}],"circlet_count":0,"master_deck":["AscendersBane","Strike_P","Strike_P","Strike_P","Strike_P","Defend_P","Defend_P","Eruption+1","Vigilance","Conclude","DeceiveReality+1","CutThroughFate","Judgement+1","EmptyFist","Prostrate","BowlingBash","Perseverance+1","MasterReality","WheelKick","MentalFortress","SashWhip+1"],"relics":["PureWater","NeowsBlessing","Art of War","Dream Catcher","Tiny Chest","Lantern","Pen Nib","SlaversCollar","Sundial"],"acts_visited":["Exordium","TheCity"],"potions_floor_usage":[24],"damage_taken":[{"damage":0.0,"enemies":"Small Slimes","floor":1.0,"turns":1.0},{"damage":0.0,"enemies":"2 Louse","floor":2.0,"turns":1.0},{"damage":0.0,"enemies":"Jaw Worm","floor":5.0,"turns":1.0},{"damage":4.0,"enemies":"Lagavulin","floor":6.0,"turns":6.0},{"damage":0.0,"enemies":"3 Sentries","floor":8.0,"turns":3.0},{"damage":0.0,"enemies":"Blue Slaver","floor":11.0,"turns":4.0},{"damage":27.0,"enemies":"Gremlin Nob","floor":14.0,"turns":4.0},{"damage":6.0,"enemies":"The Guardian","floor":16.0,"turns":14.0},{"damage":12.0,"enemies":"Chosen","floor":18.0,"turns":2.0},{"damage":4.0,"enemies":"3 Byrds","floor":20.0,"turns":3.0},{"damage":18,"enemies":"Centurion and Healer","floor":21,"turns":4},{"damage":26,"enemies":"Gremlin Leader","floor":24,"turns":7}],"seed_played":"5676610265321101300","potions_obtained":[{"floor":1.0,"key":"PowerPotion"},{"floor":5.0,"key":"PowerPotion"},{"floor":6.0,"key":"LiquidMemories"}],"is_trial":false,"path_per_floor":["M","M","?","?","M","E","R","E","T","R","M","R","$","E","R","B",null,"M","?","M","M","T","R","E"],"character_chosen":"WATCHER","items_purchased":["Lantern","BowlingBash"],"campfire_rested":0,"item_purchase_floors":[13,13],"current_hp_per_floor":[61,61,50,43,43,39,39,39,39,39,39,39,39,12,12,6,53,41,41,37,19,19,19,0,0],"gold":211,"neow_bonus":"THREE_ENEMY_KILL","is_daily":false,"chose_seed":false,"campfire_upgraded":5,"win_rate":0.0,"timestamp":1613419297,"path_taken":["M","M","?","?","M","E","R","E","T","R","M","R","?","E","R","BOSS","M","?","M","?","?","R","E"],"items_purchased_type":["Relic","Card"],"build_version":"2020-12-22","purchased_purges":1,"victory":false,"max_hp_per_floor":[68,68,68,68,68,68,68,68,68,68,68,68,68,68,68,68,68,68,68,68,68,68,68,68,68],"relic_stats":{"Dream Catcher":0,"counters":[12,50],"Sundial":[0],"Tiny Chest":1,"Pen Nib":[6],"Art of War":[7],"obtain_stats":[{"SlaversCollar":17,"Dream Catcher":8,"Lantern":13,"NeowsBlessing":0,"Sundial":22,"Tiny Chest":9,"Pen Nib":14,"Art of War":6,"PureWater":0},{"SlaversCollar":8,"Dream Catcher":5,"Lantern":6,"NeowsBlessing":0,"Sundial":11,"Tiny Chest":5,"Pen Nib":7,"Art of War":4,"PureWater":0},{"SlaversCollar":34,"Dream Catcher":12,"Lantern":16,"NeowsBlessing":0,"Sundial":43,"Tiny Chest":12,"Pen Nib":20,"Art of War":9,"PureWater":0}]},"card_choices":[{"not_picked":["CutThroughFate","FlurryOfBlows"],"picked":"Conclude","floor":1.0},{"not_picked":["FlyingSleeves","Consecrate"],"picked":"DeceiveReality","floor":2.0},{"not_picked":["Swivel","FollowUp"],"picked":"CutThroughFate","floor":5.0},{"not_picked":["Halt","FollowUp"],"picked":"Judgement","floor":6.0},{"not_picked":["Study","Halt"],"picked":"EmptyFist","floor":8.0},{"not_picked":["FlyingSleeves","SignatureMove"],"picked":"Prostrate","floor":11.0},{"not_picked":["EmptyMind","SandsOfTime"],"picked":"Perseverance","floor":14.0},{"not_picked":["SpiritShield","Vault"],"picked":"MasterReality","floor":16.0},{"not_picked":["EmptyFist","FlyingSleeves"],"picked":"WheelKick","floor":18.0},{"not_picked":["Crescendo","Consecrate"],"picked":"MentalFortress","floor":20.0},{"not_picked":["WindmillStrike","DevaForm"],"picked":"SashWhip","floor":21}],"player_experience":573606,"relics_obtained":[{"floor":6.0,"key":"Art of War"},{"floor":8.0,"key":"Dream Catcher"},{"floor":9.0,"key":"Tiny Chest"},{"floor":14.0,"key":"Pen Nib"},{"floor":22,"key":"Sundial"}],"event_choices":[{"damage_healed":0.0,"max_hp_gain":0.0,"max_hp_loss":0.0,"gold_gain":75.0,"event_name":"World of Goop","player_choice":"Gather Gold","floor":3.0,"gold_loss":0.0,"damage_taken":11.0},{"cards_removed":["Defend_P"],"damage_healed":0.0,"max_hp_gain":0.0,"max_hp_loss":0.0,"gold_gain":0.0,"event_name":"Golden Wing","player_choice":"Card Removal","floor":4.0,"gold_loss":0.0,"damage_taken":7.0},{"damage_healed":0.0,"max_hp_gain":0.0,"max_hp_loss":0.0,"gold_gain":100.0,"event_name":"The Joust","player_choice":"Bet on Murderer","floor":19.0,"gold_loss":50.0,"damage_taken":0.0}],"is_beta":false,"boss_relics":[{"not_picked":["Runic Dome","Tiny House"],"picked":"SlaversCollar"}],"items_purged_floors":[13],"is_endless":false,"potions_floor_spawned":[1,5,6,11],"killed_by":"Gremlin Leader","ascension_level":16}}