{"host":"pj05r22d3fegil3v","time":1613430728,"event":{"mods":["BaseMod","Better Altar","Better Match","Better Note","Better Sensory Stone","Better Skull","Better Third Choice","BetterRewards","Card Filter","Colored Powertips","Curses Come First","Custom Start","DeckTracker","Displayed Cursed Tome","Evolution","Minty Spire (QoL Compilation)","Quick Restart","Rare Cards Sparkle","Relic Filter Mod","Smile Girya","StSLib","Weighted Paths","everything is the same but u backflip on backflip","slay the spire mod where everything is the same but ironclad has a cowboy hat"],"gold_per_floor":[110,123,123,123,140,168,188,188,188,214,214,214,214,214,226,338,350,373,405,417,429,329,329,359,374,425,459,478,478,508,525,525,628,628,641,655,674,172,172,172],"floor_reached":39,"language":"ENG","playtime":2309,"items_purged":["Strike_P","Defend_P"],"score":680,"play_id":"bfbb7667-331c-48b9-82f1-4094b0c5f598","local_time":"20210215181208","is_ascension_mode":true,"campfire_choices":[{"data":"FlyingSleeves","floor":8.0,"key":"SMITH"},{"data":"SandsOfTime","floor":11.0,"key":"SMITH"},{"data":"WreathOfFlame","floor":13.0,"key":"SMITH"},{"data":"Eruption","floor":15.0,"key":"SMITH"},{"data":"Worship","floor":23.0,"key":"SMITH"},{"data":"Establishment","floor":29,"key":"SMITH"},{"floor":32,"key":"REST"}],"circlet_count":0,"master_deck":["FlyingSleeves+1","FlyingSleeves","FlyingSleeves","Defend_P+1","Defend_P+1","Eruption+1","Vigilance+1","DevaForm+1","SandsOfTime+1","TalkToTheHand+1","FlyingSleeves","WreathOfFlame+1","Establishment+1","Worship+1","BattleHymn","TalkToTheHand+1","Vengeance+1","Evaluate","Protect+1","EmptyBody","EmptyBody","Fasting2","Evaluate"],"relics":["PureWater","EVO:Axolotl","Lantern","Omamori","Blue Candle","MawBank","SlaversCollar","Lizard Tail","War Paint","Art of War","Darkstone Periapt","Question Card","VioletLotus","Thread and Needle"],"acts_visited":["Exordium","TheCity","TheBeyond"],"potions_floor_usage":[27,27,27,33,36],"damage_taken":[{"damage":0.0,"enemies":"Small Slimes","floor":1.0,"turns":3.0},{"damage":0.0,"enemies":"Cultist","floor":2.0,"turns":4.0},{"damage":1.0,"enemies":"Jaw Worm","floor":5.0,"turns":5.0},{"damage":0.0,"enemies":"Lagavulin","floor":6.0,"turns":4.0},{"damage":7.0,"enemies":"Blue Slaver","floor":7.0,"turns":4.0},{"damage":21.0,"enemies":"3 Sentries","floor":10.0,"turns":7.0},{"damage":7.0,"enemies":"Hexaghost","floor":16.0,"turns":6.0},{"damage":5.0,"enemies":"3 Byrds","floor":18.0,"turns":5.0},{"damage":5.0,"enemies":"Shell Parasite","floor":19.0,"turns":5.0},{"damage":8.0,"enemies":"Book of Stabbing","floor":24.0,"turns":6.0},{"damage":0,"enemies":"Cultist and Chosen","floor":25,"turns":3},{"damage":44,"enemies":"Slavers","floor":27,"turns":5},{"damage":0,"enemies":"Chosen and Byrds","floor":28,"turns":5},{"damage":9,"enemies":"Book of Stabbing","floor":30,"turns":5},{"damage":0,"enemies":"Snecko","floor":31,"turns":3},{"damage":61,"enemies":"Automaton","floor":33,"turns":8},{"damage":26,"enemies":"3 Shapes","floor":35,"turns":5},{"damage":10,"enemies":"Orb Walker","floor":36,"turns":4},{"damage":35,"enemies":"3 Darklings","floor":37,"turns":9},{"damage":10,"enemies":"Sphere and 2 Shapes","floor":39,"turns":3}],"seed_played":"-9177105319904151023","potions_obtained":[{"floor":10.0,"key":"Weak Potion"},{"floor":16.0,"key":"SkillPotion"},{"floor":19.0,"key":"Energy Potion"},{"floor":25,"key":"BlessingOfTheForge"},{"floor":31,"key":"Ancient Potion"},{"floor":35,"key":"Block Potion"}],"is_trial":false,"path_per_floor":["M","M","?","?","M","E","M","R","T","E","R","?","R","T","R","B",null,"M","M","?","?","$","R","E","M","T","E","M","R","E","M","R","B",null,"M","M","M","$","M"],"character_chosen":"WATCHER","items_purchased":["DevaForm","SandsOfTime","Worship","BattleHymn","Thread and Needle","Fasting2","Evaluate"],"campfire_rested":1,"item_purchase_floors":[0,0,22,22,38,38,38],"current_hp_per_floor":[72,72,58,58,57,57,50,50,50,29,29,29,29,29,29,22,72,67,62,62,62,62,62,54,54,54,10,10,10,1,1,22,1,72,46,36,1,1,0,0],"gold":172,"neow_bonus":"","is_daily":false,"chose_seed":false,"campfire_upgraded":6,"win_rate":0.0,"timestamp":1613430728,"path_taken":["M","M","?","?","?","E","M","R","T","E","R","?","R","?","R","BOSS","M","M","?","?","$","R","E","M","T","E","M","R","E","M","R","BOSS","M","M","M","$","M"],"items_purchased_type":["Card","Card","Card","Card","Relic","Card","Card"],"build_version":"2020-12-22","purchased_purges":2,"victory":false,"max_hp_per_floor":[72,72,72,72,72,72,72,72,72,72,72,72,72,72,72,72,72,72,72,72,72,72,72,72,72,72,72,72,72,72,72,72,72,72,72,72,72,72,72,72],"card_choices":[{"not_picked":["FollowUp","Meditate"],"picked":"TalkToTheHand","floor":1.0},{"not_picked":["CrushJoints","BowlingBash","Conclude"],"picked":"SKIP","floor":2.0},{"not_picked":["EmptyFist","EmptyBody","Judgement"],"picked":"SKIP","floor":5.0},{"not_picked":["CutThroughFate","FollowUp"],"picked":"FlyingSleeves","floor":6.0},{"not_picked":["ThirdEye","SashWhip","PathToVictory"],"picked":"SKIP","floor":7.0},{"not_picked":["DeceiveReality","BowlingBash","PathToVictory"],"picked":"SKIP","floor":10.0},{"not_picked":["LessonLearned","Wish"],"picked":"Establishment","floor":16.0},{"not_picked":["Consecrate+1","ThirdEye","Sanctity"],"picked":"SKIP","floor":18.0},{"not_picked":["SashWhip+1","Crescendo","FlurryOfBlows"],"picked":"SKIP","floor":19.0},{"not_picked":["FlyingSleeves","Prostrate+1","SandsOfTime"],"picked":"SKIP","floor":24.0},{"not_picked":["FollowUp","CrushJoints","FlyingSleeves"],"picked":"SKIP","floor":25},{"not_picked":["Protect+1","Brilliance"],"picked":"TalkToTheHand+1","floor":27},{"not_picked":["WreathOfFlame","EmptyFist"],"picked":"Vengeance+1","floor":28},{"not_picked":["Vengeance","Weave","PathToVictory"],"picked":"SKIP","floor":30},{"not_picked":["CarveReality","ThirdEye","Prostrate"],"picked":"Evaluate","floor":31},{"not_picked":["Prostrate","BowlingBash","SashWhip+1"],"picked":"Protect+1","floor":35},{"not_picked":["JustLucky","FlurryOfBlows+1","Nirvana"],"picked":"EmptyBody","floor":36},{"not_picked":["Adaptation+1","EmptyMind+1","DevaForm"],"picked":"EmptyBody","floor":37}],"player_experience":99510,"relics_obtained":[{"floor":6.0,"key":"Lantern"},{"floor":9.0,"key":"Omamori"},{"floor":10.0,"key":"Blue Candle"},{"floor":14.0,"key":"MawBank"},{"floor":24.0,"key":"War Paint"},{"floor":26,"key":"Art of War"},{"floor":27,"key":"Darkstone Periapt"},{"floor":30,"key":"Question Card"}],"event_choices":[{"damage_healed":72.0,"max_hp_gain":0.0,"max_hp_loss":72.0,"gold_gain":0.0,"event_name":"betterThird:BetterShining","player_choice":"Upgrade","floor":3.0,"gold_loss":0.0,"damage_taken":14.0,"cards_upgraded":["DevaForm","Vigilance"]},{"damage_healed":0.0,"max_hp_gain":0.0,"max_hp_loss":0.0,"gold_gain":0.0,"event_name":"Upgrade Shrine","player_choice":"Upgraded","floor":4.0,"gold_loss":0.0,"damage_taken":0.0,"cards_upgraded":["TalkToTheHand"]},{"damage_healed":0.0,"max_hp_gain":0.0,"max_hp_loss":0.0,"gold_gain":0.0,"cards_transformed":["Defend_P"],"event_name":"Living Wall","player_choice":"Change","floor":12.0,"gold_loss":0.0,"damage_taken":0.0,"cards_obtained":["WreathOfFlame"]},{"damage_healed":0.0,"max_hp_gain":0.0,"max_hp_loss":0.0,"gold_gain":0.0,"event_name":"The Mausoleum","player_choice":"Opened","floor":20.0,"gold_loss":0.0,"damage_taken":0.0,"relics_obtained":["Lizard Tail"],"cards_obtained":["Writhe"]},{"damage_healed":0.0,"max_hp_gain":0.0,"max_hp_loss":0.0,"gold_gain":0.0,"event_name":"Ghosts","player_choice":"Ignored","floor":21.0,"gold_loss":0.0,"damage_taken":0.0}],"is_beta":false,"boss_relics":[{"not_picked":["Philosopher\u0027s Stone","Tiny House"],"picked":"SlaversCollar"},{"not_picked":["Empty Cage","Fusion Hammer"],"picked":"VioletLotus"}],"items_purged_floors":[0,38],"is_endless":false,"potions_floor_spawned":[10,16,19,25,31,35],"killed_by":"Sphere and 2 Shapes","ascension_level":1}}