{"host":"uceopoba4zvqsgiy","time":1613383332,"event":{"mods":["2.2 Compatiblity","Act Like it!","BaseMod","Better Skull","Better Third Choice","Elementarium","Evolution","GifTheSpireLib","Hermit","Humility","Infinite Spire","Jorbs\u0027s Wanderer Trilogy","Marked Mod","Minty Spire (QoL Compilation)","Potionbrewer","Reliquary","Replay The Spire","Robot Space Explorer","Shade Mod","Spicy Shops","StS++","StSLib","Stuff the Spire","The Blue Laboratory","The Caster","The Cursed","The Dragon Tamer","The Dragonkin","The Hierophant","The Judge","The Jungle","TheSurvivalist","Wandering Minibosses"],"gold_per_floor":[119,137,137,137,137,170,181,207,231,231,257,257,270,270,270,369,369,321,334,334,334],"floor_reached":20,"language":"ENG","playtime":1543,"items_purged":[],"score":340,"play_id":"e73ad432-f8bb-41c7-9ce8-e24a4f355a24","local_time":"20210215203212","is_ascension_mode":true,"campfire_choices":[{"data":"StuffTheSpire:Synthwave","floor":10,"key":"SMITH"},{"floor":12,"key":"REST"},{"data":"Crystallizer","floor":15,"key":"SMITH"}],"circlet_count":0,"master_deck":["Sweeping Beam","Sweeping Beam","Sweeping Beam","Sweeping Beam","Conserve Battery","Defend_B+1","Defend_B","Defend_B+1","Zap","Dualcast","StuffTheSpire:Synthwave+1","Decay","Crystallizer+1","Seek","Consume","Machine Learning"],"relics":["infinitespire:DarkRift","EVO:Axolotl","NeowsBlessing","infinitespire:Cubic Diamond","reliquary:PorcupineQuills","Replay:Baseball","potionbrewer:Torch","Simple Rune","Cursed Key"],"acts_visited":["Exordium","TheCity"],"potions_floor_usage":[16,19],"damage_taken":[{"damage":0,"enemies":"2 Louse","floor":1,"turns":1},{"damage":0,"enemies":"Jaw Worm","floor":2,"turns":1},{"damage":0,"enemies":"3 Sentries","floor":6,"turns":1},{"damage":11,"enemies":"Cultist","floor":7,"turns":4},{"damage":2,"enemies":"Gremlin Nob","floor":8,"turns":2},{"damage":43,"enemies":"3 Sentries","floor":11,"turns":5},{"damage":0,"enemies":"3 Louse","floor":13,"turns":2},{"damage":7,"enemies":"Fading Forest","floor":16,"turns":11},{"damage":38,"enemies":"Shell Parasite","floor":18,"turns":8},{"damage":26,"enemies":"3 Byrds","floor":19,"turns":3}],"seed_played":"508935153352101777","potions_obtained":[{"floor":2,"key":"Weak Potion"},{"floor":7,"key":"Reflective Coating"},{"floor":8,"key":"blueLaboratory:BiasPotion"},{"floor":16,"key":"potionbrewer:SplittingPotion"},{"floor":19,"key":"SpeedPotion"}],"is_trial":false,"path_per_floor":["M","M","?","?","$","E","M","E","T","R","E","R","M","?","R","B",null,"M","M","?"],"character_chosen":"DEFECT","items_purchased":[],"campfire_rested":1,"item_purchase_floors":[],"current_hp_per_floor":[68,68,68,68,68,68,64,62,62,62,19,41,41,66,66,59,71,33,7,0,0],"gold":334,"neow_bonus":"THREE_ENEMY_KILL","is_daily":false,"chose_seed":false,"campfire_upgraded":2,"win_rate":0.0,"timestamp":1613383332,"path_taken":["M","M","?","?","$","E","M","E","T","R","E","R","?","?","R","BOSS","M","M","?"],"items_purchased_type":[],"build_version":"2020-12-22","purchased_purges":0,"victory":false,"max_hp_per_floor":[75,75,75,75,75,75,75,75,75,75,75,75,75,75,75,75,75,75,75,75,75],"card_choices":[{"not_picked":["Ball Lightning","Sweeping Beam"],"picked":"StuffTheSpire:Synthwave","floor":1},{"not_picked":["Steam","Aggregate","Leap"],"picked":"SKIP","floor":2},{"not_picked":["BasicCrystalCard","Go for the Eyes"],"picked":"Crystallizer","floor":6},{"not_picked":["ReplayTheSpireMod:Repulse","Coolheaded","StuffTheSpire:LoadUp"],"picked":"SKIP","floor":7},{"not_picked":["Redo","Leap"],"picked":"Seek","floor":8},{"not_picked":["Stack","Compile Driver","Barrage"],"picked":"SKIP","floor":11},{"not_picked":["Heatsinks","ReplaySort"],"picked":"Consume","floor":13},{"not_picked":["Hyperbeam","Fission"],"picked":"Machine Learning","floor":16},{"not_picked":["Stack+1","Streamline","Steam"],"picked":"SKIP","floor":18},{"not_picked":["Barrage","Panic Button","Coolheaded"],"picked":"SKIP","floor":19}],"player_experience":1827406,"relics_obtained":[{"floor":6,"key":"reliquary:PorcupineQuills"},{"floor":8,"key":"Replay:Baseball"},{"floor":9,"key":"potionbrewer:Torch"},{"floor":11,"key":"Simple Rune"}],"event_choices":[{"damage_healed":0,"gold_gain":0,"player_choice":"Cursed","damage_taken":0,"max_hp_gain":0,"max_hp_loss":0,"event_name":"Wheel of Change","floor":4,"gold_loss":0,"cards_obtained":["Decay"]},{"damage_healed":25,"gold_gain":0,"player_choice":"Banana","damage_taken":0,"max_hp_gain":0,"max_hp_loss":0,"event_name":"Big Fish","floor":14,"gold_loss":0}],"is_beta":false,"boss_relics":[{"not_picked":["StuffTheSpire:ModemDavis","reliquary:Ember"],"picked":"Cursed Key"}],"items_purged_floors":[],"is_endless":false,"potions_floor_spawned":[2,7,8,13,16,18,19],"ascension_level":9,"is_humility":true}}