{"host":"Berg","time":1613413201,"event":{"mods":["AchievementEnabler","BaseMod","Better Third Choice","Colored Map","Downfall","Gremlin Skip","Highlight Path","Minty Spire (QoL Compilation)","Relic Stats","StSLib"],"gold_per_floor":[349,369,381,381,381,391,391,391,159,159,190,206,216,74,90,187,187,87,104,104,117,134,151,151,251,551,583,583,599,599,626,642,737,737,737,837,413,413,431,456,508,508,541,441,476,69,69,22,40,40],"floor_reached":51,"language":"ENG","playtime":3473,"items_purged":["Guardian:Strike_Guardian","Writhe"],"score":992,"play_id":"c675e027-1316-408d-91ea-61cbf99f666f","local_time":"20210215132001","is_ascension_mode":true,"campfire_choices":[{"data":"Guardian:TwinSlam","floor":1,"key":"SMITH"},{"data":"Guardian:PolyBeam","floor":8,"key":"SMITH"},{"data":"Guardian:DonusPower","floor":10,"key":"SMITH"},{"data":"Guardian:BronzeArmor","floor":18,"key":"SMITH"},{"data":"Guardian:TemporalShield","floor":28,"key":"SMITH"},{"data":"Guardian:PolyBeam","floor":30,"key":"SMITH"},{"data":"Guardian:BaubleBeam","floor":35,"key":"SMITH"},{"floor":44,"key":"RECALL"},{"data":"Thinking Ahead","floor":47,"key":"SMITH"}],"circlet_count":0,"master_deck":["Guardian:Defend_Guardian","Guardian:Defend_Guardian","Guardian:Defend_Guardian","Guardian:CurlUp","Guardian:TwinSlam+1","Guardian:PolyBeam+1","Guardian:Reroute","Guardian:BronzeArmor+1","expansioncontent:DashGenerateEvil","Guardian:DonusPower+1","Guardian:BronzeArmor","Guardian:BronzeOrb","Guardian:FloatingOrbs+1","Guardian:WalkerClaw","Guardian:TemporalShield+1","Guardian:ConstructionForm+1","Guardian:Incinerate+1","Guardian:ChargeUp","Guardian:MultiBeam","J.A.X.","Guardian:ConstructionForm+1","Guardian:PolyBeam+1","Guardian:RollAttack+1","Guardian:BaubleBeam+1","Guardian:Repulse+1","Guardian:Gem_Yellow","Guardian:Gem_Green","Thinking Ahead+1","Guardian:Clone","Guardian:Planning","expansioncontent:StudyTheSpire+1","Guardian:Recover"],"relics":["Guardian:ModeShifter","Gambling Chip","Mango","Frozen Egg 2","SlaversCollar","downfall:HeartBlessingGreen","Orichalcum","MutagenicStrength","Old Coin","FossilizedHelix","Kunai","Sozu","downfall:GremlinWheel","Bag of Marbles","Strange Spoon","Blue Candle","Strawberry","Pantograph","Vajra","downfall:HeartBlessingBlue","Potion Belt","ClockworkSouvenir"],"acts_visited":["Exordium","TheCity","TheBeyond"],"potions_floor_usage":[25,31],"damage_taken":[{"damage":0,"enemies":"Cultist","floor":2,"turns":3},{"damage":0,"enemies":"Small Slimes","floor":3,"turns":4},{"damage":3,"enemies":"Jaw Worm","floor":6,"turns":3},{"damage":0,"enemies":"downfall:FleeingMerchant","floor":9,"turns":4},{"damage":3,"enemies":"Lagavulin","floor":11,"turns":5},{"damage":0,"enemies":"Exordium Wildlife","floor":12,"turns":3},{"damage":0,"enemies":"Gremlin Gang","floor":13,"turns":4},{"damage":10,"enemies":"downfall:FleeingMerchant","floor":14,"turns":4},{"damage":0,"enemies":"3 Louse","floor":15,"turns":3},{"damage":15,"enemies":"IC_STATUS_ARCHETYPE","floor":16,"turns":4},{"damage":0,"enemies":"Chosen","floor":19,"turns":4},{"damage":3,"enemies":"downfall:LooterAlt2","floor":21,"turns":5},{"damage":14,"enemies":"Shelled Parasite and Fungi","floor":22,"turns":6},{"damage":3,"enemies":"Snecko","floor":23,"turns":5},{"damage":0,"enemies":"downfall:Augmenter","floor":25,"turns":5},{"damage":3,"enemies":"Book of Stabbing","floor":27,"turns":4},{"damage":2,"enemies":"Centurion and Healer","floor":29,"turns":5},{"damage":0,"enemies":"Slavers","floor":31,"turns":3},{"damage":0,"enemies":"Cultist and Chosen","floor":32,"turns":6},{"damage":17,"enemies":"DF_ARCHETYPE_CLAW","floor":33,"turns":7},{"damage":0,"enemies":"DF_ARCHETYPE_CLAW","floor":36,"turns":2},{"damage":0,"enemies":"downfall:FleeingMerchant","floor":37,"turns":3},{"damage":0,"enemies":"3 Darklings","floor":39,"turns":2},{"damage":1,"enemies":"Nemesis","floor":40,"turns":3},{"damage":0,"enemies":"Giant Head","floor":43,"turns":5},{"damage":3,"enemies":"Reptomancer","floor":45,"turns":6},{"damage":0,"enemies":"3 Shapes","floor":49,"turns":3},{"damage":0,"enemies":"SI_POISON_ARCHETYPE","floor":50,"turns":7}],"seed_played":"840302032329340275","potions_obtained":[{"floor":2,"key":"AttackPotion"},{"floor":6,"key":"LiquidBronze"},{"floor":11,"key":"Dexterity Potion"},{"floor":20,"key":"LiquidMemories"},{"floor":20,"key":"SpeedPotion"},{"floor":27,"key":"GamblersBrew"},{"floor":32,"key":"Weak Potion"}],"is_trial":false,"path_per_floor":["R","M","M","T","?","M","T","R","$","R","E","M","M","$","M","B",null,"R","M","?","M","M","M","T","?","?","E","R","M","R","E","M","B",null,"R","?","$","T","M","E","T","?","E","R","E","$","R","$","M","B",null],"character_chosen":"GUARDIAN","items_purchased":["expansioncontent:DashGenerateEvil","Guardian:DonusPower","Guardian:WalkerClaw","Bag of Marbles","Strange Spoon","Guardian:Repulse+1","Guardian:Gem_Yellow","Guardian:Gem_Green","Thinking Ahead","Guardian:Gem_Synthetic","expansioncontent:StudyTheSpire","ClockworkSouvenir","Guardian:Recover"],"campfire_rested":0,"item_purchase_floors":[9,9,14,37,37,37,37,37,37,46,46,46,48],"current_hp_per_floor":[72,72,72,72,72,69,83,83,83,83,80,80,80,70,70,55,86,86,86,86,83,69,66,66,66,66,63,63,61,61,61,61,44,86,86,86,86,86,86,85,92,92,92,102,99,99,99,99,99,103],"gold":40,"neow_bonus":"TWO_FIFTY_GOLD","is_daily":false,"chose_seed":false,"campfire_upgraded":8,"win_rate":0.0,"timestamp":1613413201,"path_taken":["R","M","M","?","?","M","T","R","$","R","E","M","M","?","M","BOSS","R","M","?","M","M","?","T","?","?","E","R","M","R","E","M","BOSS","R","?","?","?","M","E","T","?","E","R","E","$","R","?","M","BOSS"],"items_purchased_type":["Card","Card","Card","Relic","Relic","Card","Card","Card","Card","Card","Card","Relic","Card"],"build_version":"2020-12-18","purchased_purges":2,"victory":true,"max_hp_per_floor":[72,72,72,72,72,72,86,86,86,86,86,86,86,86,86,86,86,86,86,86,86,86,86,86,86,86,86,86,86,86,86,86,86,86,86,86,86,86,86,86,93,93,93,103,103,103,103,103,103,103],"relic_stats":{"Sozu":0,"Strange Spoon":[18],"counters":[28,118],"Gambling Chip":[57],"Blue Candle":[0],"Pantograph":4,"Kunai":[20],"Orichalcum":[36],"obtain_stats":[{"Potion Belt":45,"Blue Candle":40,"Guardian:ModeShifter":0,"Vajra":43,"Mango":7,"downfall:HeartBlessingGreen":18,"Frozen Egg 2":11,"Orichalcum":24,"Old Coin":26,"ClockworkSouvenir":46,"Sozu":34,"SlaversCollar":17,"Strange Spoon":37,"downfall:GremlinWheel":36,"downfall:HeartBlessingBlue":44,"Gambling Chip":4,"MutagenicStrength":25,"Strawberry":41,"Pantograph":42,"Bag of Marbles":37,"Kunai":31,"FossilizedHelix":27},{"Potion Belt":26,"Blue Candle":24,"Guardian:ModeShifter":0,"Vajra":25,"Mango":3,"downfall:HeartBlessingGreen":10,"Frozen Egg 2":5,"Orichalcum":14,"Old Coin":15,"ClockworkSouvenir":26,"Sozu":20,"SlaversCollar":10,"Strange Spoon":22,"downfall:GremlinWheel":21,"downfall:HeartBlessingBlue":25,"Gambling Chip":2,"MutagenicStrength":15,"Strawberry":24,"Pantograph":24,"Bag of Marbles":22,"Kunai":18,"FossilizedHelix":16},{"Potion Belt":108,"Blue Candle":97,"Guardian:ModeShifter":0,"Vajra":102,"Mango":10,"downfall:HeartBlessingGreen":37,"Frozen Egg 2":19,"Orichalcum":57,"Old Coin":62,"ClockworkSouvenir":108,"Sozu":87,"SlaversCollar":37,"Strange Spoon":92,"downfall:GremlinWheel":89,"downfall:HeartBlessingBlue":102,"Gambling Chip":7,"MutagenicStrength":62,"Strawberry":97,"Pantograph":97,"Bag of Marbles":92,"Kunai":74,"FossilizedHelix":66}]},"card_choices":[{"not_picked":["Guardian:PiercingHide","Guardian:Preprogram"],"picked":"Guardian:PolyBeam","floor":2},{"not_picked":["Guardian:MultiBeam","Guardian:BronzeArmor"],"picked":"Guardian:Reroute","floor":3},{"not_picked":["Guardian:CrystalBeam","Guardian:PrimingBeam"],"picked":"Guardian:Gem_Green","floor":6},{"not_picked":["Guardian:ShieldCharger","Guardian:Clone"],"picked":"Guardian:BronzeArmor","floor":9},{"not_picked":["Guardian:DonusPower","Guardian:Gem_Yellow"],"picked":"Guardian:Gem_Crimson","floor":11},{"not_picked":["Guardian:SentryBeam","Guardian:ShieldSpikes"],"picked":"Guardian:BronzeArmor","floor":12},{"not_picked":["Guardian:ShieldCharger","Guardian:Gem_Green"],"picked":"Guardian:BronzeOrb","floor":13},{"not_picked":["Guardian:TemporalStrike","Guardian:WalkerClaw"],"picked":"Guardian:FloatingOrbs+1","floor":14},{"not_picked":["Guardian:Incinerate","Guardian:GuardianWhirl"],"picked":"Guardian:TemporalShield","floor":15},{"not_picked":["Guardian:StasisStrike","Guardian:Gem_Synthetic"],"picked":"Guardian:ConstructionForm+1","floor":16},{"not_picked":["Guardian:TemporalStrike","Guardian:TemporalShield+1"],"picked":"Guardian:Gem_Red","floor":19},{"not_picked":["Guardian:ChargeCore+1","Guardian:ShieldCharger"],"picked":"Guardian:Incinerate+1","floor":21},{"not_picked":["Guardian:Harden+1","Guardian:BronzeArmor","Guardian:Gem_Blue"],"picked":"SKIP","floor":22},{"not_picked":["Guardian:Gem_Red","Guardian:BronzeArmor"],"picked":"Guardian:ChargeUp","floor":23},{"not_picked":["Guardian:SentryBeam","Guardian:Incinerate+1"],"picked":"Guardian:Gem_Green","floor":25},{"not_picked":[],"picked":"J.A.X.","floor":25},{"not_picked":["Guardian:Reroute","Guardian:Gem_Lightblue"],"picked":"Guardian:ConstructionForm+1","floor":27},{"not_picked":["Guardian:ShieldCharger","Guardian:TemporalShield"],"picked":"Guardian:PolyBeam","floor":29},{"not_picked":["Guardian:Gem_Cyan","Guardian:Harden"],"picked":"Guardian:RollAttack+1","floor":31},{"not_picked":["Guardian:PiercingHide","Guardian:BronzeOrb+1","Guardian:RollAttack"],"picked":"SKIP","floor":32},{"not_picked":["Guardian:StasisField","Guardian:Gem_Orange"],"picked":"Guardian:BaubleBeam","floor":33},{"not_picked":["Guardian:PrismaticBeam","Guardian:SpikerProtocol+1","Guardian:PrimingBeam"],"picked":"SKIP","floor":37},{"not_picked":["Guardian:TemporalShield","Guardian:Gem_Red"],"picked":"Guardian:Clone","floor":39},{"not_picked":["Guardian:GemFire","Guardian:Incinerate"],"picked":"Guardian:Gem_Purple","floor":40},{"not_picked":["Guardian:PiercingHide","Guardian:VentSteam"],"picked":"Guardian:Gem_Synthetic","floor":43},{"not_picked":["Guardian:FloatingOrbs+1","Guardian:VentSteam"],"picked":"Guardian:Planning","floor":45},{"not_picked":["Guardian:Gem_Blue","Guardian:Incinerate+1","Guardian:PrimingBeam+1"],"picked":"SKIP","floor":49}],"player_experience":1398014,"relics_obtained":[{"floor":4,"key":"Gambling Chip"},{"floor":7,"key":"Mango"},{"floor":11,"key":"Frozen Egg 2"},{"floor":24,"key":"Orichalcum"},{"floor":25,"key":"MutagenicStrength"},{"floor":27,"key":"FossilizedHelix"},{"floor":31,"key":"Kunai"},{"floor":36,"key":"downfall:GremlinWheel"},{"floor":40,"key":"Blue Candle"},{"floor":41,"key":"Strawberry"},{"floor":42,"key":"Pantograph"},{"floor":43,"key":"Vajra"},{"floor":45,"key":"Potion Belt"}],"event_choices":[{"damage_healed":0,"gold_gain":0,"player_choice":"Got Potions","damage_taken":0,"max_hp_gain":0,"max_hp_loss":0,"event_name":"Lab","floor":20,"gold_loss":0},{"cards_removed":["Guardian:Defend_Guardian"],"damage_healed":0,"gold_gain":0,"player_choice":"Card Removal","damage_taken":0,"max_hp_gain":0,"max_hp_loss":0,"event_name":"Wheel of Change","floor":47,"gold_loss":0}],"is_beta":true,"boss_relics":[{"not_picked":["bronze:MakeshiftBattery","Astrolabe"],"picked":"SlaversCollar"},{"not_picked":["Runic Dome","Empty Cage"],"picked":"Sozu"}],"items_purged_floors":[14,37],"is_endless":false,"potions_floor_spawned":[2,6,11,22,23,27,29,32,39,40,43],"ascension_level":1}}