{"host":"6gwm7y0tp7acoxay","time":1613376958,"event":{"mods":["BaseMod","Colored Map","Keyboard Shortcuts","Minty Spire (QoL Compilation)","Quick Restart","StSLib","SuperFastMode","everything is the same but u backflip on backflip"],"gold_per_floor":[118,118,118,118,133,159,191,217,217,247,6,34,50,50,50,124,124,139,139,139,151,151,180,209,209,209,241,241,266,298,326,326,401,401,419,419,319,369,388,418,444,444,496,530,558,593,626,642,642,642,642,642,642,19,49,49],"floor_reached":57,"language":"KOR","playtime":1919,"items_purged":["Dual Wield","Dropkick","Cleave"],"score":3627,"play_id":"b3a974e1-3260-49c5-943c-5c5369bdf887","local_time":"20210215171558","daily_mods":["SealedDeck","Heirloom","Flight"],"is_ascension_mode":true,"campfire_choices":[{"data":"Limit Break","floor":15.0,"key":"SMITH"},{"floor":25.0,"key":"REST"},{"floor":28.0,"key":"RECALL"},{"data":"Battle Trance","floor":32.0,"key":"SMITH"},{"data":"Feel No Pain","floor":49,"key":"SMITH"},{"data":"True Grit","floor":53,"key":"SMITH"}],"circlet_count":0,"master_deck":["AscendersBane","Headbutt","Shrug It Off","Sword Boomerang","Second Wind","Uppercut+1","Armaments+1","Inflame+1","Battle Trance+1","Seeing Red+1","Limit Break+1","Feel No Pain+1","Reaper","Dark Shackles","True Grit+1","Dual Wield","Double Tap"],"relics":["Burning Blood","CaptainsWheel","Vajra","Charon\u0027s Ashes","Blue Candle","Pantograph","Toy Ornithopter","Runic Dome","MutagenicStrength","Ancient Tea Set","Ornamental Fan","Gambling Chip","Omamori","Dream Catcher","Ice Cream","Paper Frog","Runic Pyramid","Smiling Mask","The Courier","Red Skull","Pen Nib","Orichalcum","Bottled Tornado","Calipers","Du-Vu Doll","Gremlin Horn","Mercury Hourglass","Art of War","Strawberry"],"acts_visited":["Exordium","TheCity","TheBeyond","TheEnding"],"potions_floor_usage":[56,56],"damage_taken":[{"damage":7.0,"enemies":"Jaw Worm","floor":1.0,"turns":3.0},{"damage":0.0,"enemies":"Small Slimes","floor":5.0,"turns":2.0},{"damage":5.0,"enemies":"3 Sentries","floor":6.0,"turns":4.0},{"damage":0.0,"enemies":"Gremlin Nob","floor":7.0,"turns":2.0},{"damage":14.0,"enemies":"3 Sentries","floor":8.0,"turns":4.0},{"damage":0.0,"enemies":"Lagavulin","floor":10.0,"turns":3.0},{"damage":0.0,"enemies":"Gremlin Nob","floor":12.0,"turns":2.0},{"damage":9.0,"enemies":"2 Louse","floor":13.0,"turns":2.0},{"damage":26.0,"enemies":"Hexaghost","floor":16.0,"turns":4.0},{"damage":14.0,"enemies":"2 Thieves","floor":18.0,"turns":3.0},{"damage":30.0,"enemies":"Shell Parasite","floor":21.0,"turns":5.0},{"damage":12.0,"enemies":"Gremlin Leader","floor":23.0,"turns":4.0},{"damage":44.0,"enemies":"Slavers","floor":24.0,"turns":6.0},{"damage":10.0,"enemies":"Gremlin Leader","floor":27.0,"turns":4.0},{"damage":18.0,"enemies":"Slavers","floor":29.0,"turns":3.0},{"damage":0.0,"enemies":"Gremlin Leader","floor":30.0,"turns":4.0},{"damage":10.0,"enemies":"Book of Stabbing","floor":31.0,"turns":5.0},{"damage":3.0,"enemies":"Collector","floor":33.0,"turns":4.0},{"damage":13.0,"enemies":"3 Shapes","floor":35.0,"turns":4.0},{"damage":5.0,"enemies":"Orb Walker","floor":39.0,"turns":2.0},{"damage":18.0,"enemies":"Nemesis","floor":40.0,"turns":5.0},{"damage":13.0,"enemies":"Giant Head","floor":41.0,"turns":5.0},{"damage":43,"enemies":"Nemesis","floor":44,"turns":5},{"damage":4,"enemies":"Reptomancer","floor":45,"turns":4},{"damage":0,"enemies":"Giant Head","floor":46,"turns":3},{"damage":0,"enemies":"Nemesis","floor":47,"turns":5},{"damage":8,"enemies":"3 Darklings","floor":48,"turns":3},{"damage":24,"enemies":"Donu and Deca","floor":50,"turns":5},{"damage":16,"enemies":"Awakened One","floor":51,"turns":7},{"damage":54,"enemies":"Shield and Spear","floor":55,"turns":6},{"damage":123,"enemies":"The Heart","floor":56,"turns":7}],"seed_played":"-5570983258199372096","potions_obtained":[{"floor":8.0,"key":"SpeedPotion"},{"floor":10.0,"key":"DuplicationPotion"},{"floor":21.0,"key":"Fruit Juice"},{"floor":29.0,"key":"AttackPotion"},{"floor":46,"key":"ColorlessPotion"}],"is_trial":true,"path_per_floor":["M","?","?","?","M","E","E","E","T","E","$","E","M","?","R","B",null,"M","?","?","M","?","E","E","R","T","E","R","E","E","E","R","B",null,"M","?","$","?","M","E","E","?","T","E","E","E","E","M","R","B","B",null,"R","$","E","B",null],"character_chosen":"IRONCLAD","items_purchased":["Limit Break","Gremlin Horn","Mercury Hourglass","Art of War"],"campfire_rested":1,"item_purchase_floors":[11,54,54,54],"current_hp_per_floor":[67,67,44,44,50,51,57,49,49,55,55,61,58,58,58,55,70,75,54,42,48,48,56,38,63,63,81,81,85,85,81,81,85,85,85,85,85,85,85,85,85,85,85,85,85,85,85,85,85,85,85,85,85,85,92,59],"gold":49,"neow_bonus":"","is_daily":false,"chose_seed":false,"campfire_upgraded":4,"win_rate":0.0,"timestamp":1613376958,"path_taken":["M","?","?","?","?","E","E","E","T","E","?","E","?","?","R","BOSS","M","?","?","?","?","E","E","R","T","E","R","E","E","E","R","BOSS","M","?","$","?","?","E","E","?","T","E","E","E","E","?","R","BOSS","BOSS","R","$","E","BOSS"],"items_purchased_type":["Card","Relic","Relic","Relic"],"build_version":"2020-12-22","purchased_purges":3,"victory":true,"max_hp_per_floor":[75,75,75,75,75,75,75,75,75,75,75,75,75,75,75,75,75,75,80,80,85,85,85,85,85,85,85,85,85,85,85,85,85,85,85,85,85,85,85,85,85,85,85,85,85,85,85,85,85,85,85,85,85,85,92,92],"card_choices":[{"not_picked":["Intimidate","Perfected Strike"],"picked":"Seeing Red","floor":1.0},{"not_picked":["Blood for Blood","Iron Wave","Heavy Blade"],"picked":"SKIP","floor":5.0},{"not_picked":["Bludgeon","Headbutt","Clothesline"],"picked":"SKIP","floor":6.0},{"not_picked":["Sword Boomerang","Wild Strike","Iron Wave"],"picked":"SKIP","floor":7.0},{"not_picked":["Battle Trance","Reckless Charge"],"picked":"Dropkick","floor":8.0},{"not_picked":["Heavy Blade","Thunderclap","Twin Strike"],"picked":"SKIP","floor":10.0},{"not_picked":["Metallicize","Thunderclap"],"picked":"Feel No Pain","floor":12.0},{"not_picked":["Body Slam","Sword Boomerang","Demon Form"],"picked":"SKIP","floor":13.0},{"not_picked":["Impervious","Corruption"],"picked":"Reaper","floor":16.0},{"not_picked":["Flame Barrier","Uppercut+1","Sword Boomerang"],"picked":"SKIP","floor":18.0},{"not_picked":["Sentinel","Shrug It Off","Blood for Blood"],"picked":"SKIP","floor":21.0},{"not_picked":["Pummel","Reckless Charge","Hemokinesis+1"],"picked":"SKIP","floor":23.0},{"not_picked":["Metallicize","Twin Strike","Body Slam"],"picked":"SKIP","floor":24.0},{"not_picked":["Body Slam","Spot Weakness+1","Twin Strike"],"picked":"SKIP","floor":27.0},{"not_picked":["Shrug It Off","Battle Trance","Flex"],"picked":"SKIP","floor":29.0},{"not_picked":["Battle Trance+1","Pummel"],"picked":"True Grit","floor":30.0},{"not_picked":["Twin Strike","Havoc"],"picked":"Dual Wield","floor":31.0},{"not_picked":["Immolate","Reaper"],"picked":"Double Tap","floor":33.0},{"not_picked":["Sword Boomerang","True Grit","Hemokinesis"],"picked":"SKIP","floor":35.0},{"not_picked":["Sword Boomerang","Rampage+1","Perfected Strike"],"picked":"SKIP","floor":39.0},{"not_picked":["Pommel Strike+1","Thunderclap","Headbutt"],"picked":"SKIP","floor":40.0},{"not_picked":["Body Slam","Fiend Fire","Sword Boomerang"],"picked":"SKIP","floor":41.0},{"not_picked":["Sword Boomerang+1","Corruption","Intimidate"],"picked":"SKIP","floor":44},{"not_picked":["Intimidate+1","Twin Strike","Warcry"],"picked":"SKIP","floor":45},{"not_picked":["Heavy Blade+1","Rupture","Clothesline"],"picked":"SKIP","floor":46},{"not_picked":["Pommel Strike","Blood for Blood","True Grit"],"picked":"SKIP","floor":47},{"not_picked":["Twin Strike","Impervious","Bloodletting"],"picked":"SKIP","floor":48},{"not_picked":["Clash","Rampage","Uppercut"],"picked":"SKIP","floor":55}],"player_experience":4544579,"relics_obtained":[{"floor":6.0,"key":"Vajra"},{"floor":7.0,"key":"Charon\u0027s Ashes"},{"floor":8.0,"key":"Blue Candle"},{"floor":10.0,"key":"Pantograph"},{"floor":12.0,"key":"Toy Ornithopter"},{"floor":23.0,"key":"Ancient Tea Set"},{"floor":24.0,"key":"Ornamental Fan"},{"floor":26.0,"key":"Gambling Chip"},{"floor":27.0,"key":"Omamori"},{"floor":29.0,"key":"Dream Catcher"},{"floor":30.0,"key":"Ice Cream"},{"floor":31.0,"key":"Paper Frog"},{"floor":40.0,"key":"Smiling Mask"},{"floor":41.0,"key":"The Courier"},{"floor":43,"key":"Pen Nib"},{"floor":44,"key":"Orichalcum"},{"floor":45,"key":"Bottled Tornado"},{"floor":46,"key":"Calipers"},{"floor":47,"key":"Du-Vu Doll"},{"floor":55,"key":"Strawberry"}],"event_choices":[{"damage_healed":0.0,"max_hp_gain":0.0,"max_hp_loss":0.0,"gold_gain":0.0,"event_name":"Living Wall","player_choice":"Grow","floor":2.0,"gold_loss":0.0,"damage_taken":0.0,"cards_upgraded":["Armaments"]},{"damage_healed":0.0,"max_hp_gain":0.0,"max_hp_loss":0.0,"gold_gain":0.0,"event_name":"Shining Light","player_choice":"Entered Light","floor":3.0,"gold_loss":0.0,"damage_taken":23.0,"cards_upgraded":["Seeing Red","Inflame"]},{"damage_healed":0.0,"max_hp_gain":0.0,"max_hp_loss":0.0,"gold_gain":0.0,"event_name":"Accursed Blacksmith","player_choice":"Forge","floor":4.0,"gold_loss":0.0,"damage_taken":0.0,"cards_upgraded":["Uppercut"]},{"damage_healed":0.0,"max_hp_gain":0.0,"max_hp_loss":0.0,"gold_gain":0.0,"event_name":"Liars Game","player_choice":"Ignored","floor":14.0,"gold_loss":0.0,"damage_taken":0.0},{"damage_healed":0.0,"max_hp_gain":5.0,"max_hp_loss":0.0,"gold_gain":0.0,"event_name":"Forgotten Altar","player_choice":"Shed Blood","floor":19.0,"gold_loss":0.0,"damage_taken":26.0},{"damage_healed":0.0,"max_hp_gain":0.0,"max_hp_loss":0.0,"gold_gain":0.0,"event_name":"Knowing Skull","player_choice":"CARD ","floor":20.0,"potions_obtained":[],"gold_loss":0.0,"damage_taken":12.0,"cards_obtained":["Dark Shackles"]},{"damage_healed":0.0,"max_hp_gain":0.0,"max_hp_loss":0.0,"gold_gain":0.0,"event_name":"Drug Dealer","player_choice":"Inject Mutagens","floor":22.0,"gold_loss":0.0,"damage_taken":0.0,"relics_obtained":["MutagenicStrength"]},{"damage_healed":0.0,"max_hp_gain":0.0,"max_hp_loss":0.0,"gold_gain":0.0,"event_name":"Tomb of Lord Red Mask","player_choice":"Ignored","floor":36.0,"gold_loss":0.0,"damage_taken":0.0},{"damage_healed":0.0,"max_hp_gain":0.0,"max_hp_loss":0.0,"gold_gain":50.0,"event_name":"Golden Shrine","player_choice":"Pray","floor":38.0,"gold_loss":0.0,"damage_taken":0.0},{"damage_healed":0,"gold_gain":0,"player_choice":"Gave Potion","damage_taken":0,"relics_obtained":["Red Skull"],"max_hp_gain":0,"max_hp_loss":0,"event_name":"WeMeetAgain","floor":42,"gold_loss":0}],"is_beta":false,"boss_relics":[{"not_picked":["Ectoplasm","Velvet Choker"],"picked":"Runic Dome"},{"not_picked":["Philosopher\u0027s Stone","Mark of Pain"],"picked":"Runic Pyramid"}],"items_purged_floors":[11,37,54],"is_endless":false,"potions_floor_spawned":[8,10,12,16,21,29,30,31,33,35,40,46],"ascension_level":20}}