{"host":"wqdhni9hq4z6pe8c","time":1613358896,"event":{"mods":["BaseMod","Colored Map","Downfall","Highlight Path","Minty Spire (QoL Compilation)","StSLib"],"gold_per_floor":[99,118,132,152,152,164,164,3,3,17,17,17,33,33,45,148,148,48,48,148,167,267,296,296,313,313,58,73,58,58,58,58,58,58,58],"floor_reached":33,"language":"ENG","playtime":3422,"items_purged":["bronze:Defend"],"score":257,"play_id":"1fd80f6e-d38f-4ca3-9f24-f4ffaf447595","local_time":"20210214211456","is_ascension_mode":false,"campfire_choices":[{"data":"bronze:Replicate","floor":1,"key":"SMITH"},{"floor":9,"key":"RECALL"},{"data":"bronze:CloningBeam","floor":11,"key":"SMITH"},{"data":"bronze:Break","floor":18,"key":"SMITH"},{"data":"bronze:ShipIt","floor":26,"key":"SMITH"},{"data":"bronze:GetLatest","floor":30,"key":"SMITH"}],"circlet_count":0,"master_deck":["bronze:Strike","bronze:Strike","bronze:Defend","bronze:Defend","bronze:Replicate+1","bronze:Goto","bronze:DelayedSlice","bronze:Constructor+1","bronze:CloningBeam+1","bronze:Overload","bronze:ForceShield","bronze:Optimize+1","bronze:WhirlingStrike","bronze:Repulsor+1","bronze:Mutator+1","bronze:DelayedSlice","bronze:Break+1","bronze:ClassDefault+1","bronze:BuggyMess","bronze:Constructor","bronze:DecaBeam","bronze:ShipIt+1","bronze:BronzeOrb","bronze:BurnOut","bronze:FineTuning+1","bronze:GetLatest+1"],"relics":["bronze:BronzeCore","Blood Vial","Frozen Egg 2","Philosopher\u0027s Stone","downfall:HeartBlessingRed","Tiny Chest","InkBottle","Bottled Tornado"],"acts_visited":["Exordium","TheCity"],"potions_floor_usage":[22,23,29,32],"damage_taken":[{"damage":1,"enemies":"Jaw Worm","floor":2,"turns":4},{"damage":0,"enemies":"Cultist","floor":3,"turns":2},{"damage":2,"enemies":"Small Slimes","floor":4,"turns":3},{"damage":9,"enemies":"3 Louse","floor":6,"turns":4},{"damage":10,"enemies":"downfall:FleeingMerchant","floor":8,"turns":4},{"damage":0,"enemies":"downfall:LooterAlt","floor":10,"turns":2},{"damage":6,"enemies":"2 Fungi Beasts","floor":13,"turns":2},{"damage":10,"enemies":"3 Louse","floor":15,"turns":3},{"damage":7,"enemies":"SI_SHIV_ARCHETYPE","floor":16,"turns":6},{"damage":0,"enemies":"3 Byrds","floor":21,"turns":2},{"damage":24,"enemies":"3 Byrds","floor":22,"turns":6},{"damage":14,"enemies":"Book of Stabbing","floor":23,"turns":8},{"damage":0,"enemies":"Chosen","floor":25,"turns":3},{"damage":0,"enemies":"downfall:FleeingMerchant","floor":27,"turns":4},{"damage":9,"enemies":"3 Cultists","floor":28,"turns":4},{"damage":4,"enemies":"downfall:FleeingMerchant","floor":29,"turns":4},{"damage":0,"enemies":"Snake Plant","floor":32,"turns":1},{"damage":35,"enemies":"DF_ARCHETYPE_CLAW","floor":33,"turns":6}],"seed_played":"-7185049281620648662","potions_obtained":[{"floor":3,"key":"Ancient Potion"},{"floor":13,"key":"SkillPotion"},{"floor":15,"key":"Dexterity Potion"},{"floor":16,"key":"bronze:CleanCodePotion"},{"floor":22,"key":"SmokeBomb"},{"floor":23,"key":"Fire Potion"}],"is_trial":false,"path_per_floor":["R","M","M","M","?","M","T","$","R","M","R","?","M","?","M","B",null,"R","?","?","M","?","E","T","M","R","$","M","$","R","T","M","B"],"character_chosen":"THE_AUTOMATON","items_purchased":["bronze:Optimize+1","Bottled Tornado"],"campfire_rested":0,"item_purchase_floors":[8,27],"current_hp_per_floor":[70,69,70,68,68,61,61,53,53,55,55,70,64,64,56,51,70,70,70,70,70,46,34,34,36,36,38,31,29,29,29,31,0,0,0],"gold":58,"neow_bonus":"RANDOM_COMMON_RELIC","is_daily":false,"chose_seed":false,"campfire_upgraded":5,"win_rate":0.0,"timestamp":1613358896,"path_taken":["R","M","M","M","?","M","T","$","R","?","R","?","?","?","M","BOSS","R","?","?","M","?","E","T","M","R","?","M","$","R","?","M","BOSS"],"items_purchased_type":["Card","Relic"],"build_version":"2020-12-22","purchased_purges":1,"victory":false,"max_hp_per_floor":[70,70,70,70,70,70,70,70,70,70,70,70,70,70,70,70,70,70,70,70,70,70,70,70,70,70,70,70,70,70,70,70,70,70,70],"card_choices":[{"not_picked":["bronze:BugBarrage","bronze:CutThrough"],"picked":"bronze:DelayedSlice","floor":2},{"not_picked":["bronze:WildBeam","bronze:Frontload"],"picked":"bronze:Constructor","floor":3},{"not_picked":["bronze:BronzeArmor","bronze:Iterate"],"picked":"bronze:CloningBeam","floor":4},{"not_picked":["bronze:Philosophize","bronze:Overheat"],"picked":"bronze:Overload","floor":6},{"not_picked":["bronze:BitShift","bronze:Allocate"],"picked":"bronze:ForceShield","floor":8},{"not_picked":["bronze:ForceShield","bronze:Shield"],"picked":"bronze:WhirlingStrike","floor":10},{"not_picked":["bronze:Virus","bronze:Branch"],"picked":"bronze:Repulsor+1","floor":13},{"not_picked":["bronze:Frontload","bronze:Overheat"],"picked":"bronze:DelayedSlice","floor":15},{"not_picked":["bronze:Mutator+1","bronze:HardenedForm+1"],"picked":"bronze:Break","floor":16},{"not_picked":["bronze:Iterate","bronze:Invalidate"],"picked":"bronze:Constructor","floor":21},{"not_picked":[],"picked":"bronze:DecaBeam","floor":22},{"not_picked":["bronze:Constructor","bronze:BugBarrage"],"picked":"bronze:ShipIt","floor":22},{"not_picked":["bronze:Constructor","bronze:Overheat+1","bronze:Separator+1"],"picked":"SKIP","floor":23},{"not_picked":["bronze:CutThrough","bronze:ChildClass+1"],"picked":"bronze:BronzeOrb","floor":25},{"not_picked":["bronze:WhirlingStrike+1","bronze:Allocate"],"picked":"bronze:BurnOut","floor":27},{"not_picked":["bronze:Branch","bronze:Turbo"],"picked":"bronze:FineTuning+1","floor":28},{"not_picked":["bronze:Separator","bronze:BuggyMess"],"picked":"bronze:GetLatest","floor":29}],"player_experience":163117,"relics_obtained":[{"floor":7,"key":"Frozen Egg 2"},{"floor":23,"key":"Tiny Chest"},{"floor":24,"key":"InkBottle"}],"event_choices":[{"damage_healed":15,"gold_gain":0,"player_choice":"Full Heal","damage_taken":0,"max_hp_gain":0,"max_hp_loss":0,"event_name":"Wheel of Change","floor":12,"gold_loss":0},{"damage_healed":0,"gold_gain":0,"cards_transformed":["bronze:Defend"],"player_choice":"Change","damage_taken":0,"max_hp_gain":0,"max_hp_loss":0,"event_name":"Living Wall","floor":14,"gold_loss":0,"cards_obtained":["bronze:Mutator"]},{"damage_healed":0,"gold_gain":0,"cards_transformed":["bronze:Strike","bronze:Strike"],"player_choice":"Became Test Subject","damage_taken":0,"max_hp_gain":0,"max_hp_loss":0,"event_name":"Drug Dealer","floor":19,"gold_loss":0,"cards_obtained":["bronze:ClassDefault","bronze:BuggyMess"]}],"is_beta":false,"boss_relics":[{"not_picked":["Velvet Choker","Runic Dome"],"picked":"Philosopher\u0027s Stone"}],"items_purged_floors":[8],"is_endless":false,"potions_floor_spawned":[3,13,15,16,22,23,32],"killed_by":"DF_ARCHETYPE_CLAW","ascension_level":0}}