{"host":"tf5skwcwe0vlu2md","time":1613393590,"event":{"mods":["BaseMod","Downfall","Highlight Path","Minty Spire (QoL Compilation)","Quick Restart","StSLib","The Hierophant"],"gold_per_floor":[111,71,71,87,52,52,85,85,164,174,174,174,186,199,199,298,298,309,326,345,360,360,386,386,400,451,469,487,487,522,541,541,637,637,657,657,674,49,59,84,95,95,95,95,112,112,140,0,0,0,0],"floor_reached":50,"playtime":2778,"items_purged":[],"score":657,"play_id":"8bd60c07-6e3a-4bd5-932a-5febcf3a4069","local_time":"20210215235310","is_ascension_mode":true,"campfire_choices":[{"data":"Zap","floor":6,"key":"SMITH"},{"data":"Biased Cognition","floor":8,"key":"SMITH"},{"data":"Dualcast","floor":11,"key":"SMITH"},{"data":"Loop","floor":15,"key":"SMITH"},{"data":"Buffer","floor":24,"key":"SMITH"},{"data":"Sunder","floor":29,"key":"SMITH"},{"data":"Seek","floor":32,"key":"SMITH"},{"data":"Echo Form","floor":42,"key":"SMITH"},{"data":"Madness","floor":44,"key":"SMITH"},{"floor":49,"key":"RECALL"}],"circlet_count":0,"master_deck":["Strike_B","Strike_B","Defend_B","Defend_B","Zap+1","Dualcast+1","Biased Cognition+1","Leap+1","Sunder+1","Loop+1","Buffer+1","Undo+1","Core Surge+1","Melter+1","Rebound+1","FTL","Core Surge","Leap","Leap","Ball Lightning","Seek+1","Amplify","Static Discharge+1","Madness","Madness+1","Static Discharge","Echo Form+1","Streamline+1","Apotheosis","Capacitor"],"relics":["Cracked Core","Mercury Hourglass","Bottled Lightning","Astrolabe","Centennial Puzzle","Oddly Smooth Stone","Nuclear Battery","Strawberry","White Beast Statue","Sling","Happy Flower","HornCleat","Potion Belt","Red Mask"],"acts_visited":["Exordium","TheCity","TheBeyond"],"potions_floor_usage":[7,21,23,25,30,30,31,31,50,50,50],"damage_taken":[{"damage":2,"enemies":"2 Louse","floor":1,"turns":3},{"damage":5,"enemies":"Small Slimes","floor":4,"turns":2},{"damage":35,"enemies":"Gremlin Nob","floor":7,"turns":4},{"damage":0,"enemies":"Jaw Worm","floor":10,"turns":2},{"damage":0,"enemies":"Blue Slaver","floor":13,"turns":2},{"damage":0,"enemies":"Large Slime","floor":14,"turns":3},{"damage":33,"enemies":"The Guardian","floor":16,"turns":8},{"damage":0,"enemies":"Shell Parasite","floor":18,"turns":3},{"damage":0,"enemies":"Chosen","floor":19,"turns":3},{"damage":9,"enemies":"Centurion and Healer","floor":20,"turns":4},{"damage":0,"enemies":"Sentry and Sphere","floor":21,"turns":3},{"damage":17,"enemies":"Book of Stabbing","floor":23,"turns":3},{"damage":0,"enemies":"Cultist and Chosen","floor":25,"turns":4},{"damage":0,"enemies":"3 Cultists","floor":27,"turns":3},{"damage":9,"enemies":"Centurion and Healer","floor":28,"turns":7},{"damage":5,"enemies":"Gremlin Leader","floor":30,"turns":6},{"damage":0,"enemies":"Snake Plant","floor":31,"turns":2},{"damage":10,"enemies":"Champ","floor":33,"turns":12},{"damage":0,"enemies":"3 Shapes","floor":35,"turns":4},{"damage":3,"enemies":"Orb Walker","floor":37,"turns":2},{"damage":16,"enemies":"Maw","floor":39,"turns":7},{"damage":0,"enemies":"Reptomancer","floor":40,"turns":5},{"damage":0,"enemies":"Transient","floor":41,"turns":5},{"damage":9,"enemies":"4 Shapes","floor":45,"turns":4},{"damage":35,"enemies":"Nemesis","floor":47,"turns":7},{"damage":25,"enemies":"Donu and Deca","floor":50,"turns":6}],"seed_played":"4280950317590306580","potions_obtained":[{"floor":4,"key":"EntropicBrew"},{"floor":18,"key":"AttackPotion"},{"floor":21,"key":"Dexterity Potion"},{"floor":25,"key":"SpeedPotion"},{"floor":28,"key":"ColorlessPotion"},{"floor":30,"key":"DistilledChaos"},{"floor":31,"key":"Swift Potion"},{"floor":35,"key":"SpeedPotion"},{"floor":39,"key":"FocusPotion"},{"floor":47,"key":"AttackPotion"}],"is_trial":false,"path_per_floor":["M","?","?","M","?","R","E","R","T","M","R","?","M","M","R","B",null,"M","M","M","M","?","E","R","M","T","M","M","R","E","M","R","B",null,"M","?","M","$","M","E","M","R","T","R","M","?","E","?","R","B"],"character_chosen":"DEFECT","items_purchased":["Strawberry","White Beast Statue","Static Discharge","Sling"],"campfire_rested":0,"item_purchase_floors":[38,38,38,38],"current_hp_per_floor":[52,52,57,52,72,72,37,37,37,37,37,37,37,37,37,4,80,80,80,71,71,71,54,54,54,54,54,45,45,40,40,40,30,80,80,70,67,74,58,58,58,58,58,58,49,49,14,14,14,0,0],"gold":0,"neow_bonus":"TRANSFORM_TWO_CARDS","is_daily":false,"chose_seed":false,"campfire_upgraded":9,"win_rate":0.0,"timestamp":1613393590,"path_taken":["M","?","?","M","?","R","E","R","T","M","R","?","M","M","R","BOSS","M","M","M","M","?","E","R","M","T","M","M","R","E","M","R","BOSS","M","?","M","$","M","E","M","R","T","R","M","?","E","?","R","BOSS"],"items_purchased_type":["Relic","Relic","Card","Relic"],"build_version":"2020-12-13","purchased_purges":0,"victory":false,"max_hp_per_floor":[75,75,80,80,80,80,80,80,80,80,80,80,80,80,80,80,80,80,80,80,80,80,80,80,80,80,80,80,80,80,80,80,80,80,80,80,80,87,87,87,87,87,87,87,87,87,87,87,87,87,87],"card_choices":[{"not_picked":["Turbo","Go for the Eyes","Beam Cell"],"picked":"SKIP","floor":1},{"not_picked":["Barrage","Sweeping Beam","Reprogram"],"picked":"SKIP","floor":4},{"not_picked":["Compile Driver","Stack"],"picked":"Leap","floor":7},{"not_picked":["Cold Snap","Turbo","Steam Power"],"picked":"SKIP","floor":10},{"not_picked":["Compile Driver","Sweeping Beam"],"picked":"Sunder","floor":13},{"not_picked":["Gash","Storm"],"picked":"Loop","floor":14},{"not_picked":["Creative AI","Hyperbeam"],"picked":"Buffer","floor":16},{"not_picked":["Cold Snap","Compile Driver"],"picked":"Rebound+1","floor":18},{"not_picked":["Coolheaded+1","Barrage+1"],"picked":"FTL","floor":19},{"not_picked":["Compile Driver","Rebound","Conserve Battery"],"picked":"SKIP","floor":20},{"not_picked":["Barrage","Reprogram+1"],"picked":"Core Surge","floor":21},{"not_picked":["Steam","Streamline"],"picked":"Leap","floor":23},{"not_picked":["Stack","Heatsinks","Rebound+1"],"picked":"SKIP","floor":25},{"not_picked":["Stack+1","Reprogram"],"picked":"Leap","floor":27},{"not_picked":["Melter","Glacier"],"picked":"Ball Lightning","floor":28},{"not_picked":["Aggregate","Leap"],"picked":"Seek","floor":30},{"not_picked":["Coolheaded+1","Blizzard","Turbo+1"],"picked":"SKIP","floor":31},{"not_picked":["Core Surge","Seek"],"picked":"Amplify","floor":33},{"not_picked":["Redo+1","Coolheaded+1"],"picked":"Static Discharge+1","floor":35},{"not_picked":["Redo","Scrape+1","Barrage"],"picked":"SKIP","floor":37},{"not_picked":["Compile Driver+1","Steam Power+1","Gash+1"],"picked":"SKIP","floor":39},{"not_picked":["Skim+1","Go for the Eyes+1"],"picked":"Echo Form","floor":40},{"not_picked":["Redo+1","Self Repair"],"picked":"Streamline+1","floor":41},{"not_picked":["Undo+1","BootSequence","Barrage"],"picked":"SKIP","floor":45},{"not_picked":["Forethought","Secret Weapon"],"picked":"Apotheosis","floor":46},{"not_picked":["Streamline","Conserve Battery+1"],"picked":"Capacitor","floor":47}],"player_experience":249587,"relics_obtained":[{"floor":7,"key":"Mercury Hourglass"},{"floor":9,"key":"Bottled Lightning"},{"floor":23,"key":"Centennial Puzzle"},{"floor":30,"key":"Oddly Smooth Stone"},{"floor":40,"key":"Happy Flower"},{"floor":43,"key":"HornCleat"},{"floor":47,"key":"Potion Belt"}],"event_choices":[{"damage_healed":0,"gold_gain":0,"player_choice":"Left Gold","damage_taken":0,"max_hp_gain":0,"max_hp_loss":0,"event_name":"World of Goop","floor":2,"gold_loss":40},{"damage_healed":0,"gold_gain":0,"player_choice":"Donut","damage_taken":0,"max_hp_gain":5,"max_hp_loss":0,"event_name":"Big Fish","floor":3,"gold_loss":0},{"damage_healed":20,"gold_gain":0,"player_choice":"Healed","damage_taken":0,"max_hp_gain":0,"max_hp_loss":0,"event_name":"The Cleric","floor":5,"gold_loss":35},{"damage_healed":0,"gold_gain":0,"player_choice":"Grow","damage_taken":0,"max_hp_gain":0,"max_hp_loss":0,"event_name":"Living Wall","floor":12,"gold_loss":0,"cards_upgraded":["Leap"]},{"damage_healed":0,"gold_gain":0,"player_choice":"Ignored","damage_taken":0,"max_hp_gain":0,"max_hp_loss":0,"event_name":"Cursed Tome","floor":22,"gold_loss":0},{"damage_healed":0,"gold_gain":0,"player_choice":"Embrace Madness","damage_taken":10,"max_hp_gain":0,"max_hp_loss":0,"event_name":"Winding Halls","floor":36,"gold_loss":0,"cards_obtained":["Madness","Madness"]},{"damage_healed":0,"gold_gain":0,"player_choice":"Memory 1","damage_taken":0,"max_hp_gain":0,"max_hp_loss":0,"event_name":"SensoryStone","floor":46,"gold_loss":0},{"damage_healed":0,"gold_gain":0,"player_choice":"Paid","damage_taken":0,"relics_obtained":["Red Mask"],"max_hp_gain":0,"max_hp_loss":0,"event_name":"Tomb of Lord Red Mask","floor":48,"gold_loss":140}],"is_beta":false,"boss_relics":[{"not_picked":["Fusion Hammer","Runic Pyramid"],"picked":"Astrolabe"},{"not_picked":["Tiny House","Busted Crown"],"picked":"Nuclear Battery"}],"items_purged_floors":[],"is_endless":false,"potions_floor_spawned":[4,7,18,21,25,28,30,31,35,39,40,41,45,47],"killed_by":"Donu and Deca","ascension_level":3}}