{"host":"fiyb7gvx7tok3jeh","time":1613352053,"event":{"mods":["BaseMod","Colored Map","Colored Powertips","DeckTracker","Googly Eyes","Highlight Path","Minty Spire (QoL Compilation)"],"gold_per_floor":[110,110,35,35,50,78,78,92,142,70,70,101,101,117,117,240,240,265,180,44,59,59,100,100,125,125,144,144,144,169,169,169,290,290,308,9,23,38,38,38,103,103,149,4,25,25,25,25,25],"floor_reached":48,"language":"ENG","playtime":2101,"items_purged":["Strike_B","Strike_B"],"score":717,"play_id":"2eb583a9-27ea-450b-bea7-cf7129a42533","local_time":"20210215032053","is_ascension_mode":true,"campfire_choices":[{"data":"Zap","floor":7,"key":"SMITH"},{"data":"Zap","floor":11,"key":"SMITH"},{"data":"Hologram","floor":15,"key":"SMITH"},{"data":"Thunder Strike","floor":24,"key":"SMITH"},{"data":"Hologram","floor":29,"key":"SMITH"},{"floor":32,"key":"REST"},{"data":"Double Energy","floor":40,"key":"SMITH"},{"floor":46,"key":"RECALL"}],"circlet_count":0,"master_deck":["Defend_B","Defend_B","Defend_B","Defend_B","Zap+1","Dualcast+1","Coolheaded","Conserve Battery","Zap+1","Hologram+1","Thunder Strike+1","Electrodynamics","Hologram","Multi-Cast","CurseOfTheBell","Static Discharge+1","Defragment","Turbo","Glacier+1","Double Energy+1","Hologram+1","Redo+1","Glacier","Glacier+1","Thunder Strike+1","Tempest","Stack","Madness+1","Madness"],"relics":["Cracked Core","NeowsBlessing","Juzu Bracelet","Blood Vial","Dream Catcher","Golden Idol","Calling Bell","Akabeko","White Beast Statue","Du-Vu Doll","Pear","MealTicket","Potion Belt","Black Star","PreservedInsect","Thread and Needle","Whetstone"],"acts_visited":["Exordium","TheCity","TheBeyond"],"potions_floor_usage":[21,23,27,27,33,35,37,41,41,41,48],"damage_taken":[{"damage":0,"enemies":"2 Louse","floor":1,"turns":1},{"damage":0,"enemies":"Cultist","floor":5,"turns":1},{"damage":0,"enemies":"Lagavulin","floor":6,"turns":1},{"damage":0,"enemies":"Small Slimes","floor":8,"turns":3},{"damage":14,"enemies":"3 Sentries","floor":12,"turns":5},{"damage":4,"enemies":"Exordium Wildlife","floor":14,"turns":2},{"damage":0,"enemies":"The Guardian","floor":16,"turns":8},{"damage":17,"enemies":"2 Thieves","floor":18,"turns":3},{"damage":18,"enemies":"3 Byrds","floor":21,"turns":2},{"damage":29,"enemies":"Book of Stabbing","floor":23,"turns":5},{"damage":5,"enemies":"Snake Plant","floor":25,"turns":6},{"damage":11,"enemies":"3 Cultists","floor":27,"turns":4},{"damage":4,"enemies":"Centurion and Healer","floor":30,"turns":8},{"damage":18,"enemies":"Champ","floor":33,"turns":11},{"damage":9,"enemies":"3 Shapes","floor":35,"turns":2},{"damage":0,"enemies":"3 Darklings","floor":37,"turns":2},{"damage":7,"enemies":"Sphere and 2 Shapes","floor":38,"turns":3},{"damage":37,"enemies":"2 Orb Walkers","floor":41,"turns":4},{"damage":4,"enemies":"Jaw Worm Horde","floor":45,"turns":3},{"damage":50,"enemies":"Giant Head","floor":48,"turns":6}],"seed_played":"2912587205969510208","potions_obtained":[{"floor":5,"key":"BlessingOfTheForge"},{"floor":8,"key":"Fire Potion"},{"floor":16,"key":"LiquidBronze"},{"floor":18,"key":"SteroidPotion"},{"floor":21,"key":"GamblersBrew"},{"floor":23,"key":"SkillPotion"},{"floor":25,"key":"Regen Potion"},{"floor":27,"key":"AttackPotion"},{"floor":30,"key":"SpeedPotion"},{"floor":33,"key":"PotionOfCapacity"},{"floor":35,"key":"ColorlessPotion"},{"floor":37,"key":"BlessingOfTheForge"},{"floor":38,"key":"AttackPotion"},{"floor":41,"key":"GamblersBrew"},{"floor":45,"key":"Ancient Potion"}],"is_trial":false,"path_per_floor":["M","?","$","?","M","E","R","M","T","$","R","E","?","M","R","B",null,"M","?","$","M","?","E","R","M","T","M","?","R","M","?","R","B",null,"M","$","M","M","?","R","?","?","T","$","M","R","?","E"],"character_chosen":"DEFECT","items_purchased":["Thunder Strike","Defragment","Turbo","PreservedInsect","SpeedPotion","Whetstone"],"campfire_rested":1,"item_purchase_floors":[10,20,20,36,36,44],"current_hp_per_floor":[68,68,68,68,68,68,68,68,68,68,68,56,38,36,36,38,66,51,61,61,45,45,18,18,15,15,20,20,20,18,18,43,27,71,64,79,81,76,76,76,41,30,30,45,43,43,43,0,0],"gold":25,"neow_bonus":"THREE_ENEMY_KILL","is_daily":false,"chose_seed":false,"campfire_upgraded":6,"win_rate":0.0,"timestamp":1613352053,"path_taken":["M","?","?","?","?","E","R","M","T","$","R","E","?","M","R","BOSS","M","?","$","M","?","E","R","M","T","M","?","R","M","?","R","BOSS","M","$","M","M","?","R","?","?","T","$","M","R","?","E"],"items_purchased_type":["Card","Card","Card","Relic","Potion","Relic"],"build_version":"2020-12-22","purchased_purges":2,"victory":false,"max_hp_per_floor":[75,75,75,75,75,75,75,75,75,75,75,75,75,75,75,75,75,75,85,85,85,85,85,85,85,85,85,85,85,85,85,85,85,85,85,85,85,85,85,85,85,85,85,85,85,85,85,85,85],"card_choices":[{"not_picked":["Cold Snap","Lockon"],"picked":"Coolheaded","floor":1},{"not_picked":["Skim","Rebound","Go for the Eyes"],"picked":"SKIP","floor":5},{"not_picked":["Reinforced Body","Skim","Gash"],"picked":"SKIP","floor":6},{"not_picked":["Reinforced Body","Skim","Gash"],"picked":"SKIP","floor":6},{"not_picked":["Rebound","Conserve Battery"],"picked":"Hologram","floor":8},{"not_picked":["Gash","Skim"],"picked":"Electrodynamics","floor":12},{"not_picked":["Conserve Battery","Streamline"],"picked":"Hologram","floor":14},{"not_picked":["Meteor Strike","All For One"],"picked":"Multi-Cast","floor":16},{"not_picked":["Steam","Cold Snap+1"],"picked":"Static Discharge+1","floor":18},{"not_picked":["Coolheaded","Go for the Eyes+1"],"picked":"Glacier+1","floor":21},{"not_picked":["Conserve Battery","Stack"],"picked":"Redo+1","floor":23},{"not_picked":["Doom and Gloom","Lockon"],"picked":"Glacier","floor":25},{"not_picked":["Go for the Eyes","Scrape"],"picked":"Glacier+1","floor":27},{"not_picked":["Conserve Battery","Steam","Go for the Eyes"],"picked":"SKIP","floor":30},{"not_picked":["Compile Driver","Genetic Algorithm"],"picked":"Thunder Strike","floor":32},{"not_picked":["Sweeping Beam+1","Hologram+1"],"picked":"Tempest","floor":35},{"not_picked":["Cold Snap+1","Barrage+1","Consume"],"picked":"SKIP","floor":37},{"not_picked":["Hologram+1","Ball Lightning+1","Streamline+1"],"picked":"SKIP","floor":38},{"not_picked":["Steam","Sunder+1"],"picked":"Stack","floor":41},{"not_picked":["Consume+1","Double Energy","Glacier"],"picked":"SKIP","floor":45}],"player_experience":316040,"relics_obtained":[{"floor":6,"key":"Juzu Bracelet"},{"floor":9,"key":"Blood Vial"},{"floor":12,"key":"Dream Catcher"},{"floor":17,"key":"Akabeko"},{"floor":17,"key":"White Beast Statue"},{"floor":17,"key":"Du-Vu Doll"},{"floor":23,"key":"MealTicket"},{"floor":26,"key":"Potion Belt"},{"floor":41,"key":"Thread and Needle"}],"event_choices":[{"damage_healed":0,"gold_gain":0,"player_choice":"Upgraded","damage_taken":0,"max_hp_gain":0,"max_hp_loss":0,"event_name":"Upgrade Shrine","floor":2,"gold_loss":0,"cards_upgraded":["Dualcast"]},{"damage_healed":0,"gold_gain":0,"player_choice":"2 cards matched","damage_taken":0,"max_hp_gain":0,"max_hp_loss":0,"event_name":"Match and Keep!","floor":4,"gold_loss":0,"cards_obtained":["Conserve Battery","Zap"]},{"damage_healed":0,"gold_gain":0,"player_choice":"Take Damage","damage_taken":18,"relics_obtained":["Golden Idol"],"max_hp_gain":0,"max_hp_loss":0,"event_name":"Golden Idol","floor":13,"gold_loss":0},{"damage_healed":0,"gold_gain":0,"player_choice":"Obtained Relic","damage_taken":0,"relics_obtained":["Pear"],"max_hp_gain":0,"max_hp_loss":0,"event_name":"Addict","floor":19,"gold_loss":85},{"damage_healed":0,"gold_gain":0,"cards_transformed":["Strike_B","Strike_B"],"player_choice":"Became Test Subject","damage_taken":0,"max_hp_gain":0,"max_hp_loss":0,"event_name":"Drug Dealer","floor":22,"gold_loss":0,"cards_obtained":["Double Energy","Hologram"]},{"damage_healed":0,"gold_gain":0,"player_choice":"Ignored","damage_taken":0,"max_hp_gain":0,"max_hp_loss":0,"event_name":"Vampires","floor":28,"gold_loss":0},{"damage_healed":0,"gold_gain":0,"player_choice":"Ignored","damage_taken":0,"max_hp_gain":0,"max_hp_loss":0,"event_name":"Cursed Tome","floor":31,"gold_loss":0},{"damage_healed":0,"gold_gain":0,"player_choice":"Memory 1","damage_taken":0,"max_hp_gain":0,"max_hp_loss":0,"event_name":"SensoryStone","floor":39,"gold_loss":0},{"damage_healed":0,"gold_gain":0,"player_choice":"Fight","damage_taken":0,"max_hp_gain":0,"max_hp_loss":0,"event_name":"Mysterious Sphere","floor":41,"gold_loss":0},{"damage_healed":0,"gold_gain":0,"player_choice":"Embrace Madness","damage_taken":11,"max_hp_gain":0,"max_hp_loss":0,"event_name":"Winding Halls","floor":42,"gold_loss":0,"cards_obtained":["Madness","Madness"]},{"damage_healed":0,"gold_gain":0,"player_choice":"Forge","damage_taken":0,"max_hp_gain":0,"max_hp_loss":0,"event_name":"Accursed Blacksmith","floor":47,"gold_loss":0,"cards_upgraded":["Madness"]}],"is_beta":false,"boss_relics":[{"not_picked":["Pandora\u0027s Box","Fusion Hammer"],"picked":"Calling Bell"},{"not_picked":["Coffee Dripper","Nuclear Battery"],"picked":"Black Star"}],"items_purged_floors":[3,36],"is_endless":false,"potions_floor_spawned":[5,8,16,18,21,23,25,27,30,33,35,37,38,41,45],"killed_by":"Giant Head","ascension_level":7}}