{"host":"a3gu5zu37ht99mpa","time":1613349156,"event":{"mods":["100% Spire Juice","Act Like it!","Arknights","BaseMod","Better Silent Start","BetterRewards","Conspire","Downfall","Energized Spire","GifTheSpireLib","Gold Saver","Halation","Minty Spire (QoL Compilation)","Prisma Mod","Robot Space Explorer","Shop Mod","StSLib","Stuff the Spire","The Animator","The Servant 0.9.4","Virulent Crown","Wandering Minibosses","yUi"],"gold_per_floor":[99,115,130,120,138,138,138,138,155,155,140,99,125,110,128,227,227,27,41,41,26,26,26,26],"floor_reached":22,"language":"ENG","playtime":3295,"items_purged":[],"score":186,"play_id":"250d5862-6917-403b-a50d-d02b9cbdab51","local_time":"20210214193236","is_ascension_mode":false,"campfire_choices":[{"floor":1,"key":"RECALL"},{"data":"Slimebound:AcidTongue","floor":6,"key":"SMITH"},{"data":"Slimebound:Schlurp","floor":18,"key":"SMITH"}],"circlet_count":0,"master_deck":["Slimebound:Strike_Slimebound","Slimebound:Strike_Slimebound","Slimebound:Strike_Slimebound","Slimebound:Tackle","Slimebound:Defend_Slimebound","Slimebound:Defend_Slimebound","Slimebound:Defend_Slimebound","Slimebound:Defend_Slimebound","Slimebound:Split","Slimebound:CorrosiveSpit","Slimebound:AcidTongue+1","Slimebound:Schlurp+1","Slimebound:RejuvenatingLick","Slimebound:Overexert","Regret","Slimebound:Nibble","Slimebound:MegaLick","Slimebound:SplitLeeching","Slimebound:SplitAcid","Slimebound:SlimeTap","Slimebound:RejuvenatingLick","Slimebound:LeechEnergy","Slimebound:LeechLife","Slimebound:LivingWall","Slimebound:CheckThePlaybook","Slimebound:LeechingTouch"],"relics":["Slimebound:AbsorbEndCombat","conspire:DeflatedDodgeball","halation:SmartPhone","downfall:HeartBlessingRed","downfall:HeartBlessingGreen"],"acts_visited":["Exordium","TheCity"],"potions_floor_usage":[4],"damage_taken":[{"damage":5,"enemies":"Cultist","floor":2,"turns":4},{"damage":8,"enemies":"ats:Genji","floor":3,"turns":6},{"damage":5,"enemies":"2 Louse","floor":4,"turns":6},{"damage":0,"enemies":"conspire:2 RoseBushes","floor":5,"turns":6},{"damage":10,"enemies":"2 Fungi Beasts","floor":9,"turns":4},{"damage":19,"enemies":"Gremlin Gang","floor":11,"turns":6},{"damage":17,"enemies":"downfall:FleeingMerchant","floor":12,"turns":4},{"damage":10,"enemies":"3 Sentries","floor":13,"turns":6},{"damage":0,"enemies":"downfall:FleeingMerchant","floor":14,"turns":4},{"damage":11,"enemies":"Red Slaver","floor":15,"turns":4},{"damage":26,"enemies":"SI_SHIV_ARCHETYPE","floor":16,"turns":8},{"damage":38,"enemies":"conspire:FuzzyDice","floor":19,"turns":6},{"damage":14,"enemies":"downfall:FleeingMerchant","floor":21,"turns":4},{"damage":10,"enemies":"downfall:Augmenter","floor":22,"turns":2}],"seed_played":"6618907674083681931","potions_obtained":[{"floor":0,"key":"Strength Potion"},{"floor":0,"key":"Guardian:BlockOnCardUsePotion"},{"floor":0,"key":"EntropicBrew"},{"floor":5,"key":"Dexterity Potion"}],"is_trial":false,"path_per_floor":["R","M","M","M","M","R","T","?","M","?","M","$","E","$","M","B",null,"R","M","?","$","?"],"character_chosen":"SLIMEBOUND","items_purchased":["Slimebound:SplitAcid"],"campfire_rested":0,"item_purchase_floors":[12],"current_hp_per_floor":[65,63,59,62,65,65,65,65,59,64,51,40,38,44,35,17,70,70,36,12,1,0,0,0],"gold":26,"neow_bonus":"THREE_SMALL_POTIONS","is_daily":false,"chose_seed":false,"campfire_upgraded":2,"win_rate":0.0,"timestamp":1613349156,"path_taken":["R","M","M","M","?","R","T","?","M","?","M","?","E","$","M","BOSS","R","M","?","$","?"],"items_purchased_type":["Card"],"build_version":"2020-12-22","purchased_purges":0,"victory":false,"max_hp_per_floor":[65,65,65,65,65,65,65,65,65,70,70,70,70,70,70,70,70,70,70,70,70,70,70,70],"card_choices":[{"not_picked":["Slimebound:DisruptingSlam","Slimebound:FinishingTackle"],"picked":"Slimebound:AcidTongue","floor":2},{"not_picked":["Slimebound:ViciousTackle","Slimebound:LeechEnergy"],"picked":"Slimebound:Schlurp","floor":3},{"not_picked":["Slimebound:Schlurp","Slimebound:ForwardTackle"],"picked":"Slimebound:RejuvenatingLick","floor":4},{"not_picked":["Slimebound:LevelUp","Slimebound:ComboTackle"],"picked":"Slimebound:Overexert","floor":5},{"not_picked":["Slimebound:DisruptingSlam","Slimebound:ComboTackle"],"picked":"Slimebound:Nibble","floor":9},{"not_picked":["Slimebound:SlimeBrawl","Slimebound:SlimeSpikes"],"picked":"Slimebound:MegaLick","floor":11},{"not_picked":["Slimebound:FinishingTackle","Slimebound:LivingWall"],"picked":"Slimebound:SplitLeeching","floor":12},{"not_picked":["Slimebound:PrepareCrush","Slimebound:SpikyOuterGoop"],"picked":"Slimebound:SlimeTap","floor":13},{"not_picked":["Slimebound:ForwardTackle","Slimebound:FlameTackle"],"picked":"Slimebound:RejuvenatingLick","floor":14},{"not_picked":["Slimebound:PressTheAttack","Slimebound:SplitBruiser"],"picked":"Slimebound:LeechEnergy","floor":15},{"not_picked":["Slimebound:CheckThePlaybook","Slimebound:WasteNot"],"picked":"Slimebound:LeechLife","floor":16},{"not_picked":["Slimebound:LeechEnergy","Slimebound:DivideAndConquer"],"picked":"Slimebound:LivingWall","floor":19},{"not_picked":["Slimebound:LivingWall","Slimebound:LeadByExample"],"picked":"Slimebound:LeechingTouch","floor":21}],"player_experience":74438,"relics_obtained":[{"floor":13,"key":"conspire:DeflatedDodgeball"}],"event_choices":[{"damage_healed":0,"gold_gain":0,"player_choice":"Donut","damage_taken":0,"max_hp_gain":5,"max_hp_loss":0,"event_name":"Big Fish","floor":10,"gold_loss":0}],"is_beta":false,"boss_relics":[{"not_picked":["Fusion Hammer","Sozu"],"picked":"halation:SmartPhone"}],"items_purged_floors":[],"is_endless":false,"potions_floor_spawned":[2,5,9,13,16,19],"killed_by":"downfall:Augmenter","ascension_level":0}}