{"host":"4epvxsx6d4oxmc67","time":1613418261,"event":{"mods":["AchievementEnabler","BaseMod","Colored Map","Highlight Path","Minty Spire (QoL Compilation)"],"gold_per_floor":[109,109,126,145,164,164,198,198,198,198,198,209,222,236,236,331,331,345,345,356,356,376,376,376],"floor_reached":23,"language":"ENG","playtime":868,"items_purged":[],"score":263,"play_id":"00056206-37d0-46d9-98d8-4227839e3ab2","local_time":"20210215194421","is_ascension_mode":true,"campfire_choices":[{"data":"Armaments","floor":6.0,"key":"SMITH"},{"floor":8.0,"key":"REST"},{"data":"Seeing Red","floor":10.0,"key":"SMITH"},{"data":"Juggernaut","floor":15.0,"key":"SMITH"}],"circlet_count":0,"master_deck":["Strike_R","Strike_R","Strike_R","Strike_R","Defend_R+1","Defend_R","Defend_R","Defend_R","Bash+1","Cleave","Infernal Blade","Seeing Red+1","Armaments+1","Clothesline+1","Juggernaut+1","Iron Wave+1","Inflame","Corruption","Pommel Strike+1","Writhe","Shrug It Off+1"],"relics":["Burning Blood","Molten Egg 2","Bottled Lightning","Philosopher\u0027s Stone","Strawberry"],"acts_visited":["Exordium","TheCity"],"potions_floor_usage":[23,23],"damage_taken":[{"damage":0.0,"enemies":"Small Slimes","floor":1.0,"turns":3.0},{"damage":7.0,"enemies":"Jaw Worm","floor":3.0,"turns":4.0},{"damage":10.0,"enemies":"Cultist","floor":4.0,"turns":5.0},{"damage":3.0,"enemies":"2 Fungi Beasts","floor":5.0,"turns":3.0},{"damage":25.0,"enemies":"Gremlin Nob","floor":7.0,"turns":4.0},{"damage":1.0,"enemies":"3 Louse","floor":12.0,"turns":3.0},{"damage":6.0,"enemies":"Looter","floor":13.0,"turns":2.0},{"damage":28.0,"enemies":"Exordium Thugs","floor":14.0,"turns":5.0},{"damage":42.0,"enemies":"Hexaghost","floor":16.0,"turns":10.0},{"damage":2.0,"enemies":"Chosen","floor":18.0,"turns":5.0},{"damage":15.0,"enemies":"2 Thieves","floor":20.0,"turns":4.0},{"damage":15.0,"enemies":"Snecko","floor":22.0,"turns":5.0},{"damage":58,"enemies":"Book of Stabbing","floor":23,"turns":5}],"seed_played":"6583275095321974664","potions_obtained":[{"floor":1.0,"key":"Swift Potion"},{"floor":3.0,"key":"Ancient Potion"},{"floor":7.0,"key":"Weak Potion"},{"floor":11.0,"key":"DistilledChaos"},{"floor":11.0,"key":"BloodPotion"},{"floor":14.0,"key":"FearPotion"},{"floor":22.0,"key":"Dexterity Potion"}],"is_trial":false,"path_per_floor":["M","?","M","M","M","R","E","R","T","R","?","M","M","M","R","B",null,"M","?","M","?","M","E"],"character_chosen":"IRONCLAD","items_purchased":[],"campfire_rested":1,"item_purchase_floors":[],"current_hp_per_floor":[78,62,61,57,60,60,41,65,65,65,65,70,70,48,48,12,63,67,52,60,67,58,0,0],"gold":376,"neow_bonus":"REMOVE_CARD","is_daily":false,"chose_seed":false,"campfire_upgraded":3,"win_rate":0.0,"timestamp":1613418261,"path_taken":["M","?","M","M","M","R","E","R","T","R","?","?","M","M","R","BOSS","M","?","M","?","M","E"],"items_purchased_type":[],"build_version":"2020-12-22","purchased_purges":0,"victory":false,"max_hp_per_floor":[80,80,80,80,80,80,80,80,80,80,80,80,80,80,80,80,80,80,85,85,92,92,92,92],"card_choices":[{"not_picked":["Bloodletting","Reckless Charge"],"picked":"Cleave","floor":1.0},{"not_picked":["Rage","Perfected Strike"],"picked":"Infernal Blade","floor":3.0},{"not_picked":["Dark Embrace","Flex"],"picked":"Seeing Red","floor":4.0},{"not_picked":["Wild Strike","Spot Weakness"],"picked":"Armaments","floor":5.0},{"not_picked":["Sentinel","Blood for Blood+1"],"picked":"Clothesline+1","floor":7.0},{"not_picked":["Pommel Strike+1","Infernal Blade"],"picked":"Juggernaut","floor":12.0},{"not_picked":["Clothesline+1","Heavy Blade+1"],"picked":"Iron Wave+1","floor":13.0},{"not_picked":["Headbutt+1","Wild Strike+1"],"picked":"Inflame","floor":14.0},{"not_picked":["Exhume","Berserk"],"picked":"Corruption","floor":16.0},{"not_picked":["Sword Boomerang+1","Fire Breathing"],"picked":"Pommel Strike+1","floor":18.0},{"not_picked":["Clash+1","Clothesline+1","Pommel Strike+1"],"picked":"SKIP","floor":20.0},{"not_picked":["Clothesline+1","Perfected Strike+1"],"picked":"Shrug It Off+1","floor":22.0}],"player_experience":132323,"relics_obtained":[{"floor":7.0,"key":"Molten Egg 2"},{"floor":9.0,"key":"Bottled Lightning"}],"event_choices":[{"damage_healed":0.0,"max_hp_gain":0.0,"max_hp_loss":0.0,"gold_gain":0.0,"event_name":"Shining Light","player_choice":"Entered Light","floor":2.0,"gold_loss":0.0,"damage_taken":16.0,"cards_upgraded":["Defend_R","Bash"]},{"damage_healed":0.0,"max_hp_gain":0.0,"max_hp_loss":0.0,"gold_gain":0.0,"event_name":"Lab","player_choice":"Got Potions","floor":11.0,"gold_loss":0.0,"damage_taken":0.0},{"damage_healed":0.0,"max_hp_gain":5.0,"max_hp_loss":0.0,"gold_gain":0.0,"event_name":"Forgotten Altar","player_choice":"Shed Blood","floor":19.0,"gold_loss":0.0,"damage_taken":20.0},{"damage_healed":0.0,"max_hp_gain":0.0,"max_hp_loss":0.0,"gold_gain":0.0,"event_name":"The Mausoleum","player_choice":"Opened","floor":21.0,"gold_loss":0.0,"damage_taken":0.0,"relics_obtained":["Strawberry"],"cards_obtained":["Writhe"]}],"is_beta":false,"boss_relics":[{"not_picked":["Empty Cage","Black Blood"],"picked":"Philosopher\u0027s Stone"}],"items_purged_floors":[],"is_endless":false,"potions_floor_spawned":[1,3,7,14,18,22],"killed_by":"Book of Stabbing","ascension_level":7}}