{"host":"gtoa8h4im74f14p0","time":1613412634,"event":{"mods":["AchievementEnabler","BaseMod","Better Silent Start","Block Reminder","Colored Powertips","Custom Start","Downfall","Hermit","Minty Spire (QoL Compilation)","Reliquary","Shop Mod","StSLib","Swap Starting Deck Mod","The Cursed","The Marked"],"gold_per_floor":[116,116,133,44,44,73,73,89,89,89,102,119,45,107,107,208,208,219,179,194,205,224,249,260,16,39,139,139,28,28,28,28,128,128,139,41,41,41,41,41,57,72,146,146,158,175,175,225,225,225,225],"floor_reached":50,"language":"ENG","playtime":3281,"items_purged":[],"score":560,"play_id":"e1ea6899-5c72-4533-9242-b517c1ca2825","local_time":"20210215131034","is_ascension_mode":false,"campfire_choices":[{"data":"Infernal Blade","floor":7,"key":"SMITH"},{"data":"Thunderclap","floor":10,"key":"SMITH"},{"data":"Feel No Pain","floor":15,"key":"SMITH"},{"floor":28,"key":"REST"},{"floor":32,"key":"REST"},{"data":"Bandage Up","floor":40,"key":"SMITH"},{"floor":47,"key":"REST"},{"floor":49,"key":"REST"}],"circlet_count":0,"master_deck":["Carnage","Carnage","Carnage","Carnage","Ghostly Armor","Ghostly Armor","Ghostly Armor","Ghostly Armor+1","Ghostly Armor","Feel No Pain+1","Body Slam+1","Dual Wield","Infernal Blade+1","Pommel Strike+1","Hemokinesis","Thunderclap+1","Metallicize+1","Reckless Charge","Dark Embrace+1","Feed+1","Double Tap","Shrug It Off","Sever Soul+1","Flex","Rampage+1","Shockwave+1","Anger+1","Inflame+1","Carnage+1","Rupture+1","Iron Wave+1","Barricade+1","CurseOfTheBell","Rampage+1","Bandage Up+1","Madness","Flame Barrier","Body Slam+1","Finesse","Dual Wield+1","Body Slam+1","Bludgeon+1"],"relics":["Burning Blood","Frozen Egg 2","Lantern","Molten Egg 2","bronze:MakeshiftBattery","Centennial Puzzle","Red Skull","Juzu Bracelet","reliquary:OuijaBoard","Paper Frog","Calling Bell","Bag of Marbles","White Beast Statue","Unceasing Top","reliquary:QuartzCube","Torii"],"acts_visited":["Exordium","TheCity","TheBeyond"],"potions_floor_usage":[22,23,24,24,27,41,42,45,45,45,48,50,50],"damage_taken":[{"damage":0,"enemies":"2 Louse","floor":1,"turns":2},{"damage":0,"enemies":"Small Slimes","floor":3,"turns":2},{"damage":0,"enemies":"Gremlin Nob","floor":6,"turns":3},{"damage":0,"enemies":"Cultist","floor":8,"turns":2},{"damage":2,"enemies":"Exordium Thugs","floor":11,"turns":4},{"damage":4,"enemies":"3 Louse","floor":12,"turns":2},{"damage":11,"enemies":"Gremlin Nob","floor":14,"turns":4},{"damage":13,"enemies":"Slime Boss","floor":16,"turns":11},{"damage":18,"enemies":"3 Byrds","floor":18,"turns":6},{"damage":0,"enemies":"Shell Parasite","floor":20,"turns":5},{"damage":7,"enemies":"Centurion and Healer","floor":21,"turns":4},{"damage":10,"enemies":"Cultist and Chosen","floor":22,"turns":5},{"damage":62,"enemies":"Book of Stabbing","floor":23,"turns":7},{"damage":13,"enemies":"Snake Plant","floor":24,"turns":4},{"damage":7,"enemies":"Colosseum Slavers","floor":27,"turns":2},{"damage":2,"enemies":"Colosseum Nobs","floor":27,"turns":3},{"damage":54,"enemies":"Champ","floor":33,"turns":10},{"damage":10,"enemies":"Orb Walker","floor":35,"turns":2},{"damage":24,"enemies":"3 Darklings","floor":41,"turns":4},{"damage":36,"enemies":"4 Shapes","floor":42,"turns":5},{"damage":2,"enemies":"Maw","floor":45,"turns":3},{"damage":21,"enemies":"Transient","floor":46,"turns":5},{"damage":22,"enemies":"Mind Bloom Boss Battle","floor":48,"turns":5},{"damage":69,"enemies":"Donu and Deca","floor":50,"turns":6}],"seed_played":"-8444520451067508212","potions_obtained":[{"floor":3,"key":"Regen Potion"},{"floor":11,"key":"Guardian:BlockOnCardUsePotion"},{"floor":12,"key":"Regen Potion"},{"floor":16,"key":"SkillPotion"},{"floor":22,"key":"SteroidPotion"},{"floor":24,"key":"Fruit Juice"},{"floor":35,"key":"champ:CounterPotion"},{"floor":38,"key":"sneckomod:MuddlingPotion"},{"floor":38,"key":"FearPotion"},{"floor":41,"key":"champ:CounterPotion"},{"floor":42,"key":"PowerPotion"},{"floor":45,"key":"Dexterity Potion"},{"floor":46,"key":"Weak Potion"},{"floor":48,"key":"Ancient Potion"}],"is_trial":false,"path_per_floor":["M","?","M","$","?","E","R","M","T","R","M","M","$","?","R","B",null,"M","?","M","M","M","E","M","$","T","?","R","$","$","?","R","B",null,"M","$","?","?","?","R","M","M","T","?","M","M","R","?","R","B"],"character_chosen":"IRONCLAD","items_purchased":["Infernal Blade","Pommel Strike","Dark Embrace+1","Anger+1","Inflame+1","Red Skull","Carnage+1","Rupture+1","Bandage Up"],"campfire_rested":4,"item_purchase_floors":[4,4,13,25,25,25,29,29,36],"current_hp_per_floor":[60,60,60,60,60,60,60,60,60,60,60,60,60,55,55,52,64,56,56,62,65,65,21,31,31,31,38,63,63,63,63,85,37,85,81,81,81,81,70,70,58,34,34,34,38,23,48,38,63,0,0],"gold":225,"neow_bonus":"","is_daily":false,"chose_seed":false,"campfire_upgraded":4,"win_rate":0.0,"timestamp":1613412634,"path_taken":["M","?","M","$","?","E","R","M","T","R","?","M","$","?","R","BOSS","M","?","M","M","M","E","?","$","T","?","R","?","$","?","R","BOSS","M","$","?","?","?","R","M","M","T","?","M","M","R","?","R","BOSS"],"items_purchased_type":["Card","Card","Card","Card","Card","Relic","Card","Card","Card"],"build_version":"2020-12-22","purchased_purges":0,"victory":false,"max_hp_per_floor":[60,60,60,60,60,60,60,60,60,60,60,60,60,60,60,64,64,68,68,68,72,76,76,81,81,81,85,85,85,85,85,85,85,85,85,85,85,85,85,85,85,85,85,85,85,85,85,85,85,85,85],"card_choices":[{"not_picked":["Iron Wave","Flame Barrier"],"picked":"Body Slam","floor":1},{"not_picked":["Perfected Strike","Burning Pact"],"picked":"Dual Wield","floor":3},{"not_picked":["Dropkick","Cleave"],"picked":"Hemokinesis","floor":6},{"not_picked":["Sword Boomerang","Clothesline"],"picked":"Thunderclap","floor":8},{"not_picked":["Entrench","Armaments"],"picked":"Metallicize+1","floor":11},{"not_picked":["True Grit","Power Through"],"picked":"Reckless Charge","floor":12},{"not_picked":["Heavy Blade+1","Flex"],"picked":"Feed+1","floor":14},{"not_picked":["Offering","Demon Form+1"],"picked":"Double Tap","floor":16},{"not_picked":["True Grit","Pommel Strike+1"],"picked":"Cleave+1","floor":18},{"not_picked":["Heavy Blade+1","Thunderclap+1"],"picked":"Shrug It Off","floor":20},{"not_picked":["Cleave+1","Offering"],"picked":"Sever Soul+1","floor":21},{"not_picked":["Blood for Blood+1","Reckless Charge+1"],"picked":"Flex","floor":22},{"not_picked":["Double Tap","Shockwave+1"],"picked":"Rampage+1","floor":23},{"not_picked":["Dropkick+1","Pommel Strike+1"],"picked":"Shockwave+1","floor":24},{"not_picked":["Iron Wave+1","Shrug It Off"],"picked":"Ghostly Armor","floor":27},{"not_picked":["Brutality+1","Corruption+1"],"picked":"Barricade+1","floor":33},{"not_picked":["Blood for Blood+1","Sword Boomerang+1"],"picked":"Rampage+1","floor":35},{"not_picked":["Twin Strike+1","Shrug It Off"],"picked":"Flame Barrier","floor":41},{"not_picked":["True Grit+1","Barricade+1"],"picked":"Body Slam+1","floor":42},{"not_picked":["Clothesline+1","Iron Wave+1"],"picked":"Dual Wield+1","floor":45},{"not_picked":["Perfected Strike+1","Power Through+1"],"picked":"Body Slam+1","floor":46},{"not_picked":["Iron Wave+1","Headbutt+1"],"picked":"Bludgeon+1","floor":48}],"player_experience":58155,"relics_obtained":[{"floor":6,"key":"Frozen Egg 2"},{"floor":9,"key":"Lantern"},{"floor":14,"key":"Molten Egg 2"},{"floor":23,"key":"Centennial Puzzle"},{"floor":26,"key":"Juzu Bracelet"},{"floor":27,"key":"reliquary:OuijaBoard"},{"floor":27,"key":"Paper Frog"},{"floor":34,"key":"Bag of Marbles"},{"floor":34,"key":"White Beast Statue"},{"floor":34,"key":"Unceasing Top"},{"floor":43,"key":"reliquary:QuartzCube"},{"floor":48,"key":"Torii"}],"event_choices":[{"damage_healed":0,"gold_gain":0,"player_choice":"Grow","damage_taken":0,"max_hp_gain":0,"max_hp_loss":0,"event_name":"Living Wall","floor":2,"gold_loss":0,"cards_upgraded":["Body Slam"]},{"damage_healed":0,"gold_gain":0,"player_choice":"Leave","damage_taken":0,"max_hp_gain":0,"max_hp_loss":0,"event_name":"FaceTrader","floor":5,"gold_loss":0},{"damage_healed":0,"gold_gain":0,"player_choice":"Searched \u00272\u0027 times","damage_taken":0,"max_hp_gain":0,"max_hp_loss":0,"event_name":"Dead Adventurer","floor":14,"gold_loss":0},{"damage_healed":0,"gold_gain":0,"player_choice":"Upgraded Two","damage_taken":0,"max_hp_gain":0,"max_hp_loss":0,"event_name":"Designer","floor":19,"gold_loss":40,"cards_upgraded":["Pommel Strike","Ghostly Armor"]},{"damage_healed":0,"gold_gain":0,"player_choice":"Fight","damage_taken":0,"max_hp_gain":0,"max_hp_loss":0,"event_name":"Colosseum","floor":27,"gold_loss":0},{"damage_healed":0,"gold_gain":0,"player_choice":"Fought Nobs","damage_taken":0,"max_hp_gain":0,"max_hp_loss":0,"event_name":"Colosseum","floor":27,"gold_loss":0},{"cards_removed":["Ghostly Armor"],"damage_healed":0,"gold_gain":0,"player_choice":"Took Card","damage_taken":0,"max_hp_gain":0,"max_hp_loss":0,"event_name":"NoteForYourself","floor":31,"gold_loss":0,"cards_obtained":["Iron Wave"]},{"cards_removed":["Cleave"],"damage_healed":0,"gold_gain":0,"player_choice":"Removed Attack","damage_taken":0,"max_hp_gain":0,"max_hp_loss":0,"event_name":"Falling","floor":37,"gold_loss":0},{"damage_healed":0,"gold_gain":0,"player_choice":"Got Potions","damage_taken":0,"max_hp_gain":0,"max_hp_loss":0,"event_name":"Lab","floor":38,"gold_loss":0},{"damage_healed":0,"gold_gain":0,"player_choice":"Embrace Madness","damage_taken":11,"max_hp_gain":0,"max_hp_loss":0,"event_name":"Winding Halls","floor":39,"gold_loss":0,"cards_obtained":["Madness","Madness"]},{"damage_healed":0,"gold_gain":0,"cards_transformed":["Madness"],"player_choice":"Transformed","damage_taken":0,"max_hp_gain":0,"max_hp_loss":0,"event_name":"Transmorgrifier","floor":44,"gold_loss":0,"cards_obtained":["Finesse"]},{"damage_healed":0,"gold_gain":0,"player_choice":"Fight","damage_taken":0,"max_hp_gain":0,"max_hp_loss":0,"event_name":"MindBloom","floor":48,"gold_loss":0}],"is_beta":false,"boss_relics":[{"not_picked":["Runic Cube","Sozu"],"picked":"bronze:MakeshiftBattery"},{"not_picked":["Runic Pyramid","reliquary:KinkedSpring"],"picked":"Calling Bell"}],"items_purged_floors":[],"is_endless":false,"potions_floor_spawned":[3,11,12,16,18,22,24,27,35,41,42,45,46,48],"killed_by":"Donu and Deca","ascension_level":0}}