{"host":"mulvwr6fzlda1d2f","time":1613365428,"event":{"mods":["BaseMod","BetterRewards","Hermit","Marisa????????","Minty Spire (QoL Compilation)","Quick Restart","Remove Card Discount Mod","Replay The Spire","StSLib","The Bladedancer","The Runesmith","egg"],"gold_per_floor":[119,119,138,156,166,166,166],"floor_reached":6,"language":"ENG","playtime":380,"items_purged":["Strike_P","Strike_P","Strike_P","Strike_P"],"score":40,"play_id":"21c92090-f980-4961-98d9-193de7f54ad0","local_time":"20210214210348","is_ascension_mode":true,"campfire_choices":[],"circlet_count":0,"master_deck":["Defend_P","Defend_P","Defend_P","Defend_P","Eruption","Vigilance","PathToVictory","PathToVictory+1","Replay:ManipulateFuture","MentalFortress","Replay:ManipulateFuture","ThirdEye","JustLucky"],"relics":["PureWater","Membership Card"],"acts_visited":["Exordium"],"potions_floor_usage":[],"damage_taken":[{"damage":0,"enemies":"Jaw Worm","floor":1,"turns":4},{"damage":1,"enemies":"Cultist","floor":3,"turns":4},{"damage":3,"enemies":"Small Slimes","floor":4,"turns":3},{"damage":2,"enemies":"Looter","floor":5,"turns":4},{"damage":45,"enemies":"3 Sentries","floor":6,"turns":9}],"seed_played":"2908121422443965670","potions_obtained":[{"floor":3,"key":"Languid Potion"}],"is_trial":false,"path_per_floor":["M","?","M","M","M","E"],"character_chosen":"WATCHER","items_purchased":["Membership Card","PathToVictory","Replay:ManipulateFuture","MentalFortress"],"campfire_rested":0,"item_purchase_floors":[0,0,0,0],"current_hp_per_floor":[72,72,71,68,66,21,21],"gold":166,"neow_bonus":"","is_daily":false,"chose_seed":false,"campfire_upgraded":0,"win_rate":0.0,"timestamp":1613365428,"path_taken":["M","?","M","M","?","E"],"items_purchased_type":["Relic","Card","Card","Card"],"build_version":"2020-12-22","purchased_purges":4,"victory":false,"max_hp_per_floor":[72,72,72,72,72,72,72],"card_choices":[{"not_picked":["Crescendo","Evaluate"],"picked":"Replay:ManipulateFuture","floor":1},{"not_picked":["SandsOfTime","FearNoEvil","Evaluate"],"picked":"SKIP","floor":3},{"not_picked":["Replay:ManipulateFuture","BowlingBash"],"picked":"ThirdEye","floor":4},{"not_picked":["DeceiveReality","Replay:BluntJabs"],"picked":"JustLucky","floor":5}],"player_experience":255376,"relics_obtained":[],"event_choices":[{"damage_healed":0,"gold_gain":0,"player_choice":"Upgraded","damage_taken":0,"max_hp_gain":0,"max_hp_loss":0,"event_name":"Upgrade Shrine","floor":2,"gold_loss":0,"cards_upgraded":["PathToVictory"]}],"is_beta":false,"boss_relics":[],"items_purged_floors":[0,0,0,0],"is_endless":false,"potions_floor_spawned":[3],"killed_by":"3 Sentries","ascension_level":1}}