{"host":"wbn3xdfsa5pc2kse","time":1613385579,"event":{"mods":["AchievementEnabler","BaseMod","Bestiary","Colored Map","Colored Powertips","Curses Come First","Highlight Path","Minty Spire (QoL Compilation)","Permanent Neow","Rare Cards Sparkle","Relic Stats","StSLib"],"gold_per_floor":[112,123,123,137,137,137,177,177,177,191,191,204,244,260,260,358,358,374,26,51,51,75,75,106,106,157,157,184,184,99,122,122,122,122],"floor_reached":33,"language":"ZHT","playtime":671,"items_purged":["Strike_R"],"score":634,"play_id":"75a048f5-a4ae-40d9-a281-1b9f508999ec","local_time":"20210215183939","is_ascension_mode":true,"campfire_choices":[{"data":"Bludgeon","floor":6,"key":"SMITH"},{"data":"Whirlwind","floor":8,"key":"SMITH"},{"data":"Bash","floor":11,"key":"SMITH"},{"data":"Fire Breathing","floor":15,"key":"SMITH"},{"floor":23,"key":"REST"},{"data":"Corruption","floor":25,"key":"SMITH"},{"data":"Pommel Strike","floor":27,"key":"SMITH"},{"floor":32,"key":"REST"}],"circlet_count":0,"master_deck":["AscendersBane","Strike_R+1","Strike_R+1","Defend_R+1","Defend_R+1","Defend_R+1","Defend_R+1","Bash+1","Clothesline","Ghostly Armor","Evolve","Bludgeon+1","Whirlwind+1","Fire Breathing+1","Combust","Shrug It Off","Offering+1","Pommel Strike+1","Finesse","Cleave","Perfected Strike","Immolate","Corruption+1","Flame Barrier"],"relics":["Sozu","Golden Idol","Ornamental Fan","Letter Opener","Potion Belt","Velvet Choker","War Paint","Red Skull","CeramicFish","Smiling Mask"],"acts_visited":["Exordium","TheCity"],"potions_floor_usage":[],"damage_taken":[{"damage":2,"enemies":"Jaw Worm","floor":1,"turns":3},{"damage":6,"enemies":"2 Louse","floor":2,"turns":2},{"damage":0,"enemies":"Cultist","floor":4,"turns":2},{"damage":15,"enemies":"3 Sentries","floor":7,"turns":5},{"damage":0,"enemies":"Exordium Thugs","floor":10,"turns":3},{"damage":3,"enemies":"3 Louse","floor":12,"turns":3},{"damage":15,"enemies":"Lagavulin","floor":13,"turns":5},{"damage":4,"enemies":"Looter","floor":14,"turns":3},{"damage":1,"enemies":"Slime Boss","floor":16,"turns":5},{"damage":14,"enemies":"2 Thieves","floor":18,"turns":3},{"damage":7,"enemies":"Spheric Guardian","floor":20,"turns":3},{"damage":35,"enemies":"Snake Plant","floor":22,"turns":4},{"damage":0,"enemies":"Gremlin Leader","floor":24,"turns":3},{"damage":10,"enemies":"Centurion and Healer","floor":28,"turns":4},{"damage":0,"enemies":"Snecko","floor":31,"turns":2},{"damage":51,"enemies":"Collector","floor":33,"turns":5}],"seed_played":"2246309733425797255","potions_obtained":[],"is_trial":false,"path_per_floor":["M","M","?","M","?","R","E","R","T","M","R","M","E","M","R","B",null,"M","$","M","?","M","R","E","R","T","R","M","?","?","M","R","B"],"character_chosen":"IRONCLAD","items_purchased":["War Paint","Finesse"],"campfire_rested":2,"item_purchase_floors":[19,19],"current_hp_per_floor":[66,60,60,60,60,60,45,45,45,45,45,42,27,23,23,22,57,43,43,36,36,1,21,21,21,21,21,11,11,11,11,31,0,0],"gold":122,"neow_bonus":"BOSS_RELIC","is_daily":false,"chose_seed":false,"campfire_upgraded":6,"win_rate":0.0,"timestamp":1613385579,"path_taken":["M","M","?","M","?","R","E","R","T","M","R","?","E","M","R","BOSS","M","$","M","?","M","R","E","R","T","R","M","?","?","M","R","BOSS"],"items_purchased_type":["Relic","Card"],"build_version":"2020-12-22","purchased_purges":1,"victory":false,"max_hp_per_floor":[75,75,68,68,68,68,68,68,68,68,68,68,68,68,68,68,68,68,68,68,68,68,68,68,68,68,68,68,68,68,68,68,68,68],"relic_stats":{"Sozu":6,"counters":[16,55],"Golden Idol":76,"Ornamental Fan":[12],"CeramicFish":9,"Letter Opener":[5],"War Paint":["Offering","Defend_R"],"Smiling Mask":0,"obtain_stats":[{"Sozu":0,"Potion Belt":13,"Golden Idol":3,"Ornamental Fan":7,"CeramicFish":26,"Velvet Choker":17,"Letter Opener":9,"War Paint":19,"Smiling Mask":30,"Burning Blood":0,"Red Skull":24},{"Sozu":0,"Potion Belt":7,"Golden Idol":2,"Ornamental Fan":4,"CeramicFish":13,"Velvet Choker":9,"Letter Opener":4,"War Paint":10,"Smiling Mask":14,"Burning Blood":0,"Red Skull":13},{"Sozu":0,"Potion Belt":23,"Golden Idol":5,"Ornamental Fan":12,"CeramicFish":44,"Velvet Choker":31,"Letter Opener":12,"War Paint":34,"Smiling Mask":48,"Burning Blood":0,"Red Skull":44}]},"card_choices":[{"not_picked":["Feel No Pain","Heavy Blade"],"picked":"Clothesline","floor":1},{"not_picked":["Burning Pact","Twin Strike"],"picked":"Ghostly Armor","floor":2},{"not_picked":["Headbutt","Clothesline"],"picked":"Evolve","floor":4},{"not_picked":["Evolve","Perfected Strike"],"picked":"Whirlwind","floor":7},{"not_picked":["Pummel","Sever Soul"],"picked":"Fire Breathing","floor":10},{"not_picked":["Heavy Blade","Clothesline"],"picked":"Combust","floor":12},{"not_picked":["Cleave","Entrench","Clash"],"picked":"SKIP","floor":13},{"not_picked":["Pommel Strike","Blood for Blood"],"picked":"Shrug It Off","floor":14},{"not_picked":["Immolate","Bludgeon"],"picked":"Offering","floor":16},{"not_picked":["Cleave","Spot Weakness"],"picked":"Pommel Strike","floor":18},{"not_picked":["Clash","Havoc+1","Body Slam"],"picked":"SKIP","floor":20},{"not_picked":["Shrug It Off","Armaments","Immolate"],"picked":"SKIP","floor":22},{"not_picked":["Shrug It Off","Armaments"],"picked":"Immolate","floor":22},{"not_picked":["Body Slam+1","Shrug It Off"],"picked":"Corruption","floor":24},{"not_picked":["Flex","Heavy Blade"],"picked":"Flame Barrier","floor":28},{"not_picked":["Pommel Strike","Iron Wave","Sword Boomerang+1"],"picked":"SKIP","floor":31}],"player_experience":821208,"relics_obtained":[{"floor":7,"key":"Ornamental Fan"},{"floor":9,"key":"Letter Opener"},{"floor":13,"key":"Potion Belt"},{"floor":24,"key":"Red Skull"},{"floor":26,"key":"CeramicFish"}],"event_choices":[{"damage_healed":0,"gold_gain":0,"player_choice":"Lose Max HP","damage_taken":0,"relics_obtained":["Golden Idol"],"max_hp_gain":0,"max_hp_loss":7,"event_name":"Golden Idol","floor":3,"gold_loss":0},{"damage_healed":0,"gold_gain":0,"player_choice":"1 cards matched","damage_taken":0,"max_hp_gain":0,"max_hp_loss":0,"event_name":"Match and Keep!","floor":5,"gold_loss":0,"cards_obtained":["Bludgeon"]},{"damage_healed":0,"gold_gain":0,"cards_transformed":["Strike_R","Strike_R"],"player_choice":"Became Test Subject","damage_taken":0,"max_hp_gain":0,"max_hp_loss":0,"event_name":"Drug Dealer","floor":21,"gold_loss":0,"cards_obtained":["Cleave","Perfected Strike"]},{"damage_healed":0,"gold_gain":0,"player_choice":"Simplicity","damage_taken":0,"max_hp_gain":0,"max_hp_loss":0,"event_name":"Back to Basics","floor":29,"gold_loss":0,"cards_upgraded":["Strike_R","Strike_R","Defend_R","Defend_R","Defend_R"]},{"damage_healed":0,"gold_gain":0,"player_choice":"Obtained Relic","damage_taken":0,"relics_obtained":["Smiling Mask"],"max_hp_gain":0,"max_hp_loss":0,"event_name":"Addict","floor":30,"gold_loss":85}],"is_beta":false,"boss_relics":[{"not_picked":["Ectoplasm","Runic Dome"],"picked":"Velvet Choker"}],"items_purged_floors":[19],"is_endless":false,"potions_floor_spawned":[1,10,12,16,20,31],"killed_by":"Collector","ascension_level":16}}