{"host":"r081svdj6e9i7zze","time":1613352803,"event":{"mods":["AchievementEnabler","BaseMod","Colored Map","Minty Spire (QoL Compilation)","SuperFastMode"],"gold_per_floor":[109,284,284,6,20,48,60,79,79,89,89,114,114,127,127,256,256,275,42,42,42,60,60,60],"floor_reached":23,"language":"KOR","playtime":1205,"items_purged":["Doubt"],"score":226,"play_id":"efa4ac83-67e2-491e-920f-75c3a3ec0d34","local_time":"20210215103323","is_ascension_mode":false,"campfire_choices":[{"data":"Infernal Blade","floor":11,"key":"SMITH"},{"floor":15,"key":"REST"}],"circlet_count":0,"master_deck":["Strike_R","Strike_R","Strike_R","Defend_R","Defend_R","Defend_R","Defend_R","Bash","Infernal Blade+1","Feel No Pain","Master of Strategy","Clash","Clothesline","Shrug It Off","Flex","Second Wind","Searing Blow","Seeing Red","Exhume","Headbutt+1","Secret Weapon","Evolve","Clash"],"relics":["Burning Blood","NeowsBlessing","Champion Belt","Letter Opener","Shuriken","Boot","Golden Idol","Empty Cage"],"acts_visited":["Exordium","TheCity"],"potions_floor_usage":[16,16,16],"damage_taken":[{"damage":0,"enemies":"Jaw Worm","floor":1,"turns":1},{"damage":0,"enemies":"Small Slimes","floor":5,"turns":1},{"damage":0,"enemies":"3 Sentries","floor":6,"turns":1},{"damage":6,"enemies":"Cultist","floor":7,"turns":3},{"damage":7,"enemies":"Large Slime","floor":8,"turns":6},{"damage":17,"enemies":"3 Louse","floor":10,"turns":4},{"damage":18,"enemies":"Lagavulin","floor":12,"turns":6},{"damage":6,"enemies":"Looter","floor":14,"turns":3},{"damage":56,"enemies":"Hexaghost","floor":16,"turns":11},{"damage":2,"enemies":"Chosen","floor":18,"turns":6},{"damage":30,"enemies":"3 Byrds","floor":22,"turns":6},{"damage":56,"enemies":"Slavers","floor":23,"turns":3}],"seed_played":"4253265895815802590","potions_obtained":[{"floor":1,"key":"GamblersBrew"},{"floor":7,"key":"SteroidPotion"},{"floor":10,"key":"Fire Potion"},{"floor":12,"key":"EssenceOfSteel"},{"floor":18,"key":"FearPotion"}],"is_trial":false,"path_per_floor":["M","?","?","$","M","E","M","M","T","M","R","E","?","M","R","B",null,"M","$","?","?","M","E"],"character_chosen":"IRONCLAD","items_purchased":["Feel No Pain","Master of Strategy","Secret Weapon","Evolve"],"campfire_rested":1,"item_purchase_floors":[4,4,19,19],"current_hp_per_floor":[80,80,80,80,80,80,80,79,79,68,68,56,36,36,60,10,80,80,80,80,80,56,0,0],"gold":60,"neow_bonus":"THREE_ENEMY_KILL","is_daily":false,"chose_seed":false,"campfire_upgraded":1,"win_rate":0.0,"timestamp":1613352803,"path_taken":["M","?","?","$","M","E","M","M","T","?","R","E","?","M","R","BOSS","M","$","?","?","?","E"],"items_purchased_type":["Card","Card","Card","Card"],"build_version":"2020-12-22","purchased_purges":1,"victory":false,"max_hp_per_floor":[80,80,80,80,80,80,80,80,80,80,80,80,80,80,80,80,80,80,80,80,80,80,80,80],"card_choices":[{"not_picked":["Dropkick","Cleave"],"picked":"Infernal Blade","floor":1},{"not_picked":["Headbutt","Warcry"],"picked":"Clash","floor":5},{"not_picked":["Heavy Blade","Perfected Strike"],"picked":"Clothesline","floor":6},{"not_picked":["Headbutt","Infernal Blade"],"picked":"Shrug It Off","floor":7},{"not_picked":["Power Through","Combust"],"picked":"Flex","floor":8},{"not_picked":["Twin Strike","Fire Breathing"],"picked":"Second Wind","floor":10},{"not_picked":["Wild Strike","Infernal Blade"],"picked":"Searing Blow","floor":12},{"not_picked":["Dark Embrace","Headbutt"],"picked":"Seeing Red","floor":14},{"not_picked":["Offering","Immolate"],"picked":"Exhume","floor":16},{"not_picked":["Warcry","Spot Weakness"],"picked":"Headbutt+1","floor":18},{"not_picked":["Perfected Strike","Hemokinesis"],"picked":"Clash","floor":22}],"player_experience":34195,"relics_obtained":[{"floor":6,"key":"Letter Opener"},{"floor":9,"key":"Shuriken"},{"floor":12,"key":"Boot"}],"event_choices":[{"damage_healed":0,"gold_gain":175,"player_choice":"AGREE","damage_taken":0,"max_hp_gain":0,"max_hp_loss":0,"event_name":"Liars Game","floor":2,"gold_loss":0,"cards_obtained":["Doubt"]},{"damage_healed":0,"gold_gain":0,"player_choice":"Gave Potion","damage_taken":0,"relics_obtained":["Champion Belt"],"max_hp_gain":0,"max_hp_loss":0,"event_name":"WeMeetAgain","floor":3,"gold_loss":0},{"damage_healed":0,"gold_gain":0,"player_choice":"Take Damage","damage_taken":20,"relics_obtained":["Golden Idol"],"max_hp_gain":0,"max_hp_loss":0,"event_name":"Golden Idol","floor":13,"gold_loss":0},{"damage_healed":0,"gold_gain":0,"player_choice":"Ignored","damage_taken":0,"max_hp_gain":0,"max_hp_loss":0,"event_name":"Ghosts","floor":20,"gold_loss":0},{"damage_healed":0,"gold_gain":0,"player_choice":"Full Heal","damage_taken":0,"max_hp_gain":0,"max_hp_loss":0,"event_name":"Wheel of Change","floor":21,"gold_loss":0}],"is_beta":false,"boss_relics":[{"not_picked":["Tiny House","Astrolabe"],"picked":"Empty Cage"}],"items_purged_floors":[4],"is_endless":false,"potions_floor_spawned":[1,7,10,12,18],"killed_by":"Slavers","ascension_level":0}}