{"host":"8a72fthmlk1o8pdb","time":1613354506,"event":{"mods":["AchievementEnabler","Aspiration","Astrologer","Bard","BaseMod","Beaked The Cultist","Better Sensory Stone","Better Skull","Better Third Choice","ChefMod","Colored Map","Colored Powertips","Dark Map","Downfall","Friendly Minions","GifTheSpireLib","Googly Eyes","Gremlin Mod","Hermit","Hubris","JesterMod","Jorbs\u0027s Wanderer Trilogy","Marisa????????","Minty Spire (QoL Compilation)","Permanent Neow","Random Character Button","Rare Cards Sparkle","Relic Stats","Reliquary","Robot Space Explorer","Shade Mod","Shop Mod","Somnambulant","StSLib","The Animator","The Blue Laboratory","The Construct","The Cursed","The Disciple","The Hayseed","The Hierophant","The Jungle","The Marked","The Mystic","The Necromancer","The Poker Player","The Problem Sleuth","The Runesmith","thorton"],"gold_per_floor":[111,127,52,62,76,76,92,122,197,97,123,134,134,147,147,243,243,254,264,284,284,284],"floor_reached":21,"language":"ENG","playtime":764,"items_purged":["Strike_R","Strike_R"],"score":231,"play_id":"cdf6f143-8b18-452e-a66c-31e91c5023a3","local_time":"20210214180146","is_ascension_mode":true,"campfire_choices":[{"data":"Searing Blow","floor":6,"key":"SMITH"},{"data":"Searing Blow+1","floor":13,"key":"SMITH"},{"data":"Searing Blow+2","floor":15,"key":"SMITH"}],"circlet_count":0,"master_deck":["Strike_R","Strike_R","Strike_R","Defend_R","Defend_R","Defend_R","Defend_R","Bash","Searing Blow+3","Rampage","Fire Breathing"],"relics":["reliquary:RedCape","reliquary:Aerogel","hubris:TinFlute","Charon\u0027s Ashes","SlaversCollar"],"acts_visited":["Exordium","TheCity"],"potions_floor_usage":[8,16,16,16,21],"damage_taken":[{"damage":0,"enemies":"Cultist","floor":1,"turns":3},{"damage":2,"enemies":"2 Louse","floor":2,"turns":2},{"damage":1,"enemies":"Jaw Worm","floor":4,"turns":2},{"damage":5,"enemies":"Looter","floor":5,"turns":3},{"damage":8,"enemies":"Red Slaver","floor":7,"turns":2},{"damage":0,"enemies":"Lagavulin","floor":8,"turns":3},{"damage":17,"enemies":"Gremlin Nob","floor":11,"turns":4},{"damage":2,"enemies":"2 Fungi Beasts","floor":12,"turns":3},{"damage":2,"enemies":"3 Louse","floor":14,"turns":3},{"damage":13,"enemies":"The Guardian","floor":16,"turns":9},{"damage":4,"enemies":"Chosen","floor":18,"turns":5},{"damage":21,"enemies":"Spheric Guardian","floor":19,"turns":5},{"damage":16,"enemies":"Snake Plant","floor":20,"turns":3},{"damage":55,"enemies":"Chosen and Byrds","floor":21,"turns":6}],"seed_played":"-7366413533159030912","potions_obtained":[{"floor":1,"key":"blueLaboratory:BubblePotion"},{"floor":5,"key":"AttackPotion"},{"floor":11,"key":"AttackPotion"},{"floor":14,"key":"blueLaboratory:IronCompound"},{"floor":20,"key":"SneckoOil"}],"is_trial":false,"path_per_floor":["M","M","$","M","M","R","M","E","T","$","E","M","R","M","R","B",null,"M","M","M","M"],"character_chosen":"IRONCLAD","items_purchased":[],"campfire_rested":0,"item_purchase_floors":[],"current_hp_per_floor":[80,78,78,77,72,72,64,64,64,64,47,45,45,43,43,30,80,76,55,39,0,0],"gold":284,"neow_bonus":"BOSS_RELIC","is_daily":false,"chose_seed":false,"campfire_upgraded":3,"win_rate":0.0,"timestamp":1613354506,"path_taken":["M","M","$","M","M","R","M","E","T","$","E","M","R","M","R","BOSS","M","?","M","M"],"items_purchased_type":[],"build_version":"2020-12-22","purchased_purges":2,"victory":false,"max_hp_per_floor":[80,80,80,80,80,80,80,80,80,80,80,80,80,80,80,80,80,80,80,80,80,80],"relic_stats":{"counters":[14,53],"Charon\u0027s Ashes":[12],"obtain_stats":[{"SlaversCollar":17,"reliquary:Aerogel":8,"Charon\u0027s Ashes":11,"reliquary:RedCape":0,"Burning Blood":0,"hubris:TinFlute":9},{"SlaversCollar":10,"reliquary:Aerogel":6,"Charon\u0027s Ashes":7,"reliquary:RedCape":0,"Burning Blood":0,"hubris:TinFlute":6},{"SlaversCollar":34,"reliquary:Aerogel":15,"Charon\u0027s Ashes":19,"reliquary:RedCape":0,"Burning Blood":0,"hubris:TinFlute":15}]},"card_choices":[{"not_picked":["Second Wind","Perfected Strike","Iron Wave"],"picked":"SKIP","floor":1},{"not_picked":["Blood for Blood","Entrench","Hemokinesis"],"picked":"SKIP","floor":2},{"not_picked":["Flex","Searing Blow","Wild Strike"],"picked":"SKIP","floor":4},{"not_picked":["Flex","Wild Strike"],"picked":"Searing Blow","floor":4},{"not_picked":["Ghostly Armor","Sever Soul"],"picked":"Rampage","floor":5},{"not_picked":["Body Slam","Heavy Blade","Dark Embrace"],"picked":"SKIP","floor":7},{"not_picked":["Flex","Cleave","Iron Wave"],"picked":"SKIP","floor":8},{"not_picked":["Headbutt","Armaments"],"picked":"Fire Breathing","floor":11},{"not_picked":["Spot Weakness","Anger","Armaments"],"picked":"SKIP","floor":12},{"not_picked":["Reckless Charge","Inflame","Ghostly Armor"],"picked":"SKIP","floor":14},{"not_picked":["Hemokinesis","Heavy Blade+1","Pummel"],"picked":"SKIP","floor":18},{"not_picked":["Disarm","Armaments","Dropkick"],"picked":"SKIP","floor":19},{"not_picked":["Rupture","Thunderclap","Wild Strike"],"picked":"SKIP","floor":20}],"player_experience":202917,"relics_obtained":[{"floor":8,"key":"reliquary:Aerogel"},{"floor":9,"key":"hubris:TinFlute"},{"floor":11,"key":"Charon\u0027s Ashes"}],"event_choices":[],"is_beta":false,"boss_relics":[{"not_picked":["hubris:VirtuousBlindfold","reliquary:WritOfMandamus"],"picked":"SlaversCollar"}],"items_purged_floors":[3,10],"is_endless":false,"potions_floor_spawned":[1,5,11,14,20],"killed_by":"Chosen and Byrds","ascension_level":1}}