{"host":"dmtlrev5pkc1867p","time":1613407742,"event":{"mods":["A Magickal Journey","AchievementEnabler","BaseMod","Colored Map","Colored Powertips","Downfall","Hermit","Highlight Path","Hubris","Infinite Spire","Marisa¡]Ãú«B¡@Å]²z¨F¡^","Minty Spire (QoL Compilation)","Permanent Neow","Quick Restart","Rare Cards Sparkle","Relic Sorter","Relic Stats","Replay The Spire","StSLib","SuperFastMode","The Construct","The Cursed","The Disciple","The Hierophant","The Necromancer","The Runesmith","The Servant 0.9.4"],"gold_per_floor":[119,119,194,213,230,230,248,274,300,300,95,145,145,157,157,234,234,246,246,246],"floor_reached":19,"language":"ZHS","playtime":336,"items_purged":[],"score":292,"play_id":"1ea8cd66-422c-483e-b462-3d7bb33e75f2","local_time":"20210216004902","is_ascension_mode":true,"campfire_choices":[{"floor":6.0,"key":"RECALL"},{"floor":10.0,"key":"REST"},{"floor":13.0,"key":"REST"},{"floor":15.0,"key":"REST"}],"circlet_count":0,"master_deck":["AscendersBane","Apotheosis+1","Strike_B","Strike_B","Strike_B","Strike_B","Defend_B","Defend_B","Defend_B","Defend_B","Zap","Dualcast","Electrodynamics","hubris:Ukulele","Static Discharge","Loop","Coolheaded","Defragment","Go for the Eyes","Blizzard","Echo Form","Defragment"],"relics":["Cracked Core","DataDisk","MealTicket","Cursed Key"],"acts_visited":["Exordium","TheCity"],"potions_floor_usage":[],"damage_taken":[{"damage":0.0,"enemies":"Cultist","floor":1.0,"turns":3.0},{"damage":0.0,"enemies":"Small Slimes","floor":4.0,"turns":3.0},{"damage":7.0,"enemies":"Jaw Worm","floor":5.0,"turns":3.0},{"damage":10.0,"enemies":"Lots of Slimes","floor":7.0,"turns":2.0},{"damage":38.0,"enemies":"Gremlin Nob","floor":8.0,"turns":4.0},{"damage":14.0,"enemies":"3 Louse","floor":14.0,"turns":2.0},{"damage":30.0,"enemies":"Hexaghost","floor":16.0,"turns":4.0},{"damage":28.0,"enemies":"Shell Parasite","floor":18.0,"turns":4.0},{"damage":0,"enemies":"2 Thieves","floor":19,"turns":1}],"seed_played":"-4669029312491304321","potions_obtained":[{"floor":7.0,"key":"PotionOfCapacity"},{"floor":16.0,"key":"FearPotion"},{"floor":18.0,"key":"Fire Potion"}],"is_trial":false,"path_per_floor":["M","?","?","M","M","R","M","E","T","R","$","?","R","M","R","B",null,"M","M"],"character_chosen":"DEFECT","items_purchased":["MealTicket","Go for the Eyes"],"campfire_rested":3,"item_purchase_floors":[11,11],"current_hp_per_floor":[64,64,64,64,57,57,47,9,9,28,28,28,47,33,52,22,54,26,26,26],"gold":246,"neow_bonus":"THREE_RARE_CARDS","is_daily":false,"chose_seed":false,"campfire_upgraded":0,"win_rate":0.0,"timestamp":1613407742,"path_taken":["M","?","?","M","M","R","M","E","T","R","$","?","R","?","R","BOSS","BOSS","M","M"],"items_purchased_type":["Relic","Card"],"build_version":"2020-12-22","purchased_purges":0,"victory":false,"max_hp_per_floor":[64,64,64,64,64,64,64,64,64,64,64,64,64,64,64,64,64,64,64,64],"relic_stats":{"counters":[9,26],"MealTicket":0,"Cursed Key":0,"obtain_stats":[{"DataDisk":8,"MealTicket":11,"Cracked Core":0,"Cursed Key":17},{"DataDisk":5,"MealTicket":5,"Cracked Core":0,"Cursed Key":7},{"DataDisk":15,"MealTicket":15,"Cracked Core":0,"Cursed Key":21}]},"card_choices":[{"not_picked":["hubris:Prefetch","Creative AI"],"picked":"Electrodynamics","floor":0.0},{"not_picked":["Consume","Leap"],"picked":"hubris:Ukulele","floor":1.0},{"not_picked":["Undo","Cold Snap"],"picked":"Static Discharge","floor":4.0},{"not_picked":["Go for the Eyes","Ball Lightning"],"picked":"Loop","floor":5.0},{"not_picked":["Beam Cell","Gash"],"picked":"Coolheaded","floor":7.0},{"not_picked":["ReplayTheSpireMod:System Scan","Melter"],"picked":"Defragment","floor":8.0},{"not_picked":["Steam Power","Panic Button"],"picked":"Blizzard","floor":14.0},{"not_picked":["Fission","Creative AI"],"picked":"Echo Form","floor":16.0},{"not_picked":["Sweeping Beam","Ball Lightning"],"picked":"Defragment","floor":18.0}],"player_experience":711503,"relics_obtained":[{"floor":8.0,"key":"DataDisk"}],"event_choices":[{"damage_healed":0.0,"max_hp_gain":0.0,"max_hp_loss":0.0,"gold_gain":75.0,"event_name":"Golden Wing","player_choice":"Gained Gold","floor":3.0,"gold_loss":0.0,"damage_taken":0.0},{"damage_healed":0.0,"max_hp_gain":0.0,"max_hp_loss":0.0,"gold_gain":50.0,"event_name":"Golden Shrine","player_choice":"Pray","floor":12.0,"gold_loss":0.0,"damage_taken":0.0}],"is_beta":false,"boss_relics":[{"not_picked":["hubris:CrackedHourglass","Ring of Chaos"],"picked":"Cursed Key"}],"items_purged_floors":[],"is_endless":false,"potions_floor_spawned":[7,16,18],"killed_by":"2 Thieves","ascension_level":15}}