{"host":"clcuy39u5sybassp","time":1613405280,"event":{"mods":["AchievementEnabler","BaseMod","Challenge The Spire","Lobotomy","LobotomyExtend","Minty Spire (QoL Compilation)","Quick Restart","Replay The Spire","StSLib"],"gold_per_floor":[114,133,152,166,179,214,214,214,264,281,297,331,345,355,355,460,460,476,545,545,516,529,529,568,582,609,150,171,192,215,215,236,277,277,277,277,318,337,380,393,426,426,557,557,572,585,606,606,556,586,586,586,598,616,710,724,724,750,769,800,846,871,871,889,889,903,903,1008,1008,1022,1022,1022,512,529,562,562,591,641,362,373,399,367,378,378,478,478,492,56,56,56,56,91,0,90,102,126,138,150,176,200,212,224],"floor_reached":51,"language":"ZHS","playtime":4801,"items_purged":["Bash","Delirium"],"score":1504,"play_id":"bb6abe66-a052-4347-b162-7a1119b71709","local_time":"20210216000800","is_ascension_mode":true,"campfire_choices":[{"floor":8.0,"key":"REST"},{"floor":15.0,"key":"RECALL"},{"data":"Heavy Blade","floor":6.0,"key":"SMITH"},{"data":"Anger","floor":7.0,"key":"SMITH"},{"data":"Anger","floor":15.0,"key":"SMITH"},{"data":"Heavy Blade","floor":13.0,"key":"SMITH"},{"data":"ReplayGash","floor":15.0,"key":"SMITH"},{"data":"Heavy Blade","floor":24.0,"key":"SMITH"},{"data":"Beam Cell","floor":32.0,"key":"SMITH"},{"data":"Gash","floor":46.0,"key":"SMITH"},{"data":"Madness","floor":49,"key":"SMITH"}],"circlet_count":0,"master_deck":["Strike_R","Strike_R","Strike_R","Strike_R","Strike_R","Twin Strike","Anger+1","GreedKing","Heavy Blade+1","Heavy Blade+1","CrumblingArmor","Anger+1","UniverseFragment","Heavy Blade+1","Scorched","OldLady","DreamingCurrent","PunishingBird","Anger+1","Pommel Strike","CherryBlossoms","Twin Strike","Bloodbath","Wild Strike","Dagger Spray","Freischutz","SashWhip","Dagger Spray","Panache+1","Gash+1","Immolate+1","Shame","Amnesia","Pain","Gash","Sweeping Beam","FourthMatchFlame","Heavy Blade+1","ReplayGash+1","Endless Agony","Beam Cell+1","Flying Knee","CherryBlossom","CurseOfTheBell","Beam Cell+1","WristCuter","Mayhem+1","Consecrate","Dramatic Entrance+1","Barricade+1","BlueStar","Flying Knee+1","Perfected Strike+1","BlueStar","Madness","Madness+1","Backstab","Sweeping Beam+1","BlackArmy","Noxious Fumes+1"],"relics":["Burning Blood","CogitoBucket","RabbitCall","HornCleat","Pen Nib","LuminousBracelet","Ornamental Fan","Empty Cage","Amita_r","SkinProphecy","Bloody Idol","Self Forming Clay","Blue Candle","PrismaticShard","AtMidnight","InkBottle","Pet Ghost","Bag of Preparation","Eternal Feather","Replay:Ancient Bell","Potion Belt","Replay:Bottled Flurry","Magic Flower","Replay:Bottled Snecko","LetterFromLob","Golden Egg","Blue Doll","Gremlin Food","Mirror","Heaven_r","LaetitiaHeart","Calling Bell","Replay:Rubber Ducky","Singing Bowl","Another Sword","Letter Opener","Ring of Hypnosis","ReplayTheSpireMod:Ring of Challenge","Replay:Wax Seal","Guide Book","Replay:Bottled Steam","Bottled Tornado","Incense Burner","King of Hearts","Brimstone","Red Skull","Painkiller Herb","Frozen Egg 2","DollysMirror","MawBank","Red Mask","Bottled Lightning","ReplayTheSpireMod:Ninjato"],"acts_visited":["Exordium","TheCity","TheCity","TheCity","TheBeyond"],"potions_floor_usage":[],"damage_taken":[{"damage":8.0,"enemies":"2 Louse","floor":1.0,"turns":3.0},{"damage":15.0,"enemies":"Small Slimes","floor":2.0,"turns":3.0},{"damage":6.0,"enemies":"Cultist","floor":3.0,"turns":3.0},{"damage":16.0,"enemies":"3 Louse","floor":4.0,"turns":3.0},{"damage":30.0,"enemies":"Large Slime","floor":5.0,"turns":5.0},{"damage":14.0,"enemies":"Gremlin Nob","floor":6.0,"turns":3.0},{"damage":20.0,"enemies":"Blue Slaver","floor":10.0,"turns":4.0},{"damage":7.0,"enemies":"3 Louse","floor":11.0,"turns":3.0},{"damage":20.0,"enemies":"Lagavulin","floor":12.0,"turns":4.0},{"damage":0.0,"enemies":"2 Fungi Beasts","floor":13.0,"turns":2.0},{"damage":11.0,"enemies":"Gremlin Gang","floor":14.0,"turns":2.0},{"damage":73.0,"enemies":"Hexaghost","floor":16.0,"turns":8.0},{"damage":139.0,"enemies":"Jaw Worm","floor":1.0,"turns":8.0},{"damage":1.0,"enemies":"Cultist","floor":5.0,"turns":3.0},{"damage":10.0,"enemies":"3 Sentries","floor":7.0,"turns":3.0},{"damage":0.0,"enemies":"Small Slimes","floor":8.0,"turns":1.0},{"damage":9.0,"enemies":"Jaw Worm","floor":1.0,"turns":3.0},{"damage":108.0,"enemies":"Small Slimes","floor":2.0,"turns":13.0},{"damage":1.0,"enemies":"Cultist","floor":3.0,"turns":2.0},{"damage":9.0,"enemies":"Blue Slaver","floor":5.0,"turns":3.0},{"damage":20.0,"enemies":"3 Sentries","floor":6.0,"turns":4.0},{"damage":58.0,"enemies":"Lagavulin","floor":10.0,"turns":6.0},{"damage":7.0,"enemies":"Lots of Slimes","floor":11.0,"turns":2.0},{"damage":16.0,"enemies":"3 Sentries","floor":12.0,"turns":4.0},{"damage":15.0,"enemies":"Exordium Thugs","floor":13.0,"turns":3.0},{"damage":1.0,"enemies":"Gremlin Nob","floor":14.0,"turns":3.0},{"damage":79.0,"enemies":"Hexaghost","floor":16.0,"turns":7.0},{"damage":18.0,"enemies":"Shell Parasite","floor":18.0,"turns":4.0},{"damage":23.0,"enemies":"2 Thieves","floor":19.0,"turns":3.0},{"damage":36.0,"enemies":"Shelled Parasite and Fungi","floor":20.0,"turns":4.0},{"damage":37.0,"enemies":"Book of Stabbing","floor":23.0,"turns":5.0},{"damage":12.0,"enemies":"Cultist","floor":1.0,"turns":2.0},{"damage":13.0,"enemies":"Jaw Worm","floor":2.0,"turns":2.0},{"damage":8.0,"enemies":"2 Louse","floor":4.0,"turns":2.0},{"damage":15.0,"enemies":"3 Sentries","floor":6.0,"turns":2.0},{"damage":16.0,"enemies":"2 Fungi Beasts","floor":7.0,"turns":2.0},{"damage":13.0,"enemies":"Gremlin Nob","floor":8.0,"turns":4.0},{"damage":15.0,"enemies":"Lagavulin","floor":10.0,"turns":4.0},{"damage":23.0,"enemies":"Lots of Slimes","floor":11.0,"turns":3.0},{"damage":48.0,"enemies":"Lots of Slimes","floor":12.0,"turns":5.0},{"damage":10.0,"enemies":"Blue Slaver","floor":14.0,"turns":2.0},{"damage":112.0,"enemies":"Hexaghost","floor":16.0,"turns":6.0},{"damage":1.0,"enemies":"Spheric Guardian","floor":18.0,"turns":3.0},{"damage":11.0,"enemies":"Chosen","floor":22.0,"turns":3.0},{"damage":36.0,"enemies":"Slavers","floor":23.0,"turns":4.0},{"damage":19.0,"enemies":"Book of Stabbing","floor":25.0,"turns":4.0},{"damage":0.0,"enemies":"Snecko","floor":28.0,"turns":2.0},{"damage":6.0,"enemies":"Slavers","floor":29.0,"turns":2.0},{"damage":21.0,"enemies":"Snake Plant","floor":31.0,"turns":2.0},{"damage":19.0,"enemies":"Champ","floor":33.0,"turns":5.0},{"damage":7.0,"enemies":"3 Darklings","floor":35.0,"turns":1.0},{"damage":9.0,"enemies":"R_Hoarder","floor":40.0,"turns":3.0},{"damage":1.0,"enemies":"Giant Head","floor":42.0,"turns":4.0},{"damage":1.0,"enemies":"Orb Walker","floor":44.0,"turns":1.0},{"damage":5.0,"enemies":"4 Shapes","floor":47.0,"turns":1.0},{"damage":12,"enemies":"Sphere and 2 Shapes","floor":48,"turns":1},{"damage":57,"enemies":"Donu and Deca","floor":50,"turns":6},{"damage":12,"enemies":"Malkuth","floor":51,"turns":3},{"damage":23,"enemies":"Hod","floor":51,"turns":5},{"damage":263,"enemies":"Geburah","floor":51,"turns":9},{"damage":239,"enemies":"Hokma","floor":51,"turns":9},{"damage":25,"enemies":"Angela","floor":51,"turns":6}],"seed_played":"-5029893012022001772","potions_obtained":[{"floor":2.0,"key":"Fire Potion"},{"floor":4.0,"key":"LifebloodPotion"},{"floor":10.0,"key":"DuplicationPotion"},{"floor":12.0,"key":"Adrenaline Potion"},{"floor":16.0,"key":"Strength Potion"},{"floor":3.0,"key":"Regen Potion"},{"floor":19.0,"key":"SpeedPotion"},{"floor":23.0,"key":"GamblersBrew"},{"floor":4.0,"key":"DuplicationPotion"},{"floor":25.0,"key":"Energy Potion"},{"floor":47,"key":"Energy Potion"}],"is_trial":false,"path_per_floor":["M","M","M","M","M","E","?","R","T","M","M","E","M","M","R","B",null,"M","M","?","?","?","M","R","E","M","T","$","E","M","M","M","?","M","E","R","?","T","E","M","E","M","E","R","B",null,"M","M","M","?","?","E","PTL","PTL","E","M","M","?","M","?","E","M","E","T","E","M","M","R","M","R","B",null,"M","?","?","$","M","E","R","E","T","$","M","E","$","M","R","B",null,"?","T","?","T","?","E","?","E","T","?","T","T","?","?","T","B",null],"character_chosen":"IRONCLAD","items_purchased":["Blue Candle","PrismaticShard","Replay:Wax Seal","Guide Book","Replay:Bottled Steam","Mayhem+1","Brimstone","Dramatic Entrance","Frozen Egg 2","Perfected Strike","DollysMirror"],"campfire_rested":1,"item_purchase_floors":[10,10,21,21,21,27,27,30,36,36,36],"current_hp_per_floor":[78,69,69,59,35,27,32,57,57,58,58,44,62,70,70,95,100,73,73,47,47,67,67,79,87,87,87,119,114,128,128,135,144,144,144,144,125,132,144,145,159,169,148,172,175,179,183,183,183,186,186,186,187,192,192,196,196,201,205,208,208,211,214,222,222,225,225,192,229,232,232,232,232,235,242,242,245,247,247,252,257,257,262,262,266,266,274,274,274,274,240,277,277,280,280,283,283,283,291,298,298,292],"gold":4,"neow_bonus":"","is_daily":false,"chose_seed":false,"campfire_upgraded":9,"win_rate":0.0,"timestamp":1613405280,"path_taken":["M","M","M","M","M","E","?","R","T","M","M","E","M","M","R","BOSS","M","M","?","?","?","M","R","E","M","T","$","E","M","M","M","?","M","E","R","?","T","E","?","E","M","E","R","BOSS","M","M","M","?","?","E","PTL","PTL","E","M","M","?","?","?","E","M","E","T","E","M","M","R","M","R","BOSS","M","?","?","$","M","E","R","E","T","?","M","E","$","M","R","BOSS","?","?","?","T","?","E","?","E","T","?","T","T","?","?","T","BOSS"],"items_purchased_type":["Relic","Relic","Relic","Relic","Relic","Card","Relic","Card","Relic","Card","Relic"],"build_version":"2020-12-22","purchased_purges":2,"victory":true,"max_hp_per_floor":[80,80,80,80,80,80,85,85,85,100,100,100,100,100,100,100,100,104,104,104,104,107,107,112,116,116,116,119,136,139,139,142,147,147,147,147,150,157,162,166,169,169,172,172,175,179,183,183,183,186,186,186,189,192,192,196,196,201,205,208,208,211,214,222,222,225,225,229,229,232,232,232,232,235,242,242,247,247,247,252,257,257,262,262,266,266,274,274,274,274,274,277,277,280,280,283,283,283,291,298,298,303],"card_choices":[{"not_picked":["Wellcheers","Scarecrow","NakedNest"],"picked":"Singing Bowl","floor":1.0},{"not_picked":["Iron Wave","Shrug It Off"],"picked":"Twin Strike","floor":1.0},{"not_picked":["ShyLook","WallGazer","Murderer"],"picked":"Singing Bowl","floor":2.0},{"not_picked":["Pommel Strike","Armaments"],"picked":"Anger","floor":2.0},{"not_picked":["OSAHOGD","BlackArmy"],"picked":"GreedKing","floor":3.0},{"not_picked":["Body Slam","Spot Weakness"],"picked":"Heavy Blade","floor":3.0},{"not_picked":["FairyFestival","Murderer","MHz"],"picked":"Singing Bowl","floor":4.0},{"not_picked":["Evolve","Ghostly Armor"],"picked":"Heavy Blade","floor":4.0},{"not_picked":["MeatLantern","MHz"],"picked":"CrumblingArmor","floor":5.0},{"not_picked":["Headbutt","Clash"],"picked":"Anger","floor":5.0},{"not_picked":["Laetitia","BeautyBeast","PunishingBird"],"picked":"Singing Bowl","floor":6.0},{"not_picked":["SpiderBud","Mercenary"],"picked":"UniverseFragment","floor":6.0},{"not_picked":["Power Through","Spot Weakness"],"picked":"Heavy Blade","floor":6.0},{"not_picked":["VoidDream","QueenBee"],"picked":"Scorched","floor":10.0},{"not_picked":["Clothesline","Shockwave","Headbutt"],"picked":"SKIP","floor":10.0},{"not_picked":["Bloodbath","WhitesApple","GalaxyChild"],"picked":"Singing Bowl","floor":11.0},{"not_picked":["Bloodbath","ShyLook"],"picked":"OldLady","floor":11.0},{"not_picked":["Shrug It Off","Rage","Flex"],"picked":"SKIP","floor":11.0},{"not_picked":["ShyLook","Porccubus"],"picked":"DreamingCurrent","floor":12.0},{"not_picked":["Combust","Havoc","Demonic Infusion"],"picked":"SKIP","floor":12.0},{"not_picked":["Freischutz","MHz"],"picked":"PunishingBird","floor":13.0},{"not_picked":["Rage","Hemokinesis","Battle Trance"],"picked":"SKIP","floor":13.0},{"not_picked":["MeatLantern","FairyFestival","Funeral"],"picked":"Singing Bowl","floor":14.0},{"not_picked":["Flex","Clothesline","Havoc"],"picked":"SKIP","floor":14.0},{"not_picked":["FairyFestival","CherryBlossoms","BeautyBeast"],"picked":"Singing Bowl","floor":16.0},{"not_picked":["ShyLook","MeatLantern","BigBadWolf"],"picked":"Singing Bowl","floor":1.0},{"not_picked":["Reckless Charge","Rage"],"picked":"Anger","floor":1.0},{"not_picked":["BlackArmy","MeatLantern","WallGazer"],"picked":"Singing Bowl","floor":5.0},{"not_picked":["Dual Wield","Shockwave"],"picked":"Pommel Strike","floor":5.0},{"not_picked":["Murderer","LittlePrince","Wellcheers"],"picked":"Singing Bowl","floor":7.0},{"not_picked":["Intimidate","Havoc","Body Slam"],"picked":"SKIP","floor":7.0},{"not_picked":["SpiderBud","Wellcheers"],"picked":"CherryBlossoms","floor":8.0},{"not_picked":["Headbutt","Body Slam"],"picked":"Twin Strike","floor":8.0},{"not_picked":["Bloodbath","ShyLook","MHz"],"picked":"Singing Bowl","floor":1.0},{"not_picked":["Tools of the Trade","Run Through","ReplayTheSpireMod:Exploit Weakness"],"picked":"SKIP","floor":1.0},{"not_picked":["WallGazer","SpiderBud"],"picked":"Bloodbath","floor":2.0},{"not_picked":["ReplayTheSpireMod:Speed Training","Force Field","Lantern"],"picked":"SKIP","floor":2.0},{"not_picked":["QueenBee","Freischutz","ShyLook"],"picked":"Singing Bowl","floor":3.0},{"not_picked":["Intimidate","ReplayTheSpireMod:Trickstab"],"picked":"Wild Strike","floor":3.0},{"not_picked":["Variant","OSAHOGD","SnowQueen"],"picked":"Singing Bowl","floor":5.0},{"not_picked":["PiercingWail","Barrage"],"picked":"Dagger Spray","floor":5.0},{"not_picked":["Mercenary","SpiderBud","Porccubus"],"picked":"Singing Bowl","floor":6.0},{"not_picked":["Rainbow","Pray","CrimsonScar"],"picked":"SKIP","floor":6.0},{"not_picked":["MeatLantern","ShyLook","WhitesApple"],"picked":"Singing Bowl","floor":10.0},{"not_picked":["Rudolta","FieryBird"],"picked":"Freischutz","floor":10.0},{"not_picked":["Stack","Demonic Infusion"],"picked":"SashWhip","floor":10.0},{"not_picked":["SingingMachine","BeautyBeast","WallGazer"],"picked":"Singing Bowl","floor":11.0},{"not_picked":["Noise","Deadly Poison"],"picked":"Dagger Spray","floor":11.0},{"not_picked":["LittleHelper","BeautyBeast","SpiderBud"],"picked":"Singing Bowl","floor":12.0},{"not_picked":["Searing Blow","Dark Embrace","Quick Slash"],"picked":"SKIP","floor":12.0},{"not_picked":["Slice","Conserve Battery"],"picked":"Panache","floor":13.0},{"not_picked":["FieryBird","ShyLook","OSAHOGD"],"picked":"Singing Bowl","floor":14.0},{"not_picked":["ClearTheMind","FrostShard"],"picked":"Gash","floor":14.0},{"not_picked":["Woodsman","ShyLook","WallGazer"],"picked":"Singing Bowl","floor":16.0},{"not_picked":["Bullet Time","ReplayTheSpireMod:Fabricate Wheel"],"picked":"Immolate","floor":16.0},{"not_picked":["ReplayTheSpireMod:Splinters","Replay:Hysterical Blindness"],"picked":"Shame","floor":17.0},{"not_picked":["Spreading Infection","ReplayTheSpireMod:Doomed"],"picked":"Amnesia","floor":17.0},{"not_picked":["Overencumbered","Voices"],"picked":"Pain","floor":17.0},{"not_picked":["MHz","BodiesMountain","FieryBird"],"picked":"Singing Bowl","floor":18.0},{"not_picked":["ReplayTheSpireMod:Trickstab","Flex+1","Armaments"],"picked":"SKIP","floor":18.0},{"not_picked":["WhitesApple","SingingMachine","WallGazer"],"picked":"Singing Bowl","floor":19.0},{"not_picked":["Leap","Protect+1"],"picked":"Gash","floor":19.0},{"not_picked":["Murderer","SpiderBud","MeltingLove"],"picked":"Singing Bowl","floor":20.0},{"not_picked":["Eviscerate","Reflex","ReplayTheSpireMod:Muscle Training"],"picked":"SKIP","floor":20.0},{"not_picked":["BlackSwan","BigBird","Woodsman"],"picked":"Singing Bowl","floor":23.0},{"not_picked":["Acrobatics","Replay:BluntJabs"],"picked":"Sweeping Beam","floor":23.0},{"not_picked":["Laetitia","Murderer","WallGazer"],"picked":"Singing Bowl","floor":1.0},{"not_picked":["Headbutt","Crescendo","Fire Breathing"],"picked":"SKIP","floor":1.0},{"not_picked":["BeautyBeast","MeatLantern","SpiderBud"],"picked":"Singing Bowl","floor":2.0},{"not_picked":["Underhanded Strike","Capacitor","Infernal Blade"],"picked":"SKIP","floor":2.0},{"not_picked":["Dodge and Roll","BattleHymn"],"picked":"FourthMatchFlame","floor":3.0},{"not_picked":["Master of Strategy","Conserve Battery"],"picked":"Heavy Blade","floor":3.0},{"not_picked":["Havoc","CrimsonScar"],"picked":"ReplayGash","floor":3.0},{"not_picked":["WallGazer","ShyLook","RedShoes"],"picked":"Singing Bowl","floor":4.0},{"not_picked":["Lantern","Bouncing Flask"],"picked":"Endless Agony","floor":4.0},{"not_picked":["Murderer","FairyFestival","MHz"],"picked":"Singing Bowl","floor":6.0},{"not_picked":["Dodge and Roll","Bloodletting","Well Laid Plans"],"picked":"SKIP","floor":6.0},{"not_picked":["ShyLook","WallGazer","LaLuna"],"picked":"Singing Bowl","floor":7.0},{"not_picked":["Panic Button","Caltrops","Discovery"],"picked":"SKIP","floor":7.0},{"not_picked":["SpiderBud","OSAHOGD","WallGazer"],"picked":"Singing Bowl","floor":8.0},{"not_picked":["Compile Driver","Sucker Punch"],"picked":"Beam Cell","floor":8.0},{"not_picked":["Wellcheers","ShyLook","FairyFestival"],"picked":"Singing Bowl","floor":10.0},{"not_picked":["Panacea","Fire Breathing"],"picked":"Flying Knee","floor":10.0},{"not_picked":["LittleHelper","Yin","SpiderBud"],"picked":"Singing Bowl","floor":12.0},{"not_picked":["Replay:BluntJabs","PiercingWail"],"picked":"CherryBlossom","floor":12.0},{"not_picked":["FairyFestival","BlackSwan","OSAHOGD"],"picked":"Singing Bowl","floor":14.0},{"not_picked":["Dodge and Roll","Enlightenment","EmptyBody"],"picked":"SKIP","floor":14.0},{"not_picked":["OSAHOGD","WhitesApple","SpiderBud"],"picked":"Singing Bowl","floor":16.0},{"not_picked":["ShyLook","Woodsman","VoidDream"],"picked":"Singing Bowl","floor":18.0},{"not_picked":["Evaluate","Dark Embrace"],"picked":"Beam Cell+1","floor":18.0},{"not_picked":["Porccubus","Yin","DespairKnight"],"picked":"Singing Bowl","floor":22.0},{"not_picked":["Armaments","True Grit"],"picked":"WristCuter","floor":22.0},{"not_picked":["BeautyBeast","ShyLook","SpiderBud"],"picked":"Singing Bowl","floor":23.0},{"not_picked":["Cold Snap","Acrobatics","Madness"],"picked":"Singing Bowl","floor":23.0},{"not_picked":["HeroicMonk","Woodsman","FairyFestival"],"picked":"Singing Bowl","floor":25.0},{"not_picked":["Replay:Undeath\u0027s Touch","CrushJoints","Pray"],"picked":"Singing Bowl","floor":25.0},{"not_picked":["SpiderBud","Wellcheers"],"picked":"OSAHOGD","floor":28.0},{"not_picked":["ReplayTheSpireMod:Exploit Weakness","RedEyes+1","Dodge and Roll"],"picked":"Singing Bowl","floor":28.0},{"not_picked":["WallGazer","GalaxyChild","Wellcheers"],"picked":"Singing Bowl","floor":29.0},{"not_picked":["GreenStem","Glass Knife"],"picked":"Consecrate","floor":29.0},{"not_picked":["LaLuna","NothingThere","HeroicMonk"],"picked":"Singing Bowl","floor":31.0},{"not_picked":["Soda","PathToVictory+1","Blade Dance"],"picked":"Singing Bowl","floor":31.0},{"not_picked":["MHz","FieryBird","SilentOrchestra"],"picked":"Singing Bowl","floor":33.0},{"not_picked":["Thinking Ahead","Judgement"],"picked":"Barricade","floor":33.0},{"not_picked":["LongBird","Murderer","QueenOfHatred"],"picked":"Singing Bowl","floor":35.0},{"not_picked":["Murderer","DespairKnight"],"picked":"BlueStar","floor":35.0},{"not_picked":["Hidden Blade+1","The Bomb"],"picked":"Flying Knee+1","floor":35.0},{"not_picked":["Murderer","ShyLook","Woodsman"],"picked":"Singing Bowl","floor":40.0},{"not_picked":["Undo","Finisher+1"],"picked":"Backstab","floor":40.0},{"not_picked":["SpiderBud","HappyTeddy","Rudolta"],"picked":"Singing Bowl","floor":42.0},{"not_picked":["Hidden Blade+1","DeceiveReality+1"],"picked":"Sweeping Beam+1","floor":42.0},{"not_picked":["HappyTeddy","FairyFestival"],"picked":"BlackArmy","floor":44.0},{"not_picked":["Pommel Strike+1","LikeWater+1"],"picked":"Noxious Fumes+1","floor":44.0},{"not_picked":["RapturousDream","JustLucky","CrimsonScar+1"],"picked":"Singing Bowl","floor":47},{"not_picked":["Scarecrow","FieryBird","MeatLantern"],"picked":"Singing Bowl","floor":48},{"not_picked":["Predator","White Noise","Well Laid Plans+1"],"picked":"Singing Bowl","floor":48}],"player_experience":186777,"relics_obtained":[{"floor":1.0,"key":"LetterFromLob"},{"floor":6.0,"key":"HornCleat"},{"floor":9.0,"key":"Pen Nib"},{"floor":12.0,"key":"Ornamental Fan"},{"floor":1.0,"key":"LetterFromLob"},{"floor":7.0,"key":"Self Forming Clay"},{"floor":1.0,"key":"LetterFromLob"},{"floor":2.0,"key":"AtMidnight"},{"floor":9.0,"key":"InkBottle"},{"floor":10.0,"key":"Pet Ghost"},{"floor":12.0,"key":"Bag of Preparation"},{"floor":14.0,"key":"Eternal Feather"},{"floor":23.0,"key":"Replay:Bottled Snecko"},{"floor":1.0,"key":"LetterFromLob"},{"floor":6.0,"key":"Golden Egg"},{"floor":8.0,"key":"Blue Doll"},{"floor":9.0,"key":"Gremlin Food"},{"floor":10.0,"key":"Mirror"},{"floor":17.0,"key":"Replay:Rubber Ducky"},{"floor":17.0,"key":"Singing Bowl"},{"floor":17.0,"key":"Another Sword"},{"floor":20.0,"key":"Ring of Hypnosis"},{"floor":20.0,"key":"ReplayTheSpireMod:Ring of Challenge"},{"floor":23.0,"key":"Bottled Tornado"},{"floor":25.0,"key":"Incense Burner"},{"floor":26.0,"key":"King of Hearts"},{"floor":29.0,"key":"Red Skull"},{"floor":40.0,"key":"MawBank"},{"floor":42.0,"key":"Bottled Lightning"},{"floor":43.0,"key":"ReplayTheSpireMod:Ninjato"}],"event_choices":[{"damage_healed":0.0,"max_hp_gain":5.0,"max_hp_loss":0.0,"gold_gain":0.0,"event_name":"Big Fish","player_choice":"Donut","floor":7.0,"gold_loss":0.0,"damage_taken":0.0},{"damage_healed":0.0,"max_hp_gain":0.0,"max_hp_loss":0.0,"gold_gain":69.0,"event_name":"Golden Wing","player_choice":"Gained Gold","floor":2.0,"gold_loss":0.0,"damage_taken":0.0},{"damage_healed":0.0,"max_hp_gain":0.0,"max_hp_loss":0.0,"gold_gain":0.0,"event_name":"Golden Idol","player_choice":"Take Damage","floor":3.0,"gold_loss":0.0,"damage_taken":26.0,"relics_obtained":["Golden Idol"]},{"damage_healed":0.0,"max_hp_gain":0.0,"max_hp_loss":0.0,"gold_gain":0.0,"event_name":"World of Goop","player_choice":"Left Gold","floor":4.0,"gold_loss":29.0,"damage_taken":0.0},{"damage_healed":0.0,"max_hp_gain":0.0,"max_hp_loss":0.0,"gold_gain":0.0,"event_name":"Living Wall","player_choice":"Grow","floor":4.0,"gold_loss":0.0,"damage_taken":0.0,"cards_upgraded":["Heavy Blade"]},{"damage_healed":0.0,"max_hp_gain":0.0,"max_hp_loss":0.0,"gold_gain":0.0,"event_name":"Upgrade Shrine","player_choice":"Upgraded","floor":8.0,"gold_loss":0.0,"damage_taken":0.0,"cards_upgraded":["Anger"]},{"damage_healed":0.0,"max_hp_gain":0.0,"max_hp_loss":0.0,"gold_gain":0.0,"event_name":"Forgotten Altar","player_choice":"Gave Idol","floor":21.0,"relics_lost":["Golden Idol"],"gold_loss":0.0,"damage_taken":0.0,"relics_obtained":["Bloody Idol"]},{"damage_healed":0.0,"max_hp_gain":0.0,"max_hp_loss":0.0,"gold_gain":0.0,"event_name":"The Joust","player_choice":"Bet on Murderer","floor":22.0,"gold_loss":50.0,"damage_taken":0.0},{"damage_healed":0.0,"max_hp_gain":0.0,"max_hp_loss":0.0,"gold_gain":0.0,"event_name":"The Mausoleum","player_choice":"Opened","floor":19.0,"gold_loss":0.0,"damage_taken":0.0,"relics_obtained":["Letter Opener"]},{"cards_removed":["OSAHOGD"],"damage_healed":0.0,"max_hp_gain":0.0,"max_hp_loss":0.0,"gold_gain":0.0,"event_name":"Falling","player_choice":"Removed Skill","floor":37.0,"gold_loss":0.0,"damage_taken":0.0},{"damage_healed":0.0,"max_hp_gain":0.0,"max_hp_loss":0.0,"gold_gain":0.0,"event_name":"Winding Halls","player_choice":"Embrace Madness","floor":39.0,"gold_loss":0.0,"damage_taken":34.0,"cards_obtained":["Madness","Madness"]},{"damage_healed":0.0,"max_hp_gain":0.0,"max_hp_loss":0.0,"gold_gain":0.0,"event_name":"Tomb of Lord Red Mask","player_choice":"Paid","floor":41.0,"gold_loss":103.0,"damage_taken":0.0,"relics_obtained":["Red Mask"]}],"is_beta":false,"boss_relics":[{"not_picked":["ReplayTheSpireMod:DimensionalGlitch","Sozu"],"picked":"Empty Cage"},{"not_picked":["Painkiller Herb","Tiny House"],"picked":"Replay:Ancient Bell"},{"not_picked":["ReplayTheSpireMod:TigerMarble","Juzu Bracelet"],"picked":"Potion Belt"},{"not_picked":["Gremlin Horn","Garlic"],"picked":"Replay:Bottled Flurry"},{"not_picked":["Champion Belt","Counterbalance"],"picked":"Magic Flower"},{"not_picked":["Ring of Chaos","SacredBark"],"picked":"Calling Bell"},{"not_picked":["Busted Crown","Snecko Eye"],"picked":"Painkiller Herb"}],"items_purged_floors":[10,21],"is_endless":false,"potions_floor_spawned":[2,4,10,11,12,16,5,8,3,5,6,12,14,16,19,23,4,6,8,10,16,25,47],"ascension_level":2}}