{"host":"1ooxfz79hmpvpehx","time":1613424207,"event":{"mods":["BaseMod","Better Altar","Better Match","Better Note","Better Sensory Stone","Better Skull","Better Third Choice","Infinite Spire","Marked Mod","Minty Spire (QoL Compilation)","Quick Restart","RNG Fix","Replay The Spire","StSLib","SuperFastMode"],"gold_per_floor":[211,136,136,149,162,193,193,204,274,274,274,274,289,303,303,303,303],"floor_reached":16,"language":"ENG","playtime":607,"items_purged":["Strike_B"],"score":107,"play_id":"c9f440c9-e376-408d-9a48-2563e19678a3","local_time":"20210215182327","is_ascension_mode":true,"campfire_choices":[{"data":"Multi-Cast","floor":7,"key":"SMITH"},{"data":"Turbo","floor":10,"key":"SMITH"},{"data":"Hologram","floor":12,"key":"SMITH"},{"floor":15,"key":"DIG"}],"circlet_count":0,"master_deck":["Strike_B","Strike_B","Strike_B","Defend_B","Defend_B","Defend_B","Defend_B","Zap","Dualcast","BasicCrystalCard","Regret","Hologram+1","Multi-Cast+1","Turbo+1","Injury","Defragment"],"relics":["Cracked Core","Gambling Chip","Pet Ghost","Eternal Feather","Golden Idol","Centennial Puzzle"],"acts_visited":["Exordium"],"potions_floor_usage":[6,6,14],"damage_taken":[{"damage":1,"enemies":"Cultist","floor":1,"turns":3},{"damage":3,"enemies":"Small Slimes","floor":4,"turns":3},{"damage":12,"enemies":"infinitespire:Voidling","floor":5,"turns":4},{"damage":25,"enemies":"Gremlin Nob","floor":6,"turns":4},{"damage":7,"enemies":"3 Louse","floor":8,"turns":3},{"damage":16,"enemies":"Exordium Wildlife","floor":13,"turns":8},{"damage":25,"enemies":"Lots of Slimes","floor":14,"turns":6},{"damage":0,"enemies":"The Guardian","floor":16,"turns":1}],"seed_played":"-5607310584168506657","potions_obtained":[{"floor":4,"key":"FearPotion"},{"floor":5,"key":"Ancient Potion"},{"floor":6,"key":"Weak Potion"}],"is_trial":false,"path_per_floor":["M","$","?","M","M","E","R","M","T","R","?","R","M","M","R","B"],"character_chosen":"DEFECT","items_purchased":[],"campfire_rested":0,"item_purchase_floors":[],"current_hp_per_floor":[74,74,74,71,63,38,38,31,31,37,37,46,30,5,14,14,14],"gold":303,"neow_bonus":"HUNDRED_GOLD","is_daily":false,"chose_seed":false,"campfire_upgraded":3,"win_rate":0.0,"timestamp":1613424207,"path_taken":["M","$","?","M","M","E","R","M","T","R","?","R","M","M","R","BOSS"],"items_purchased_type":[],"build_version":"2020-12-22","purchased_purges":1,"victory":false,"max_hp_per_floor":[75,75,75,75,75,75,75,75,75,75,75,75,75,75,75,75,75],"card_choices":[{"not_picked":["Rebound","Turbo"],"picked":"BasicCrystalCard","floor":1},{"not_picked":["Sweeping Beam","Conserve Battery","ReplaySolidLightProjector"],"picked":"SKIP","floor":4},{"not_picked":["Leap","Steam"],"picked":"Hologram","floor":5},{"not_picked":["Steam","Meteor Strike"],"picked":"Multi-Cast","floor":6},{"not_picked":["Static Discharge","Gash"],"picked":"Turbo","floor":8},{"not_picked":["Panic Button","Streamline","Reinforced Body"],"picked":"SKIP","floor":13},{"not_picked":["Cold Snap","Barrage"],"picked":"Defragment","floor":14}],"player_experience":31007,"relics_obtained":[{"floor":6,"key":"Pet Ghost"},{"floor":9,"key":"Eternal Feather"},{"floor":15,"key":"Centennial Puzzle"}],"event_choices":[{"damage_healed":0,"gold_gain":0,"player_choice":"Box","damage_taken":0,"relics_obtained":["Gambling Chip"],"max_hp_gain":0,"max_hp_loss":0,"event_name":"Big Fish","floor":3,"gold_loss":0,"cards_obtained":["Regret"]},{"damage_healed":0,"gold_gain":0,"player_choice":"Take Wound","damage_taken":0,"relics_obtained":["Golden Idol"],"max_hp_gain":0,"max_hp_loss":0,"event_name":"Golden Idol","floor":11,"gold_loss":0,"cards_obtained":["Injury"]}],"is_beta":false,"boss_relics":[],"items_purged_floors":[2],"is_endless":false,"potions_floor_spawned":[4,5,6],"killed_by":"The Guardian","ascension_level":1}}