{"host":"oi6p1guiqfwwvxym","time":1613433139,"event":{"mods":["BaseMod","Bestiary","Colored Map","Minty Spire (QoL Compilation)","Relic Stats"],"gold_per_floor":[114,131,34,47,47,75,75,75,130,143,186,200,225,248,248,341,341,364,364,364,377,377,417,417,441,441,366,366,35,35,35],"floor_reached":30,"language":"ENG","playtime":1323,"items_purged":[],"score":570,"play_id":"dd5a5a30-9125-4827-91fe-c32c7a9eacb8","local_time":"20210215155219","is_ascension_mode":true,"campfire_choices":[{"data":"Bludgeon","floor":8,"key":"SMITH"},{"data":"Clothesline","floor":15,"key":"SMITH"},{"data":"Armaments","floor":24,"key":"SMITH"}],"circlet_count":0,"master_deck":["AscendersBane","Strike_R+1","Strike_R+1","Strike_R+1","Defend_R+1","Defend_R+1","Defend_R+1","Defend_R+1","Bash","Cleave","Thunderclap","Shrug It Off","Burning Pact","Wild Strike","Bludgeon+1","True Grit","Shrug It Off","Clothesline+1","Feel No Pain","Feed+1","Armaments+1","Disarm","Dark Embrace","Reaper"],"relics":["Burning Blood","Anchor","Bloody Idol","Bronze Scales","HornCleat","Runic Pyramid","Smiling Mask","Kunai","PreservedInsect"],"acts_visited":["Exordium","TheCity"],"potions_floor_usage":[6,11,23],"damage_taken":[{"damage":6,"enemies":"Cultist","floor":1,"turns":3},{"damage":3,"enemies":"2 Louse","floor":2,"turns":2},{"damage":4,"enemies":"Jaw Worm","floor":4,"turns":4},{"damage":34,"enemies":"3 Sentries","floor":6,"turns":8},{"damage":4,"enemies":"Large Slime","floor":10,"turns":4},{"damage":0,"enemies":"Gremlin Nob","floor":11,"turns":2},{"damage":0,"enemies":"3 Louse","floor":12,"turns":3},{"damage":2,"enemies":"Lots of Slimes","floor":13,"turns":3},{"damage":2,"enemies":"2 Fungi Beasts","floor":14,"turns":3},{"damage":25,"enemies":"The Guardian","floor":16,"turns":14},{"damage":0,"enemies":"Chosen","floor":18,"turns":5},{"damage":0,"enemies":"3 Byrds","floor":21,"turns":3},{"damage":44,"enemies":"Book of Stabbing","floor":23,"turns":6},{"damage":28,"enemies":"Sentry and Sphere","floor":25,"turns":10},{"damage":44,"enemies":"3 Cultists","floor":30,"turns":4}],"seed_played":"-376003563459095140","potions_obtained":[{"floor":4,"key":"LiquidBronze"},{"floor":6,"key":"Dexterity Potion"},{"floor":10,"key":"LiquidMemories"},{"floor":13,"key":"Block Potion"},{"floor":25,"key":"Block Potion"}],"is_trial":false,"path_per_floor":["M","M","$","M","$","E","?","R","T","M","E","M","M","M","R","B",null,"M","?","?","M","?","E","R","M","T","?","?","$","M"],"character_chosen":"IRONCLAD","items_purchased":["AttackPotion","Burning Pact","Reaper","PreservedInsect"],"campfire_rested":0,"item_purchase_floors":[3,3,29,29],"current_hp_per_floor":[68,71,71,73,73,45,45,45,45,47,53,59,63,67,67,48,63,71,71,71,75,75,41,41,23,23,23,23,23,0,0],"gold":35,"neow_bonus":"TRANSFORM_CARD","is_daily":false,"chose_seed":false,"campfire_upgraded":3,"win_rate":0.0,"timestamp":1613433139,"path_taken":["M","M","?","M","$","E","?","R","T","M","E","M","?","M","R","BOSS","M","?","?","?","?","E","R","M","T","?","?","$","M"],"items_purchased_type":["Potion","Card","Card","Relic"],"build_version":"2020-12-22","purchased_purges":0,"victory":false,"max_hp_per_floor":[75,75,75,75,75,75,68,68,68,68,68,68,68,68,68,68,68,71,71,71,75,75,79,79,83,83,83,83,83,83,83],"relic_stats":{"counters":[15,74],"Bloody Idol":0,"Bronze Scales":[210],"PreservedInsect":0,"Kunai":[0],"Smiling Mask":0,"obtain_stats":[{"Anchor":6,"HornCleat":11,"Golden Idol":7,"Bronze Scales":9,"Bloody Idol":28,"PreservedInsect":29,"Kunai":26,"Smiling Mask":23,"Burning Blood":0,"Runic Pyramid":17},{"Anchor":4,"HornCleat":6,"Golden Idol":4,"Bronze Scales":4,"Bloody Idol":14,"PreservedInsect":14,"Kunai":14,"Smiling Mask":13,"Burning Blood":0,"Runic Pyramid":10},{"Anchor":17,"HornCleat":23,"Golden Idol":17,"Bronze Scales":17,"Bloody Idol":70,"PreservedInsect":70,"Kunai":70,"Smiling Mask":60,"Burning Blood":0,"Runic Pyramid":46}],"Burning Blood":77},"card_choices":[{"not_picked":["Anger","Armaments"],"picked":"Thunderclap","floor":1},{"not_picked":["Iron Wave","Perfected Strike"],"picked":"Shrug It Off","floor":2},{"not_picked":["Berserk","Armaments"],"picked":"Wild Strike","floor":4},{"not_picked":["Dual Wield","Limit Break"],"picked":"Bludgeon","floor":6},{"not_picked":["Searing Blow","Warcry"],"picked":"True Grit","floor":10},{"not_picked":["Twin Strike","Clash"],"picked":"Shrug It Off","floor":11},{"not_picked":["Armaments","Shrug It Off"],"picked":"Clothesline","floor":12},{"not_picked":["Bloodletting","Armaments"],"picked":"Feel No Pain","floor":13},{"not_picked":["Evolve","Wild Strike","Headbutt"],"picked":"SKIP","floor":14},{"not_picked":["Immolate","Impervious"],"picked":"Feed","floor":16},{"not_picked":["Anger","Hemokinesis","Searing Blow"],"picked":"SKIP","floor":18},{"not_picked":["Sword Boomerang","Perfected Strike"],"picked":"Armaments","floor":21},{"not_picked":["Armaments+1","Evolve"],"picked":"Disarm","floor":23},{"not_picked":["Pommel Strike","Thunderclap"],"picked":"Dark Embrace","floor":25}],"player_experience":443196,"relics_obtained":[{"floor":6,"key":"Anchor"},{"floor":9,"key":"Bronze Scales"},{"floor":11,"key":"HornCleat"},{"floor":23,"key":"Smiling Mask"},{"floor":26,"key":"Kunai"}],"event_choices":[{"damage_healed":0,"gold_gain":0,"player_choice":"Lose Max HP","damage_taken":0,"relics_obtained":["Golden Idol"],"max_hp_gain":0,"max_hp_loss":7,"event_name":"Golden Idol","floor":7,"gold_loss":0},{"damage_healed":0,"gold_gain":0,"player_choice":"Simplicity","damage_taken":0,"max_hp_gain":0,"max_hp_loss":0,"event_name":"Back to Basics","floor":19,"gold_loss":0,"cards_upgraded":["Strike_R","Strike_R","Strike_R","Strike_R","Defend_R","Defend_R","Defend_R","Defend_R"]},{"damage_healed":0,"gold_gain":0,"player_choice":"Upgraded","damage_taken":0,"max_hp_gain":0,"max_hp_loss":0,"event_name":"Upgrade Shrine","floor":20,"gold_loss":0,"cards_upgraded":["Feed"]},{"damage_healed":0,"gold_gain":0,"player_choice":"Ignored","damage_taken":0,"max_hp_gain":0,"max_hp_loss":0,"event_name":"The Mausoleum","floor":22,"gold_loss":0},{"cards_removed":["Strike_R"],"damage_healed":0,"gold_gain":0,"player_choice":"Gave Gold","damage_taken":0,"max_hp_gain":0,"max_hp_loss":0,"event_name":"Beggar","floor":27,"gold_loss":75},{"damage_healed":0,"gold_gain":0,"player_choice":"Gave Idol","damage_taken":0,"relics_obtained":["Bloody Idol"],"max_hp_gain":0,"max_hp_loss":0,"event_name":"Forgotten Altar","floor":28,"relics_lost":["Golden Idol"],"gold_loss":0}],"is_beta":false,"boss_relics":[{"not_picked":["Busted Crown","Astrolabe"],"picked":"Runic Pyramid"}],"items_purged_floors":[],"is_endless":false,"potions_floor_spawned":[4,6,10,13,21,25],"killed_by":"3 Cultists","ascension_level":20}}