{"host":"znvnxllcillb3rtw","time":1613410471,"event":{"mods":["BaseMod","DeckTracker","Minty Spire (QoL Compilation)","Relic Stats","StSLib","SuperFastMode","everything is the same but u backflip on backflip"],"gold_per_floor":[117,130,130,142,158,158,158,183,253,253,279,290,290,39,39,117,117,127,42,42,42,64,64,102,14,82,104,29,29,68,92,92,180,180,205,205,228,255,255,255,255,255],"floor_reached":41,"language":"KOR","playtime":1445,"items_purged":[],"score":903,"play_id":"31e2af27-5e88-4b5a-a52f-6533a4a8d271","local_time":"20210216023431","is_ascension_mode":true,"campfire_choices":[{"data":"Darkness","floor":6.0,"key":"SMITH"},{"floor":10.0,"key":"REST"},{"data":"Self Repair","floor":15.0,"key":"SMITH"},{"data":"Rainbow","floor":23.0,"key":"SMITH"},{"data":"Storm","floor":29.0,"key":"SMITH"},{"data":"Hello World","floor":32.0,"key":"SMITH"},{"floor":40,"key":"RECALL"}],"circlet_count":0,"master_deck":["AscendersBane","Strike_B+1","Strike_B+1","Strike_B+1","Defend_B+1","Defend_B+1","Defend_B+1","Zap","Dualcast","Go for the Eyes","Self Repair+1","Melter","Darkness+1","Rainbow+1","Aggregate+1","Leap+1","Fission+1","Electrodynamics","Compile Driver","Barrage","Stack+1","Storm+1","Turbo+1","Hello World+1","Hologram+1","Hello World","Meteor Strike","Storm","Stack+1","White Noise+1"],"relics":["Cracked Core","NeowsBlessing","Mango","Toxic Egg 2","MealTicket","Eternal Feather","ClockworkSouvenir","Inserter","CeramicFish","FaceOfCleric","TungstenRod","Meat on the Bone","Pantograph","Cursed Key"],"acts_visited":["Exordium","TheCity","TheBeyond"],"potions_floor_usage":[],"damage_taken":[{"damage":0.0,"enemies":"2 Louse","floor":1.0,"turns":1.0},{"damage":0.0,"enemies":"Jaw Worm","floor":2.0,"turns":1.0},{"damage":0.0,"enemies":"Small Slimes","floor":4.0,"turns":1.0},{"damage":12.0,"enemies":"2 Fungi Beasts","floor":5.0,"turns":3.0},{"damage":57.0,"enemies":"Gremlin Nob","floor":8.0,"turns":5.0},{"damage":23.0,"enemies":"3 Sentries","floor":11.0,"turns":6.0},{"damage":24.0,"enemies":"Lots of Slimes","floor":12.0,"turns":6.0},{"damage":54.0,"enemies":"The Guardian","floor":16.0,"turns":11.0},{"damage":17.0,"enemies":"2 Thieves","floor":18.0,"turns":3.0},{"damage":30.0,"enemies":"Shell Parasite","floor":22.0,"turns":7.0},{"damage":15.0,"enemies":"Gremlin Leader","floor":24.0,"turns":7.0},{"damage":12.0,"enemies":"Centurion and Healer","floor":27.0,"turns":10.0},{"damage":56.0,"enemies":"Book of Stabbing","floor":30.0,"turns":7.0},{"damage":42.0,"enemies":"Snecko","floor":31.0,"turns":7.0},{"damage":25.0,"enemies":"Automaton","floor":33.0,"turns":9.0},{"damage":13.0,"enemies":"3 Shapes","floor":35.0,"turns":4.0},{"damage":19.0,"enemies":"Orb Walker","floor":37.0,"turns":4.0},{"damage":19.0,"enemies":"4 Shapes","floor":38.0,"turns":7.0},{"damage":80,"enemies":"Reptomancer","floor":41,"turns":3}],"seed_played":"-5679730064640917997","potions_obtained":[{"floor":1.0,"key":"Explosive Potion"},{"floor":2.0,"key":"CultistPotion"},{"floor":4.0,"key":"FairyPotion"},{"floor":22.0,"key":"EssenceOfSteel"},{"floor":24.0,"key":"AttackPotion"},{"floor":31.0,"key":"PowerPotion"},{"floor":33.0,"key":"Dexterity Potion"},{"floor":37.0,"key":"CultistPotion"}],"is_trial":false,"path_per_floor":["M","M","?","M","M","R","?","E","T","R","E","M","?","$","R","B",null,"M","?","?","?","M","R","E","$","T","M","?","R","E","M","R","B",null,"M","?","M","M","?","R","E"],"character_chosen":"DEFECT","items_purchased":["ClockworkSouvenir","Fission+1","Storm","Turbo+1"],"campfire_rested":1,"item_purchase_floors":[14,14,25,25],"current_hp_per_floor":[64,64,64,71,66,66,71,35,35,62,46,29,18,33,42,26,74,67,67,67,67,48,60,56,71,71,70,70,85,52,33,48,69,89,87,87,69,61,61,79,0,0],"gold":255,"neow_bonus":"THREE_ENEMY_KILL","is_daily":false,"chose_seed":false,"campfire_upgraded":5,"win_rate":0.0,"timestamp":1613410471,"path_taken":["M","M","?","M","M","R","?","E","T","R","E","M","?","$","R","BOSS","M","?","?","?","?","R","E","?","T","M","?","R","E","M","R","BOSS","M","?","M","M","?","R","E"],"items_purchased_type":["Relic","Card","Card","Card"],"build_version":"2020-12-22","purchased_purges":0,"victory":false,"max_hp_per_floor":[71,71,71,71,71,71,76,90,90,90,90,90,90,90,90,90,90,90,90,90,90,91,91,92,92,92,93,93,93,94,95,95,96,96,97,97,98,99,99,99,99,99],"relic_stats":{"Inserter":[34],"FaceOfCleric":9,"counters":[19,102],"CeramicFish":99,"Pantograph":25,"MealTicket":30,"Eternal Feather":69,"Cursed Key":0,"obtain_stats":[{"Inserter":17,"NeowsBlessing":0,"CeramicFish":19,"Mango":8,"Eternal Feather":13,"Cursed Key":34,"ClockworkSouvenir":14,"FaceOfCleric":21,"Pantograph":30,"MealTicket":11,"Toxic Egg 2":9,"Cracked Core":0,"TungstenRod":24,"Meat on the Bone":26},{"Inserter":8,"NeowsBlessing":0,"CeramicFish":9,"Mango":5,"Eternal Feather":7,"Cursed Key":15,"ClockworkSouvenir":7,"FaceOfCleric":9,"Pantograph":13,"MealTicket":6,"Toxic Egg 2":5,"Cracked Core":0,"TungstenRod":11,"Meat on the Bone":11},{"Inserter":34,"NeowsBlessing":0,"CeramicFish":37,"Mango":11,"Eternal Feather":23,"Cursed Key":84,"ClockworkSouvenir":23,"FaceOfCleric":37,"Pantograph":68,"MealTicket":17,"Toxic Egg 2":11,"Cracked Core":0,"TungstenRod":51,"Meat on the Bone":51}],"TungstenRod":32,"Meat on the Bone":24},"card_choices":[{"not_picked":["Aggregate","Storm"],"picked":"Go for the Eyes","floor":1.0},{"not_picked":["Hologram","Turbo"],"picked":"Self Repair","floor":2.0},{"not_picked":["Redo","Conserve Battery"],"picked":"Melter","floor":4.0},{"not_picked":["Turbo","Double Energy"],"picked":"Darkness","floor":5.0},{"not_picked":["Leap","Rebound"],"picked":"Rainbow","floor":8.0},{"not_picked":["Conserve Battery+1","Compile Driver"],"picked":"Aggregate+1","floor":11.0},{"not_picked":["Ball Lightning","Sunder"],"picked":"Leap+1","floor":12.0},{"not_picked":["Hyperbeam","Buffer"],"picked":"Electrodynamics","floor":16.0},{"not_picked":["Ball Lightning","Cold Snap"],"picked":"Compile Driver","floor":18.0},{"not_picked":["Double Energy+1","Cold Snap"],"picked":"Barrage","floor":22.0},{"not_picked":["Force Field+1","Streamline"],"picked":"Stack+1","floor":24.0},{"not_picked":["Heatsinks","Steam+1"],"picked":"Hello World","floor":27.0},{"not_picked":["All For One","Melter"],"picked":"Hologram+1","floor":30.0},{"not_picked":["Ball Lightning","Lockon"],"picked":"Hello World","floor":31.0},{"not_picked":["Thunder Strike","All For One"],"picked":"Meteor Strike","floor":33.0},{"not_picked":["Sweeping Beam","Redo+1"],"picked":"Storm","floor":35.0},{"not_picked":["Ball Lightning","Sunder"],"picked":"Stack+1","floor":37.0},{"not_picked":["Conserve Battery+1","Compile Driver"],"picked":"White Noise+1","floor":38}],"player_experience":2904090,"relics_obtained":[{"floor":8.0,"key":"Mango"},{"floor":9.0,"key":"Toxic Egg 2"},{"floor":11.0,"key":"MealTicket"},{"floor":24.0,"key":"TungstenRod"},{"floor":26.0,"key":"Meat on the Bone"},{"floor":30.0,"key":"Pantograph"}],"event_choices":[{"damage_healed":0.0,"max_hp_gain":0.0,"max_hp_loss":0.0,"gold_gain":0.0,"event_name":"Liars Game","player_choice":"Ignored","floor":3.0,"gold_loss":0.0,"damage_taken":0.0},{"damage_healed":0.0,"max_hp_gain":5.0,"max_hp_loss":0.0,"gold_gain":0.0,"event_name":"Big Fish","player_choice":"Donut","floor":7.0,"gold_loss":0.0,"damage_taken":0.0},{"damage_healed":0.0,"max_hp_gain":0.0,"max_hp_loss":0.0,"gold_gain":0.0,"event_name":"Scrap Ooze","player_choice":"Success","floor":13.0,"gold_loss":0.0,"damage_taken":11.0,"relics_obtained":["Eternal Feather"]},{"damage_healed":0.0,"max_hp_gain":0.0,"max_hp_loss":0.0,"gold_gain":0.0,"event_name":"Addict","player_choice":"Obtained Relic","floor":19.0,"gold_loss":85.0,"damage_taken":0.0,"relics_obtained":["CeramicFish"]},{"damage_healed":0.0,"max_hp_gain":0.0,"max_hp_loss":0.0,"gold_gain":0.0,"event_name":"Back to Basics","player_choice":"Simplicity","floor":20.0,"gold_loss":0.0,"damage_taken":0.0,"cards_upgraded":["Strike_B","Strike_B","Strike_B","Strike_B","Defend_B","Defend_B","Defend_B","Defend_B"]},{"damage_healed":0.0,"max_hp_gain":0.0,"max_hp_loss":0.0,"gold_gain":0.0,"event_name":"FaceTrader","player_choice":"Trade","floor":21.0,"gold_loss":0.0,"damage_taken":0.0,"relics_obtained":["FaceOfCleric"]},{"cards_removed":["Strike_B"],"damage_healed":0.0,"max_hp_gain":0.0,"max_hp_loss":0.0,"gold_gain":0.0,"event_name":"Beggar","player_choice":"Gave Gold","floor":28.0,"gold_loss":75.0,"damage_taken":0.0},{"damage_healed":0.0,"max_hp_gain":0.0,"max_hp_loss":0.0,"gold_gain":0.0,"event_name":"Tomb of Lord Red Mask","player_choice":"Ignored","floor":36.0,"gold_loss":0.0,"damage_taken":0.0},{"cards_removed":["Defend_B"],"damage_healed":0,"gold_gain":0,"player_choice":"Removed Skill","damage_taken":0,"max_hp_gain":0,"max_hp_loss":0,"event_name":"Falling","floor":39,"gold_loss":0}],"is_beta":false,"boss_relics":[{"not_picked":["Empty Cage","Tiny House"],"picked":"Inserter"},{"not_picked":["Velvet Choker","FrozenCore"],"picked":"Cursed Key"}],"items_purged_floors":[],"is_endless":false,"potions_floor_spawned":[1,2,4,22,24,31,33,37],"killed_by":"Reptomancer","ascension_level":20}}