{"host":"qxeepl7ydvsgmfdb","time":1613377686,"event":{"mods":["AchievementEnabler","BaseMod","Colored Powertips","Minty Spire (QoL Compilation)","Quick Restart","slay the spire mod where everything is the same but ironclad has a cowboy hat"],"gold_per_floor":[118,193,118,130,280,308,308,308,308,31,31,50,50,60,60,60,60],"floor_reached":16,"language":"ENG","playtime":219,"items_purged":[],"score":228,"play_id":"52c4f68f-d2b7-437b-9a74-8026403a9a92","local_time":"20210215032806","is_ascension_mode":true,"campfire_choices":[{"data":"Terror","floor":8,"key":"SMITH"},{"data":"Catalyst","floor":13,"key":"SMITH"},{"floor":15,"key":"REST"}],"circlet_count":0,"master_deck":["AscendersBane","Strike_G","Strike_G","Strike_G","Strike_G","Defend_G","Defend_G","Defend_G","Defend_G","Defend_G","Survivor","Neutralize","Terror+1","Poisoned Stab","Catalyst+1"],"relics":["Ring of the Snake","NeowsBlessing","Toy Ornithopter","Juzu Bracelet","Letter Opener","Mummified Hand"],"acts_visited":["Exordium"],"potions_floor_usage":[16,16],"damage_taken":[{"damage":0,"enemies":"Small Slimes","floor":1,"turns":1},{"damage":0,"enemies":"2 Louse","floor":4,"turns":1},{"damage":0,"enemies":"Gremlin Nob","floor":6,"turns":1},{"damage":0,"enemies":"Jaw Worm","floor":12,"turns":3},{"damage":9,"enemies":"Blue Slaver","floor":14,"turns":2},{"damage":70,"enemies":"Slime Boss","floor":16,"turns":9}],"seed_played":"6407073228346500445","potions_obtained":[{"floor":1,"key":"PowerPotion"},{"floor":12,"key":"LiquidBronze"}],"is_trial":false,"path_per_floor":["M","?","?","M","?","E","?","R","T","$","T","M","R","M","R","B"],"character_chosen":"THE_SILENT","items_purchased":["Letter Opener"],"campfire_rested":1,"item_purchase_floors":[10],"current_hp_per_floor":[59,48,48,48,48,48,48,48,48,48,48,48,48,39,58,0,0],"gold":60,"neow_bonus":"THREE_ENEMY_KILL","is_daily":false,"chose_seed":false,"campfire_upgraded":2,"win_rate":0.0,"timestamp":1613377686,"path_taken":["M","?","?","M","?","E","?","R","T","$","?","M","R","M","R","BOSS"],"items_purchased_type":["Relic"],"build_version":"2020-12-22","purchased_purges":0,"victory":false,"max_hp_per_floor":[66,66,66,66,66,66,66,66,66,66,66,66,66,66,66,66,66],"card_choices":[{"not_picked":["Bouncing Flask","Outmaneuver","PiercingWail"],"picked":"SKIP","floor":1},{"not_picked":["Deflect","Outmaneuver"],"picked":"Terror","floor":4},{"not_picked":["Sucker Punch","Deflect"],"picked":"Poisoned Stab","floor":6},{"not_picked":["Sucker Punch","Leg Sweep"],"picked":"Catalyst","floor":12},{"not_picked":["Eviscerate","Prepared","Quick Slash"],"picked":"SKIP","floor":14}],"player_experience":144376,"relics_obtained":[{"floor":6,"key":"Toy Ornithopter"},{"floor":9,"key":"Juzu Bracelet"},{"floor":11,"key":"Mummified Hand"}],"event_choices":[{"damage_healed":0,"gold_gain":75,"player_choice":"Gather Gold","damage_taken":11,"max_hp_gain":0,"max_hp_loss":0,"event_name":"World of Goop","floor":2,"gold_loss":0},{"cards_removed":["Strike_G"],"damage_healed":0,"gold_gain":0,"player_choice":"Card Removal","damage_taken":0,"max_hp_gain":0,"max_hp_loss":0,"event_name":"The Cleric","floor":3,"gold_loss":75},{"damage_healed":0,"gold_gain":150,"player_choice":"AGREE","damage_taken":0,"max_hp_gain":0,"max_hp_loss":0,"event_name":"Liars Game","floor":5,"gold_loss":0,"cards_obtained":["Doubt"]},{"cards_removed":["Doubt"],"damage_healed":0,"gold_gain":0,"player_choice":"Forget","damage_taken":0,"max_hp_gain":0,"max_hp_loss":0,"event_name":"Living Wall","floor":7,"gold_loss":0}],"is_beta":false,"boss_relics":[],"items_purged_floors":[],"is_endless":false,"potions_floor_spawned":[1,12],"killed_by":"Slime Boss","ascension_level":17}}