{"host":"79p0n9jgvmu4oxs9","time":1613396943,"event":{"mods":["AchievementEnabler","Act Like it!","BaseMod","Colored Map","Downfall","Friendly Minions","GifTheSpireLib","Hermit","Minty Spire (QoL Compilation)","Potionbrewer","Rare Cards Sparkle","StSLib"],"gold_per_floor":[99,119,133,145,158,158,181,214,214,224,124,142,142,142,155,258,258,258,358,358,373,385,410,410,410,410,410],"floor_reached":25,"language":"ENG","playtime":1695,"items_purged":[],"score":223,"play_id":"3305d4a6-4063-4d4d-8813-d353ad9dc0d0","local_time":"20210215054903","is_ascension_mode":false,"campfire_choices":[{"data":"champ:Execute","floor":1,"key":"SMITH"},{"data":"champ:MurderStrike","floor":11,"key":"SMITH"},{"floor":13,"key":"REST"},{"data":"champ:FlashCut","floor":18,"key":"SMITH"}],"circlet_count":0,"master_deck":["champ:Strike","champ:Strike","champ:Strike","champ:Defend","champ:Defend+1","champ:Defend","champ:Execute+1","champ:Taunt","champ:CalledShot","champ:StanceDance+1","champ:Haymaker","champ:MurderStrike+1","champ:FlashCut+1","champ:Duel","champ:StanceDance+1","champ:GladiatorForm","champ:BerserkersShout","champ:VampiricStrike","champ:AdrenalArmor"],"relics":["champ:ChampionCrown","War Paint","Tiny Chest","champ:LiftRelic","downfall:HeartBlessingGreen","Empty Cage","downfall:GremlinWheel","potionbrewer:ToyAutogyro","Molten Egg 2"],"acts_visited":["Exordium","TheCity"],"potions_floor_usage":[4,8,23],"damage_taken":[{"damage":10,"enemies":"Cultist","floor":2,"turns":4},{"damage":10,"enemies":"2 Louse","floor":3,"turns":3},{"damage":11,"enemies":"Jaw Worm","floor":4,"turns":5},{"damage":11,"enemies":"2 Fungi Beasts","floor":5,"turns":4},{"damage":37,"enemies":"Lagavulin","floor":8,"turns":7},{"damage":47,"enemies":"Exordium Thugs","floor":10,"turns":5},{"damage":15,"enemies":"Lots of Slimes","floor":12,"turns":6},{"damage":19,"enemies":"2 Fungi Beasts","floor":15,"turns":3},{"damage":56,"enemies":"WA_ARCHETYPE_RETAIN","floor":16,"turns":7},{"damage":47,"enemies":"WA_ARCHETYPE_RETAIN","floor":19,"turns":5},{"damage":20,"enemies":"Spheric Guardian","floor":21,"turns":4},{"damage":26,"enemies":"Chosen","floor":22,"turns":4},{"damage":43,"enemies":"Gremlin Leader","floor":23,"turns":4},{"damage":54,"enemies":"Slavers","floor":25,"turns":3}],"seed_played":"5247706601824076802","potions_obtained":[{"floor":3,"key":"GamblersBrew"},{"floor":4,"key":"Guardian:BlockOnCardUsePotion"},{"floor":19,"key":"SneckoOil"}],"is_trial":false,"path_per_floor":["R","M","M","M","M","?","T","E","?","M","R","M","R","?","M","B",null,"R","?","T","M","M","E","T","E"],"character_chosen":"THE_CHAMP","items_purchased":[],"campfire_rested":1,"item_purchase_floors":[],"current_hp_per_floor":[99,99,99,98,97,97,97,90,90,63,63,63,92,92,83,72,99,99,72,72,67,61,48,48,0,0,0],"gold":410,"neow_bonus":"TEN_PERCENT_HP_BONUS","is_daily":false,"chose_seed":false,"campfire_upgraded":3,"win_rate":0.0,"timestamp":1613396943,"path_taken":["R","M","M","?","M","?","T","E","?","M","R","M","R","?","M","BOSS","R","?","?","M","?","E","T","E"],"items_purchased_type":[],"build_version":"2020-12-22","purchased_purges":0,"victory":false,"max_hp_per_floor":[99,99,99,99,99,99,99,99,99,99,99,99,99,99,99,99,99,99,99,99,99,99,99,99,99,99,99],"card_choices":[{"not_picked":["champ:EnragedBash","champ:PreemptiveStrike"],"picked":"champ:CalledShot","floor":2},{"not_picked":["champ:Backstep","champ:Lariat"],"picked":"champ:StanceDance","floor":3},{"not_picked":["champ:EndlessRage","champ:EnGarde"],"picked":"champ:Haymaker","floor":4},{"not_picked":["champ:CrownThrow","champ:GutPunch"],"picked":"champ:MurderStrike","floor":5},{"not_picked":["champ:Haymaker","champ:RapidStrikes"],"picked":"champ:FlashCut","floor":8},{"not_picked":["champ:Parry","champ:DefensiveShout"],"picked":"champ:Duel","floor":10},{"not_picked":["champ:RapidStrikes","champ:SkillfulDodge","champ:Backstep"],"picked":"SKIP","floor":12},{"not_picked":["champ:BerserkersShout","champ:FlashCut","champ:Parry"],"picked":"SKIP","floor":15},{"not_picked":["champ:ShieldThrow","champ:Devastate"],"picked":"champ:GladiatorForm","floor":16},{"not_picked":["champ:EnGarde","champ:StanceDance+1"],"picked":"champ:BerserkersShout","floor":21},{"not_picked":["champ:EnGarde","champ:PreemptiveStrike+1"],"picked":"champ:VampiricStrike","floor":22},{"not_picked":["champ:TornadoPunch","champ:RisingSlash+1"],"picked":"champ:AdrenalArmor","floor":23}],"player_experience":862354,"relics_obtained":[{"floor":7,"key":"War Paint"},{"floor":8,"key":"Tiny Chest"},{"floor":19,"key":"downfall:GremlinWheel"},{"floor":23,"key":"potionbrewer:ToyAutogyro"},{"floor":24,"key":"Molten Egg 2"}],"event_choices":[],"is_beta":false,"boss_relics":[{"not_picked":["Fusion Hammer","Runic Dome"],"picked":"Empty Cage"}],"items_purged_floors":[],"is_endless":false,"potions_floor_spawned":[3,4,19],"killed_by":"Slavers","ascension_level":0}}