{"host":"or8fr2mp0k3eluj8","time":1613358451,"event":{"mods":["AchievementEnabler","BaseMod","Colored Map","DeckTracker","Minty Spire (QoL Compilation)","SuperFastMode"],"gold_per_floor":[110,110,35,45,45,77,95,47,47,63,76,76,76,92,92,193,193,210,210,210,228,327,327,327,327],"floor_reached":24,"language":"KOR","playtime":1079,"items_purged":["Defend_P"],"score":221,"play_id":"f3d7de31-8f02-4aef-8891-3b1e66ceaf64","local_time":"20210215120731","is_ascension_mode":false,"campfire_choices":[{"data":"Eruption","floor":12,"key":"SMITH"},{"data":"Adaptation","floor":15,"key":"SMITH"},{"floor":23,"key":"REST"}],"circlet_count":0,"master_deck":["Eruption+1","Vigilance+1","MentalFortress","EmptyBody","Halt","CrushJoints","Adaptation+1","Vault","Indignation","WheelKick","Fasting2","CutThroughFate","DevaForm","SignatureMove"],"relics":["PureWater","NeowsBlessing","Pocketwatch","War Paint","Pandora\u0027s Box","Enchiridion"],"acts_visited":["Exordium","TheCity"],"potions_floor_usage":[16,18,24,24],"damage_taken":[{"damage":0,"enemies":"Jaw Worm","floor":1,"turns":1},{"damage":0,"enemies":"Cultist","floor":4,"turns":1},{"damage":0,"enemies":"Gremlin Nob","floor":6,"turns":1},{"damage":0,"enemies":"2 Louse","floor":7,"turns":3},{"damage":0,"enemies":"Large Slime","floor":10,"turns":5},{"damage":0,"enemies":"2 Fungi Beasts","floor":11,"turns":3},{"damage":0,"enemies":"Lots of Slimes","floor":14,"turns":3},{"damage":26,"enemies":"Hexaghost","floor":16,"turns":12},{"damage":16,"enemies":"Spheric Guardian","floor":18,"turns":4},{"damage":13,"enemies":"2 Thieves","floor":21,"turns":3},{"damage":53,"enemies":"Slavers","floor":24,"turns":4}],"seed_played":"9185887775085194777","potions_obtained":[{"floor":1,"key":"BlessingOfTheForge"},{"floor":6,"key":"Weak Potion"},{"floor":7,"key":"DuplicationPotion"},{"floor":14,"key":"AttackPotion"},{"floor":18,"key":"LiquidMemories"},{"floor":21,"key":"LiquidBronze"}],"is_trial":false,"path_per_floor":["M","?","$","M","$","E","M","$","T","M","M","R","?","M","R","B",null,"M","?","?","M","?","R","E"],"character_chosen":"WATCHER","items_purchased":["CrushJoints"],"campfire_rested":1,"item_purchase_floors":[8],"current_hp_per_floor":[72,72,72,72,72,72,72,72,72,72,72,72,72,72,72,46,72,56,56,40,27,27,48,0,0],"gold":327,"neow_bonus":"THREE_ENEMY_KILL","is_daily":false,"chose_seed":false,"campfire_upgraded":2,"win_rate":0.0,"timestamp":1613358451,"path_taken":["M","?","$","M","$","E","M","?","T","?","M","R","?","M","R","BOSS","M","?","?","M","?","R","E"],"items_purchased_type":["Card"],"build_version":"2020-12-22","purchased_purges":1,"victory":false,"max_hp_per_floor":[72,72,72,72,72,72,72,72,72,72,72,72,72,72,72,72,72,72,72,72,72,72,72,72,72],"card_choices":[{"not_picked":["Evaluate","EmptyBody"],"picked":"MentalFortress","floor":1},{"not_picked":["Swivel","Nirvana"],"picked":"EmptyBody","floor":4},{"not_picked":["PathToVictory","Evaluate","CutThroughFate"],"picked":"SKIP","floor":6},{"not_picked":["Weave","SignatureMove"],"picked":"Halt","floor":7},{"not_picked":["LikeWater","SashWhip","Worship"],"picked":"SKIP","floor":10},{"not_picked":["ReachHeaven","CutThroughFate","Prostrate"],"picked":"SKIP","floor":11},{"not_picked":["JustLucky","FlurryOfBlows"],"picked":"Adaptation","floor":14},{"not_picked":["DevaForm","Wish"],"picked":"Vault","floor":16},{"not_picked":["FollowUp","EmptyBody","WheelKick+1"],"picked":"SKIP","floor":18},{"not_picked":["Consecrate","FollowUp","WheelKick"],"picked":"SKIP","floor":21}],"player_experience":307657,"relics_obtained":[{"floor":6,"key":"War Paint"},{"floor":20,"key":"Enchiridion"}],"event_choices":[{"damage_healed":0,"gold_gain":0,"player_choice":"Gave Potion","damage_taken":0,"relics_obtained":["Pocketwatch"],"max_hp_gain":0,"max_hp_loss":0,"event_name":"WeMeetAgain","floor":2,"gold_loss":0},{"cards_removed":["Strike_P"],"damage_healed":0,"gold_gain":0,"player_choice":"Forget","damage_taken":0,"max_hp_gain":0,"max_hp_loss":0,"event_name":"Living Wall","floor":13,"gold_loss":0},{"damage_healed":0,"gold_gain":0,"player_choice":"Ignored","damage_taken":0,"max_hp_gain":0,"max_hp_loss":0,"event_name":"Vampires","floor":19,"gold_loss":0},{"damage_healed":0,"gold_gain":0,"player_choice":"Obtained Book","damage_taken":16,"max_hp_gain":0,"max_hp_loss":0,"event_name":"Cursed Tome","floor":20,"gold_loss":0},{"damage_healed":0,"gold_gain":99,"player_choice":"Stole From Cult","damage_taken":0,"max_hp_gain":0,"max_hp_loss":0,"event_name":"Nest","floor":22,"gold_loss":0}],"is_beta":false,"boss_relics":[{"not_picked":["Empty Cage","Philosopher\u0027s Stone"],"picked":"Pandora\u0027s Box"}],"items_purged_floors":[3],"is_endless":false,"potions_floor_spawned":[1,6,7,14,18,21],"killed_by":"Slavers","ascension_level":0}}